2018.05.01 10:00:00.206,1.28526,1.28537,1.20,1.00
2018.05.01 10:00:00.714,1.28526,1.28538,1.20,1.20
2018.05.01 10:00:01.239,1.28528,1.28538,1.00,1.57
2018.05.01 10:00:01.752,1.28529,1.28539,1.00,1.57
2018.05.01 10:00:02.287,1.28528,1.28539,1.10,1.10
2018.05.01 10:00:02.598,1.28537,1.28545,1.60,1.00
2018.05.01 10:00:02.702,1.28538,1.28548,1.39,1.00
2018.05.01 10:00:03.599,1.28538,1.2855,1.76,1.95
2018.05.01 10:00:04.141,1.28538,1.28549,1.01,1.47
2018.05.01 10:00:07.040,1.28533,1.28543,1.45,1.87
2018.05.01 10:00:07.094,1.2853,1.28542,1.57,1.95
2018.05.01 10:00:07.148,1.28529,1.28541,1.57,3.00
2018.05.01 10:00:07.201,1.28529,1.28541,1.20,4.20
2018.05.01 10:00:07.713,1.28529,1.28541,1.20,4.57
2018.05.01 10:00:07.791,1.28527,1.28539,2.70,1.00
2018.05.01 10:00:07.843,1.28527,1.28537,1.50,1.12
2018.05.01 10:00:08.153,1.28525,1.28536,1.10,1.10
2018.05.01 10:00:08.837,1.28526,1.28538,1.00,1.57
2018.05.01 10:00:08.891,1.28523,1.28535,3.07,1.00
2018.05.01 10:00:09.398,1.28524,1.28536,1.00,2.32
2018.05.01 10:00:11.232,1.28529,1.28539,1.00,1.95
2018.05.01 10:00:11.285,1.2853,1.2854,1.00,1.95
2018.05.01 10:00:11.804,1.2853,1.2854,1.00,1.20
2018.05.01 10:00:12.570,1.28531,1.28541,1.00,1.50
2018.05.01 10:00:13.073,1.28531,1.28541,1.00,1.00
2018.05.01 10:00:27.980,1.28527,1.28539,3.30,1.00
2018.05.01 10:00:28.033,1.28527,1.28537,1.20,1.00
2018.05.01 10:00:28.550,1.28527,1.28537,1.00,1.10
2018.05.01 10:00:29.619,1.28525,1.28537,1.10,1.00
2018.05.01 10:00:30.088,1.28526,1.28537,1.51,1.20
2018.05.01 10:00:30.380,1.28529,1.28539,1.00,1.00
2018.05.01 10:00:30.901,1.28529,1.2854,1.41,1.00
2018.05.01 10:00:31.558,1.28529,1.2854,1.09,1.00
2018.05.01 10:00:32.071,1.2853,1.28541,1.21,1.20
2018.05.01 10:00:33.502,1.28529,1.28539,1.21,1.00
2018.05.01 10:00:34.189,1.28529,1.28539,1.00,1.20
2018.05.01 10:00:37.806,1.28528,1.2854,1.00,1.57
2018.05.01 10:00:37.910,1.28528,1.2854,1.87,1.95
2018.05.01 10:00:38.524,1.28528,1.2854,2.11,1.95
2018.05.01 10:00:38.786,1.2853,1.28542,1.00,2.55
2018.05.01 10:00:39.515,1.2853,1.28542,1.21,3.45
2018.05.01 10:00:44.291,1.28531,1.28543,1.12,1.95
2018.05.01 10:00:44.446,1.28533,1.28543,1.00,1.50
2018.05.01 10:00:46.804,1.28532,1.28545,1.39,1.20
2018.05.01 10:00:46.959,1.28534,1.28544,1.00,1.00
2018.05.01 10:00:47.558,1.28532,1.28542,1.00,1.50
2018.05.01 10:00:48.066,1.28531,1.28541,1.00,1.10
2018.05.01 10:00:54.144,1.28533,1.28545,1.00,4.20
2018.05.01 10:00:54.351,1.28529,1.28541,1.00,1.95
2018.05.01 10:00:54.890,1.28528,1.2854,1.00,1.20
2018.05.01 10:01:00.748,1.28532,1.28541,1.00,1.10
2018.05.01 10:01:01.086,1.28534,1.28545,1.63,1.00
2018.05.01 10:01:01.774,1.28534,1.28545,2.83,1.00
2018.05.01 10:01:02.277,1.28534,1.28546,2.83,1.10
2018.05.01 10:01:03.191,1.28534,1.28546,2.83,2.32
2018.05.01 10:01:03.741,1.28534,1.28546,3.21,1.10
2018.05.01 10:01:03.793,1.28535,1.28546,1.23,1.10
2018.05.01 10:01:04.391,1.28535,1.28547,1.23,2.70
2018.05.01 10:01:05.144,1.28539,1.28548,1.00,1.57
2018.05.01 10:01:05.404,1.28544,1.28555,1.00,1.20
2018.05.01 10:01:06.312,1.28547,1.28557,1.00,2.92
2018.05.01 10:01:06.417,1.28547,1.28557,1.00,1.57
2018.05.01 10:01:07.629,1.28548,1.28558,1.00,2.70
2018.05.01 10:01:09.388,1.28549,1.28558,1.00,1.50
2018.05.01 10:01:09.543,1.28554,1.28563,1.00,1.45
2018.05.01 10:01:09.595,1.28554,1.28564,1.00,1.57
2018.05.01 10:01:09.699,1.28554,1.28565,1.00,1.57
2018.05.01 10:01:10.017,1.28554,1.28563,1.00,1.45
2018.05.01 10:01:10.551,1.28554,1.28564,1.00,1.20
2018.05.01 10:01:13.709,1.28554,1.28563,1.00,1.45
2018.05.01 10:01:13.761,1.28552,1.28563,1.00,1.45
2018.05.01 10:01:14.281,1.28552,1.28563,1.00,1.45
2018.05.01 10:01:19.707,1.2855,1.28562,1.87,1.20
2018.05.01 10:01:19.817,1.2855,1.28561,1.00,1.45
2018.05.01 10:01:20.492,1.28548,1.28559,1.00,1.45
2018.05.01 10:01:20.883,1.28548,1.28557,1.00,1.45
2018.05.01 10:01:21.488,1.28547,1.28557,1.00,1.45
2018.05.01 10:01:24.568,1.28543,1.28555,2.70,1.50
2018.05.01 10:01:24.632,1.28543,1.28553,1.00,1.45
2018.05.01 10:01:24.978,1.28541,1.28552,1.87,1.20
2018.05.01 10:01:26.489,1.28541,1.28551,1.00,1.45
2018.05.01 10:01:27.101,1.28541,1.2855,1.00,1.45
2018.05.01 10:01:27.207,1.28541,1.28551,1.00,1.00
2018.05.01 10:01:28.809,1.28541,1.28552,1.00,2.32
2018.05.01 10:01:29.982,1.28541,1.28551,1.10,1.50
2018.05.01 10:01:30.536,1.28541,1.28552,1.20,1.10
2018.05.01 10:01:30.938,1.28543,1.28554,1.00,1.20
2018.05.01 10:01:31.042,1.28544,1.28556,1.00,1.57
2018.05.01 10:01:33.314,1.2855,1.28557,2.85,1.10
2018.05.01 10:01:33.367,1.28549,1.28561,1.95,1.00
2018.05.01 10:01:33.419,1.28551,1.28562,1.00,1.20
2018.05.01 10:01:33.922,1.28552,1.28564,1.10,1.07
2018.05.01 10:01:34.067,1.28553,1.28566,1.12,4.20
2018.05.01 10:01:36.322,1.28552,1.28563,1.12,1.50
2018.05.01 10:01:36.891,1.28552,1.28563,1.00,2.70
2018.05.01 10:01:37.201,1.28554,1.28564,1.00,1.00
2018.05.01 10:01:37.710,1.28555,1.28564,1.00,1.00
2018.05.01 10:01:38.719,1.28555,1.28565,1.00,1.57
2018.05.01 10:01:39.405,1.28554,1.28566,1.00,2.32
2018.05.01 10:01:39.718,1.28561,1.28571,1.00,1.45
2018.05.01 10:01:39.769,1.28561,1.28571,1.00,1.00
2018.05.01 10:01:40.026,1.2856,1.28569,1.00,1.45
2018.05.01 10:01:40.183,1.28556,1.28567,1.00,2.32
2018.05.01 10:01:40.236,1.28554,1.28564,1.00,1.95
2018.05.01 10:01:40.778,1.28553,1.28564,1.00,1.45
2018.05.01 10:01:43.524,1.28553,1.28564,1.00,1.57
2018.05.01 10:01:46.353,1.28557,1.28564,1.00,1.45
2018.05.01 10:01:46.457,1.28557,1.28566,1.00,1.57
2018.05.01 10:01:46.979,1.28557,1.28566,1.00,1.57
2018.05.01 10:01:52.885,1.28557,1.28566,1.00,1.45
2018.05.01 10:01:53.405,1.28557,1.28566,1.00,1.45
2018.05.01 10:01:56.889,1.28557,1.28566,1.50,1.45
2018.05.01 10:01:56.941,1.28559,1.28567,1.00,1.95
2018.05.01 10:01:57.462,1.28557,1.28567,1.00,3.07
2018.05.01 10:01:59.726,1.28556,1.28566,1.00,1.57
2018.05.01 10:01:59.890,1.28556,1.28567,1.00,1.10
2018.05.01 10:02:03.295,1.28557,1.2857,2.62,3.67
2018.05.01 10:02:03.351,1.28559,1.28569,1.00,2.32
2018.05.01 10:02:05.126,1.28557,1.28568,1.00,1.95
2018.05.01 10:02:06.211,1.28561,1.2857,1.00,2.32
2018.05.01 10:02:06.322,1.28562,1.28572,1.00,1.20
2018.05.01 10:02:06.689,1.28564,1.28574,1.00,1.10
2018.05.01 10:02:08.129,1.28564,1.28574,1.00,1.47
2018.05.01 10:02:09.155,1.28564,1.28571,1.00,1.00
2018.05.01 10:02:09.261,1.28551,1.28561,1.10,1.50
2018.05.01 10:02:09.314,1.2855,1.28559,1.00,1.00
2018.05.01 10:02:09.627,1.28544,1.28556,1.00,2.70
2018.05.01 10:02:09.704,1.28544,1.28551,1.00,2.25
2018.05.01 10:02:09.757,1.28541,1.2855,1.00,1.00
2018.05.01 10:02:10.288,1.2854,1.2855,1.00,1.57
2018.05.01 10:02:21.932,1.28541,1.28552,1.91,1.20
2018.05.01 10:02:22.081,1.28549,1.28559,1.87,1.10
2018.05.01 10:02:22.185,1.28549,1.28563,2.05,4.20
2018.05.01 10:02:22.497,1.28549,1.28559,2.20,1.00
2018.05.01 10:02:22.550,1.28549,1.28559,2.22,1.00
2018.05.01 10:02:23.089,1.28549,1.28559,1.00,1.57
2018.05.01 10:02:25.414,1.28548,1.28559,1.76,1.10
2018.05.01 10:02:25.467,1.2855,1.28562,1.00,1.45
2018.05.01 10:02:25.796,1.28551,1.28562,1.00,1.50
2018.05.01 10:02:26.803,1.28552,1.28564,1.20,2.14
2018.05.01 10:02:26.856,1.28554,1.28566,1.00,2.32
2018.05.01 10:02:27.229,1.28553,1.28564,1.00,1.57
2018.05.01 10:02:27.664,1.28549,1.28559,1.95,1.00
2018.05.01 10:02:27.725,1.28549,1.28559,1.00,2.32
2018.05.01 10:02:28.278,1.28549,1.28559,1.00,3.07
2018.05.01 10:02:32.980,1.28549,1.2856,1.00,3.82
2018.05.01 10:02:33.486,1.28549,1.2856,1.00,3.45
2018.05.01 10:02:34.860,1.28549,1.2856,1.60,3.45
2018.05.01 10:02:35.015,1.28554,1.28565,1.00,1.07
2018.05.01 10:02:35.275,1.28551,1.28564,1.20,2.70
2018.05.01 10:02:35.920,1.28551,1.28565,1.12,1.95
2018.05.01 10:02:35.995,1.28554,1.28565,1.00,1.95
2018.05.01 10:02:37.403,1.28555,1.28565,1.00,1.20
2018.05.01 10:02:37.914,1.28555,1.28565,1.00,1.10
2018.05.01 10:02:41.734,1.28556,1.28567,1.00,2.32
2018.05.01 10:02:42.389,1.28556,1.28568,1.00,6.07
2018.05.01 10:02:48.600,1.28557,1.28568,1.00,7.20
2018.05.01 10:02:49.524,1.28557,1.28568,1.00,3.07
2018.05.01 10:02:49.630,1.28564,1.28573,1.60,1.10
2018.05.01 10:02:49.849,1.28566,1.28576,1.00,1.95
2018.05.01 10:02:51.100,1.28566,1.28575,1.00,1.00
2018.05.01 10:02:51.605,1.28566,1.28574,1.00,1.69
2018.05.01 10:02:51.656,1.28564,1.28574,1.00,1.31
2018.05.01 10:02:56.106,1.28564,1.28575,1.00,1.10
2018.05.01 10:02:56.776,1.28565,1.28576,1.00,4.20
2018.05.01 10:02:57.992,1.28565,1.28575,1.00,1.07
2018.05.01 10:02:58.704,1.28565,1.28576,1.00,3.07
2018.05.01 10:03:01.153,1.28565,1.28576,1.00,1.95
2018.05.01 10:03:02.714,1.28567,1.28576,1.00,1.95
2018.05.01 10:03:03.237,1.28572,1.28578,1.00,1.45
2018.05.01 10:03:03.290,1.28572,1.28582,1.00,1.10
2018.05.01 10:03:03.393,1.28574,1.28583,1.00,1.20
2018.05.01 10:03:13.044,1.28574,1.28581,1.00,1.20
2018.05.01 10:03:13.549,1.28574,1.28581,1.00,1.45
2018.05.01 10:03:15.767,1.28574,1.2858,1.00,1.20
2018.05.01 10:03:16.293,1.28574,1.28581,1.00,1.45
2018.05.01 10:03:19.604,1.28572,1.28579,1.00,1.20
2018.05.01 10:03:19.707,1.28572,1.2858,1.00,1.20
2018.05.01 10:03:25.044,1.28572,1.28581,1.00,1.45
2018.05.01 10:03:25.561,1.28575,1.28582,1.00,1.45
2018.05.01 10:03:25.780,1.28575,1.28584,1.00,2.32
2018.05.01 10:03:25.831,1.28572,1.28584,1.00,2.32
2018.05.01 10:03:26.301,1.28575,1.28584,1.00,1.45
2018.05.01 10:03:26.353,1.28573,1.28584,3.00,1.57
2018.05.01 10:03:26.871,1.28572,1.28583,2.44,1.45
2018.05.01 10:03:28.576,1.28573,1.28583,1.19,1.45
2018.05.01 10:03:28.681,1.28574,1.28586,1.69,1.45
2018.05.01 10:03:29.878,1.28573,1.28585,1.10,1.07
2018.05.01 10:03:29.982,1.28572,1.28583,1.50,1.45
2018.05.01 10:03:30.854,1.28571,1.28583,2.62,1.45
2018.05.01 10:03:30.959,1.28569,1.28583,1.31,2.89
2018.05.01 10:03:31.493,1.28569,1.28581,1.12,1.45
2018.05.01 10:03:33.581,1.28568,1.2858,3.00,1.45
2018.05.01 10:03:34.161,1.28568,1.2858,1.12,2.32
2018.05.01 10:03:34.470,1.28565,1.28577,1.30,1.20
2018.05.01 10:03:35.399,1.28564,1.28577,6.22,1.45
2018.05.01 10:03:36.183,1.28565,1.28577,1.00,1.45
2018.05.01 10:03:37.233,1.28564,1.28576,1.72,1.07
2018.05.01 10:03:37.562,1.28559,1.2857,1.00,1.45
2018.05.01 10:03:40.757,1.28556,1.28566,1.87,1.00
2018.05.01 10:03:40.808,1.28556,1.28568,3.37,3.07
2018.05.01 10:03:40.860,1.28556,1.28567,3.37,1.95
2018.05.01 10:03:41.366,1.28556,1.28567,2.62,1.95
2018.05.01 10:03:41.907,1.28557,1.28568,4.91,1.45
2018.05.01 10:03:42.428,1.28558,1.28568,1.00,1.20
2018.05.01 10:03:42.944,1.28557,1.28567,4.35,1.45
2018.05.01 10:03:45.863,1.28557,1.28568,2.10,1.20
2018.05.01 10:03:49.601,1.2856,1.28569,1.05,1.45
2018.05.01 10:03:49.704,1.28558,1.28569,1.50,1.95
2018.05.01 10:03:50.273,1.28558,1.28568,1.50,1.45
2018.05.01 10:03:51.779,1.28558,1.28568,1.00,1.45
2018.05.01 10:03:52.362,1.28557,1.28569,3.00,1.57
2018.05.01 10:03:53.255,1.28561,1.28569,1.00,1.45
2018.05.01 10:03:53.307,1.2856,1.28572,1.00,3.07
2018.05.01 10:03:53.831,1.2856,1.28572,1.25,3.07
2018.05.01 10:03:55.347,1.28562,1.28572,1.00,1.45
2018.05.01 10:03:55.880,1.28562,1.28572,1.00,1.45
2018.05.01 10:03:57.199,1.28563,1.28572,1.00,1.45
2018.05.01 10:03:58.488,1.28563,1.28573,1.00,1.20
2018.05.01 10:03:59.766,1.28563,1.28574,1.00,1.20
2018.05.01 10:04:00.212,1.28565,1.28574,1.00,1.45
2018.05.01 10:04:01.001,1.28566,1.28575,2.25,1.45
2018.05.01 10:04:01.055,1.28566,1.28578,2.85,1.45
2018.05.01 10:04:01.316,1.2857,1.28577,1.50,1.45
2018.05.01 10:04:01.368,1.2857,1.28579,1.50,1.45
2018.05.01 10:04:01.470,1.2857,1.28581,1.00,1.45
2018.05.01 10:04:03.047,1.2857,1.28581,1.00,1.45
2018.05.01 10:04:03.256,1.2857,1.28579,1.00,1.45
2018.05.01 10:04:03.514,1.28567,1.28578,1.00,1.20
2018.05.01 10:04:08.394,1.28566,1.28577,1.00,1.07
2018.05.01 10:04:08.600,1.28566,1.28576,1.00,1.45
2018.05.01 10:04:09.183,1.28566,1.28576,1.00,1.45
2018.05.01 10:04:14.432,1.28571,1.28581,1.25,1.10
2018.05.01 10:04:14.980,1.28572,1.28583,1.00,2.32
2018.05.01 10:04:19.609,1.28572,1.28583,1.10,1.10
2018.05.01 10:04:23.340,1.28573,1.28585,1.10,1.20
2018.05.01 10:04:23.392,1.28575,1.28585,1.00,2.32
2018.05.01 10:04:23.701,1.28579,1.28589,1.00,1.95
2018.05.01 10:04:24.223,1.28579,1.28589,1.00,1.95
2018.05.01 10:04:24.789,1.28579,1.28587,1.00,1.00
2018.05.01 10:04:25.332,1.28579,1.28589,1.00,1.12
2018.05.01 10:04:26.277,1.2858,1.28589,1.00,1.12
2018.05.01 10:04:28.366,1.2858,1.2859,1.00,1.57
2018.05.01 10:04:32.194,1.2858,1.2859,1.09,1.10
2018.05.01 10:04:32.699,1.2858,1.2859,1.00,1.20
2018.05.01 10:04:36.208,1.2858,1.2859,1.09,1.95
2018.05.01 10:04:36.748,1.2858,1.2859,1.00,1.20
2018.05.01 10:04:37.832,1.28575,1.28587,2.70,3.00
2018.05.01 10:04:37.989,1.28573,1.28584,1.00,1.57
2018.05.01 10:04:38.501,1.28573,1.28582,1.00,1.00
2018.05.01 10:04:44.025,1.28573,1.28584,1.00,2.32
2018.05.01 10:04:44.129,1.2857,1.28576,1.57,1.50
2018.05.01 10:04:44.181,1.28568,1.28578,1.00,1.20
2018.05.01 10:04:44.285,1.28566,1.28576,1.00,1.00
2018.05.01 10:04:44.797,1.28566,1.28576,1.00,1.20
2018.05.01 10:04:45.313,1.28566,1.28576,1.50,1.50
2018.05.01 10:04:45.364,1.28569,1.28577,1.00,1.50
2018.05.01 10:04:45.416,1.2857,1.28581,1.00,1.10
2018.05.01 10:04:46.003,1.2857,1.28583,1.99,1.95
2018.05.01 10:04:46.963,1.28572,1.28583,1.00,1.20
2018.05.01 10:04:48.033,1.28574,1.28582,1.00,1.10
2018.05.01 10:05:01.561,1.28579,1.28586,1.00,1.20
2018.05.01 10:05:01.613,1.2858,1.28588,1.00,1.00
2018.05.01 10:05:03.167,1.28577,1.28587,1.00,1.00
2018.05.01 10:05:03.273,1.28574,1.28586,1.10,2.32
2018.05.01 10:05:12.591,1.28575,1.28586,1.10,1.57
2018.05.01 10:05:12.643,1.28577,1.28589,1.00,2.70
2018.05.01 10:05:12.695,1.28578,1.28589,1.00,1.95
2018.05.01 10:05:13.199,1.28578,1.28589,1.25,1.50
2018.05.01 10:05:19.375,1.2858,1.28589,1.00,1.00
2018.05.01 10:05:19.911,1.2858,1.2859,1.00,2.32
2018.05.01 10:05:20.924,1.28581,1.28591,1.00,1.57
2018.05.01 10:05:22.043,1.28581,1.28592,2.25,1.87
2018.05.01 10:05:22.627,1.28581,1.28591,2.25,1.00
2018.05.01 10:05:23.169,1.28581,1.28592,2.25,1.87
2018.05.01 10:05:24.244,1.28581,1.2859,1.50,1.00
2018.05.01 10:05:28.441,1.28582,1.2859,1.00,1.00
2018.05.01 10:05:28.753,1.28589,1.28599,1.00,1.00
2018.05.01 10:05:30.520,1.28588,1.28599,1.00,1.00
2018.05.01 10:05:32.546,1.28586,1.28598,1.95,1.00
2018.05.01 10:05:33.056,1.28586,1.28598,1.57,1.50
2018.05.01 10:05:34.426,1.28584,1.28595,1.20,1.00
2018.05.01 10:05:35.087,1.28584,1.28595,1.00,1.00
2018.05.01 10:05:35.467,1.28581,1.2859,1.45,1.00
2018.05.01 10:05:35.570,1.28581,1.2859,1.00,1.00
2018.05.01 10:05:36.501,1.28579,1.2859,1.50,1.00
2018.05.01 10:05:36.604,1.28577,1.28588,1.95,1.00
2018.05.01 10:05:36.708,1.28575,1.28588,2.70,1.10
2018.05.01 10:05:37.222,1.28575,1.28587,1.10,1.00
2018.05.01 10:05:40.854,1.28576,1.28588,1.50,1.10
2018.05.01 10:05:41.236,1.28578,1.28589,1.50,1.00
2018.05.01 10:05:45.397,1.28578,1.2859,3.45,1.00
2018.05.01 10:05:46.455,1.28579,1.2859,1.19,1.00
2018.05.01 10:05:47.055,1.28579,1.2859,1.25,1.00
2018.05.01 10:05:53.473,1.28579,1.2859,1.57,1.00
2018.05.01 10:05:59.861,1.28582,1.2859,1.00,1.00
2018.05.01 10:06:10.215,1.2858,1.2859,1.00,1.10
2018.05.01 10:06:15.221,1.28582,1.28591,1.00,1.00
2018.05.01 10:06:15.326,1.28582,1.28594,1.00,1.95
2018.05.01 10:06:15.437,1.28587,1.28595,1.50,1.20
2018.05.01 10:06:15.543,1.28592,1.286,1.00,1.20
2018.05.01 10:06:15.595,1.28592,1.28599,1.00,1.20
2018.05.01 10:06:16.842,1.28592,1.28599,1.00,1.20
2018.05.01 10:06:21.501,1.28592,1.28598,1.00,1.00
2018.05.01 10:06:23.626,1.28592,1.28599,1.00,2.55
2018.05.01 10:06:27.322,1.28592,1.28598,1.00,1.00
2018.05.01 10:06:27.907,1.28592,1.28599,1.00,1.95
2018.05.01 10:06:31.149,1.28594,1.28602,1.00,4.42
2018.05.01 10:06:31.481,1.28596,1.28603,1.00,1.10
2018.05.01 10:06:32.131,1.28597,1.28604,1.00,2.92
2018.05.01 10:06:34.451,1.28596,1.28604,1.00,1.57
2018.05.01 10:06:35.803,1.28595,1.28601,1.00,1.00
2018.05.01 10:06:35.908,1.28593,1.28601,1.00,3.30
2018.05.01 10:06:37.390,1.28593,1.286,1.00,1.80
2018.05.01 10:06:37.899,1.28593,1.286,1.00,1.80
2018.05.01 10:06:38.941,1.28593,1.286,1.00,3.30
2018.05.01 10:06:39.861,1.28591,1.286,1.00,4.99
2018.05.01 10:06:43.108,1.28593,1.28601,1.00,3.30
2018.05.01 10:06:43.239,1.28594,1.28602,1.00,1.20
2018.05.01 10:06:45.136,1.28594,1.28601,1.00,2.25
2018.05.01 10:06:45.525,1.28591,1.28599,1.00,1.00
2018.05.01 10:06:45.662,1.2859,1.28597,1.00,1.30
2018.05.01 10:06:46.190,1.2859,1.28596,1.00,1.80
2018.05.01 10:06:47.130,1.28588,1.28596,1.00,1.05
2018.05.01 10:06:54.086,1.28588,1.28595,1.00,1.00
2018.05.01 10:06:54.541,1.28586,1.28593,1.00,1.00
2018.05.01 10:06:55.150,1.28585,1.28592,1.00,1.12
2018.05.01 10:07:00.097,1.28585,1.28593,1.50,1.12
2018.05.01 10:07:00.704,1.28585,1.28593,1.00,3.30
2018.05.01 10:07:01.038,1.28587,1.28594,1.00,1.20
2018.05.01 10:07:04.052,1.28587,1.28595,1.00,1.57
2018.05.01 10:07:04.208,1.28591,1.28598,1.00,1.45
2018.05.01 10:07:04.260,1.28591,1.28599,1.00,1.95
2018.05.01 10:07:04.721,1.28589,1.28599,1.00,2.55
2018.05.01 10:07:05.223,1.28587,1.28597,1.00,2.47
2018.05.01 10:07:05.327,1.28587,1.28596,1.00,2.85
2018.05.01 10:07:06.504,1.28587,1.28597,1.00,2.92
2018.05.01 10:07:06.710,1.28589,1.286,1.00,2.92
2018.05.01 10:07:11.240,1.2859,1.286,1.00,2.17
2018.05.01 10:07:11.292,1.28586,1.28596,1.10,3.60
2018.05.01 10:07:11.621,1.28589,1.28598,1.00,1.00
2018.05.01 10:07:12.139,1.28589,1.28599,1.00,1.20
2018.05.01 10:07:23.596,1.28589,1.286,1.00,2.55
2018.05.01 10:07:24.159,1.28589,1.28599,1.00,1.05
2018.05.01 10:07:27.620,1.28588,1.28599,1.00,1.05
2018.05.01 10:07:38.862,1.28588,1.286,1.00,2.70
2018.05.01 10:07:39.186,1.28588,1.286,1.00,4.20
2018.05.01 10:07:41.542,1.28589,1.28599,1.00,1.20
2018.05.01 10:07:46.439,1.28589,1.286,1.00,3.30
2018.05.01 10:07:52.410,1.28589,1.28595,1.00,1.00
2018.05.01 10:07:58.884,1.28582,1.28589,2.70,1.00
2018.05.01 10:07:58.938,1.28582,1.28589,1.00,1.00
2018.05.01 10:07:58.996,1.28579,1.28586,1.20,1.00
2018.05.01 10:07:59.403,1.28577,1.28587,1.00,1.35
2018.05.01 10:07:59.507,1.28577,1.28585,1.00,1.00
2018.05.01 10:08:00.283,1.28577,1.28584,1.00,1.00
2018.05.01 10:08:00.819,1.28577,1.28585,1.00,1.10
2018.05.01 10:08:01.168,1.28574,1.28582,1.00,1.00
2018.05.01 10:08:01.485,1.2858,1.28587,1.00,1.00
2018.05.01 10:08:02.269,1.28579,1.28587,1.00,1.00
2018.05.01 10:08:05.023,1.28579,1.28588,1.00,1.50
2018.05.01 10:08:06.608,1.28578,1.28587,1.50,1.00
2018.05.01 10:08:07.147,1.28578,1.28588,1.87,1.00
2018.05.01 10:08:07.673,1.28578,1.28587,1.12,1.00
2018.05.01 10:08:22.499,1.2858,1.2859,1.00,1.50
2018.05.01 10:08:22.627,1.28582,1.2859,1.00,1.00
2018.05.01 10:08:23.296,1.28579,1.28587,1.00,1.00
2018.05.01 10:08:23.349,1.28579,1.28589,1.00,1.00
2018.05.01 10:08:24.013,1.28579,1.28588,1.00,1.10
2018.05.01 10:08:24.222,1.28577,1.28586,1.00,1.00
2018.05.01 10:08:24.482,1.28573,1.28584,1.50,1.00
2018.05.01 10:08:25.150,1.28573,1.28583,1.50,1.00
2018.05.01 10:08:25.711,1.28572,1.28583,1.10,1.10
2018.05.01 10:08:30.782,1.28572,1.28583,1.10,1.47
2018.05.01 10:08:40.563,1.28572,1.2858,1.10,1.00
2018.05.01 10:09:02.946,1.2857,1.28579,1.10,1.00
2018.05.01 10:09:03.742,1.28569,1.28579,1.00,1.00
2018.05.01 10:09:09.708,1.28568,1.28577,2.70,1.00
2018.05.01 10:09:10.341,1.28568,1.28577,2.89,1.00
2018.05.01 10:09:10.881,1.28568,1.28577,1.39,1.00
2018.05.01 10:09:13.735,1.2857,1.28577,1.00,1.00
2018.05.01 10:09:22.960,1.2857,1.28579,1.25,1.00
2018.05.01 10:09:23.564,1.28569,1.28579,1.39,1.00
2018.05.01 10:09:30.323,1.28569,1.28578,1.25,1.00
2018.05.01 10:09:31.486,1.28569,1.28578,1.19,1.00
2018.05.01 10:09:32.186,1.28569,1.28578,1.25,1.00
2018.05.01 10:09:34.456,1.28569,1.28578,1.19,1.00
2018.05.01 10:09:34.882,1.28571,1.28581,1.69,3.30
2018.05.01 10:09:34.989,1.28571,1.28583,3.07,1.87
2018.05.01 10:09:35.042,1.28573,1.28583,1.50,1.00
2018.05.01 10:09:35.668,1.28573,1.28583,1.69,1.00
2018.05.01 10:09:37.390,1.28573,1.28585,1.69,4.05
2018.05.01 10:09:37.493,1.28578,1.28589,1.57,1.10
2018.05.01 10:09:38.069,1.28579,1.2859,1.00,1.50
2018.05.01 10:09:38.868,1.28578,1.28591,2.51,3.30
2018.05.01 10:09:39.393,1.28578,1.28591,2.51,4.24
2018.05.01 10:09:40.198,1.28578,1.2859,1.76,1.00
2018.05.01 10:09:41.691,1.28579,1.28589,1.00,1.12
2018.05.01 10:09:44.273,1.28578,1.28588,1.50,1.37
2018.05.01 10:09:45.707,1.28578,1.28588,1.00,1.00
2018.05.01 10:09:46.366,1.28576,1.28587,2.70,1.10
2018.05.01 10:09:46.881,1.28576,1.28587,1.57,1.47
2018.05.01 10:09:53.305,1.28576,1.28587,1.57,2.55
2018.05.01 10:09:53.844,1.28576,1.28586,1.57,1.00
2018.05.01 10:09:55.809,1.28576,1.28586,1.00,1.57
2018.05.01 10:09:56.420,1.28576,1.28586,1.25,1.12
2018.05.01 10:09:56.924,1.28576,1.28586,1.25,1.37
2018.05.01 10:10:01.382,1.28577,1.28587,1.50,3.26
2018.05.01 10:10:01.919,1.28577,1.28589,1.87,2.92
2018.05.01 10:10:03.467,1.28577,1.28588,1.87,1.12
2018.05.01 10:10:04.013,1.28578,1.2859,1.00,4.80
2018.05.01 10:10:04.243,1.28576,1.28586,1.00,1.72
2018.05.01 10:10:04.500,1.28574,1.28586,1.10,2.92
2018.05.01 10:10:07.568,1.28574,1.28585,1.00,2.55
2018.05.01 10:10:09.329,1.28574,1.28585,1.00,2.92
2018.05.01 10:10:11.950,1.28574,1.28585,1.00,2.17
2018.05.01 10:10:12.263,1.28578,1.28588,1.00,2.92
2018.05.01 10:10:12.420,1.28579,1.28589,1.50,1.95
2018.05.01 10:10:12.992,1.28579,1.28588,1.50,1.00
2018.05.01 10:10:13.763,1.28579,1.28589,1.50,1.87
2018.05.01 10:10:17.344,1.28579,1.28589,1.00,1.95
2018.05.01 10:10:22.136,1.28579,1.28589,1.50,1.57
2018.05.01 10:10:29.682,1.28581,1.2859,1.00,2.55
2018.05.01 10:10:30.202,1.28582,1.28591,1.00,1.20
2018.05.01 10:10:36.408,1.28582,1.28592,1.00,4.80
2018.05.01 10:10:43.102,1.28582,1.28592,1.00,4.42
2018.05.01 10:10:47.225,1.28582,1.28592,1.00,1.10
2018.05.01 10:10:50.880,1.28588,1.28594,1.00,1.10
2018.05.01 10:10:50.932,1.2859,1.28598,1.00,1.00
2018.05.01 10:10:51.037,1.2859,1.286,1.50,1.10
2018.05.01 10:10:51.297,1.28592,1.286,1.00,1.42
2018.05.01 10:10:57.926,1.2859,1.286,1.50,3.67
2018.05.01 10:11:19.610,1.2859,1.286,1.00,6.30
2018.05.01 10:11:19.946,1.28588,1.28598,1.00,3.22
2018.05.01 10:11:27.176,1.2859,1.28599,1.00,2.92
2018.05.01 10:11:27.385,1.28591,1.28601,1.00,3.07
2018.05.01 10:11:27.906,1.28591,1.286,1.00,1.50
2018.05.01 10:11:28.453,1.28591,1.28601,1.00,3.07
2018.05.01 10:11:28.969,1.28591,1.286,1.00,1.50
2018.05.01 10:11:32.859,1.28591,1.286,1.00,2.10
2018.05.01 10:11:33.438,1.2859,1.28599,1.00,1.42
2018.05.01 10:11:39.203,1.28594,1.28602,1.00,2.32
2018.05.01 10:11:39.307,1.28595,1.28605,1.00,1.57
2018.05.01 10:11:39.903,1.28595,1.28605,1.00,1.57
2018.05.01 10:11:40.936,1.28594,1.28605,1.50,1.57
2018.05.01 10:11:41.472,1.28595,1.28605,1.50,1.20
2018.05.01 10:11:42.023,1.28595,1.28604,1.50,1.00
2018.05.01 10:11:42.710,1.28595,1.28605,1.50,1.20
2018.05.01 10:11:43.234,1.28595,1.28604,1.50,1.00
2018.05.01 10:11:45.863,1.28595,1.28605,1.00,1.20
2018.05.01 10:11:46.411,1.28594,1.28604,1.00,1.10
2018.05.01 10:11:47.188,1.28593,1.28605,1.50,2.32
2018.05.01 10:11:47.533,1.28593,1.28601,1.50,1.00
2018.05.01 10:11:47.587,1.28591,1.28601,1.00,3.00
2018.05.01 10:11:49.804,1.28591,1.286,1.00,1.00
2018.05.01 10:11:50.394,1.28591,1.28601,1.00,1.95
2018.05.01 10:11:50.913,1.28591,1.286,1.00,1.00
2018.05.01 10:11:51.450,1.28591,1.28601,1.00,2.70
2018.05.01 10:11:52.043,1.28592,1.286,1.00,1.00
2018.05.01 10:11:52.567,1.28591,1.286,1.00,1.00
2018.05.01 10:11:53.148,1.28591,1.28601,1.00,2.70
2018.05.01 10:11:53.694,1.28591,1.286,1.00,1.00
2018.05.01 10:11:54.301,1.28591,1.28601,1.00,2.89
2018.05.01 10:11:54.966,1.28591,1.286,1.00,1.00
2018.05.01 10:11:55.609,1.28591,1.28601,1.00,2.70
2018.05.01 10:11:56.143,1.28591,1.286,1.00,1.00
2018.05.01 10:11:57.101,1.28591,1.28601,1.00,2.70
2018.05.01 10:11:57.642,1.28591,1.286,1.00,1.00
2018.05.01 10:11:58.148,1.28591,1.28601,1.00,1.95
2018.05.01 10:11:58.658,1.28591,1.286,1.00,1.00
2018.05.01 10:11:59.169,1.28591,1.28601,1.00,1.95
2018.05.01 10:11:59.677,1.28591,1.286,1.00,1.00
2018.05.01 10:12:00.257,1.28591,1.28601,1.00,1.95
2018.05.01 10:12:00.788,1.28591,1.286,1.00,1.00
2018.05.01 10:12:01.301,1.28591,1.28601,1.00,2.70
2018.05.01 10:12:04.123,1.28591,1.286,1.00,1.00
2018.05.01 10:12:04.643,1.28591,1.28601,1.00,2.70
2018.05.01 10:12:05.194,1.28591,1.286,1.00,1.00
2018.05.01 10:12:06.439,1.28591,1.28601,1.50,2.70
2018.05.01 10:12:07.316,1.28591,1.286,1.50,1.00
2018.05.01 10:12:07.818,1.28591,1.28601,1.50,2.70
2018.05.01 10:12:08.326,1.28591,1.286,1.50,1.00
2018.05.01 10:12:27.584,1.2859,1.286,1.00,1.50
2018.05.01 10:12:33.955,1.2859,1.286,1.00,1.20
2018.05.01 10:12:34.502,1.2859,1.286,1.50,1.10
2018.05.01 10:12:38.554,1.28593,1.28602,1.00,1.20
2018.05.01 10:12:38.864,1.28595,1.28602,1.00,1.00
2018.05.01 10:12:39.348,1.28596,1.28604,1.00,1.00
2018.05.01 10:12:39.400,1.28598,1.28607,1.00,1.20
2018.05.01 10:12:40.327,1.28597,1.28608,1.00,2.32
2018.05.01 10:12:40.444,1.28599,1.28608,1.00,1.07
2018.05.01 10:12:40.966,1.28598,1.28608,1.00,1.12
2018.05.01 10:12:41.316,1.28601,1.2861,1.00,3.07
2018.05.01 10:12:41.368,1.286,1.28611,1.00,1.57
2018.05.01 10:12:41.623,1.286,1.28609,1.00,1.00
2018.05.01 10:12:42.124,1.286,1.2861,1.00,2.17
2018.05.01 10:12:42.868,1.286,1.28609,1.00,1.00
2018.05.01 10:12:44.938,1.286,1.28611,1.00,3.07
2018.05.01 10:12:48.302,1.286,1.28609,1.00,1.00
2018.05.01 10:12:48.972,1.286,1.2861,1.00,1.95
2018.05.01 10:12:49.075,1.28598,1.2861,1.00,3.45
2018.05.01 10:12:49.193,1.28598,1.2861,1.00,3.82
2018.05.01 10:12:49.970,1.28598,1.2861,1.57,3.67
2018.05.01 10:12:50.473,1.28598,1.28608,1.50,1.00
2018.05.01 10:12:50.997,1.28598,1.28609,1.50,1.95
2018.05.01 10:12:51.612,1.28598,1.28608,1.50,1.00
2018.05.01 10:12:52.150,1.28598,1.28609,1.50,3.07
2018.05.01 10:12:53.220,1.28598,1.28608,1.50,1.00
2018.05.01 10:12:53.847,1.28598,1.28609,1.50,3.07
2018.05.01 10:12:54.415,1.28598,1.28608,1.50,1.00
2018.05.01 10:12:54.970,1.28598,1.28609,1.50,2.32
2018.05.01 10:12:55.616,1.28598,1.28608,1.50,1.00
2018.05.01 10:12:56.190,1.28598,1.28609,1.50,2.32
2018.05.01 10:12:57.276,1.28598,1.28608,1.50,1.00
2018.05.01 10:12:58.070,1.28597,1.28609,1.50,5.14
2018.05.01 10:13:00.354,1.28597,1.28607,1.50,1.00
2018.05.01 10:13:01.119,1.28597,1.28607,1.00,1.39
2018.05.01 10:13:01.171,1.28594,1.28606,1.00,2.51
2018.05.01 10:13:01.279,1.28593,1.28603,1.10,1.12
2018.05.01 10:13:01.797,1.28594,1.28603,1.00,1.12
2018.05.01 10:13:02.718,1.28594,1.28604,1.00,1.20
2018.05.01 10:13:03.650,1.28595,1.28605,1.00,1.95
2018.05.01 10:13:04.186,1.28595,1.28605,1.00,1.57
2018.05.01 10:13:06.115,1.28596,1.28606,1.00,1.07
2018.05.01 10:13:06.372,1.28596,1.28608,1.00,4.57
2018.05.01 10:13:08.536,1.28596,1.28606,1.00,1.20
2018.05.01 10:13:08.742,1.28596,1.28604,1.00,1.00
2018.05.01 10:13:09.358,1.28596,1.28605,1.00,1.20
2018.05.01 10:13:09.949,1.28596,1.28604,1.00,1.00
2018.05.01 10:13:10.467,1.28596,1.28605,1.00,1.20
2018.05.01 10:13:11.123,1.28596,1.28604,1.00,1.00
2018.05.01 10:13:11.278,1.28593,1.28604,1.00,1.47
2018.05.01 10:13:12.032,1.28593,1.28604,1.50,1.00
2018.05.01 10:13:13.641,1.28593,1.28603,1.00,2.51
2018.05.01 10:13:13.693,1.28591,1.28603,1.50,3.49
2018.05.01 10:13:14.228,1.28591,1.28602,1.50,1.07
2018.05.01 10:13:17.426,1.2859,1.28601,1.50,1.57
2018.05.01 10:13:21.392,1.28589,1.28593,1.00,1.00
2018.05.01 10:13:21.445,1.28586,1.28595,1.00,1.20
2018.05.01 10:13:21.497,1.28583,1.28593,1.57,1.50
2018.05.01 10:13:21.747,1.28581,1.28593,1.50,3.07
2018.05.01 10:13:22.326,1.28582,1.28592,1.00,1.00
2018.05.01 10:13:23.062,1.28582,1.28592,1.00,3.26
2018.05.01 10:13:23.446,1.2858,1.28592,1.50,3.26
2018.05.01 10:13:24.376,1.28579,1.28591,1.00,3.82
2018.05.01 10:13:24.911,1.28579,1.2859,1.00,1.37
2018.05.01 10:13:27.794,1.28579,1.28589,1.00,1.20
2018.05.01 10:13:27.846,1.28577,1.28589,1.95,2.33
2018.05.01 10:13:27.898,1.28575,1.28586,1.00,1.45
2018.05.01 10:13:28.408,1.28574,1.28585,1.00,1.57
2018.05.01 10:13:28.717,1.28583,1.28591,1.00,1.00
2018.05.01 10:13:28.821,1.28583,1.28594,1.50,1.07
2018.05.01 10:13:28.873,1.28585,1.28595,1.00,1.45
2018.05.01 10:13:28.992,1.28586,1.28597,1.00,1.20
2018.05.01 10:13:29.727,1.28584,1.28595,1.57,1.10
2018.05.01 10:13:29.832,1.28583,1.28593,1.00,1.57
2018.05.01 10:13:29.936,1.28581,1.28593,1.00,1.37
2018.05.01 10:13:30.468,1.28581,1.28593,1.00,1.99
2018.05.01 10:13:31.509,1.28583,1.28593,1.00,1.95
2018.05.01 10:13:31.611,1.28582,1.28594,1.00,1.95
2018.05.01 10:13:32.139,1.28582,1.28594,1.00,6.67
2018.05.01 10:13:32.294,1.28582,1.28594,2.25,4.57
2018.05.01 10:13:32.557,1.28588,1.28597,1.00,1.10
2018.05.01 10:13:33.138,1.28588,1.28599,1.00,1.20
2018.05.01 10:13:34.949,1.28591,1.28601,1.00,3.45
2018.05.01 10:13:35.053,1.28593,1.28603,1.00,2.32
2018.05.01 10:13:35.260,1.28597,1.28606,1.00,1.95
2018.05.01 10:13:35.312,1.28597,1.28608,1.00,1.42
2018.05.01 10:13:44.647,1.28596,1.28607,1.00,3.68
2018.05.01 10:13:45.164,1.28596,1.28605,1.00,1.80
2018.05.01 10:13:45.692,1.28595,1.28605,1.00,1.20
2018.05.01 10:13:46.248,1.28595,1.28605,1.00,2.17
2018.05.01 10:13:47.288,1.28595,1.28605,1.00,1.20
2018.05.01 10:13:48.300,1.28596,1.28606,1.00,3.30
2018.05.01 10:13:48.508,1.28597,1.28608,1.00,1.57
2018.05.01 10:13:49.010,1.28597,1.28608,1.00,1.20
2018.05.01 10:13:49.545,1.28597,1.28608,1.00,1.32
2018.05.01 10:13:50.060,1.28598,1.28608,1.00,3.30
2018.05.01 10:13:52.912,1.28596,1.28608,1.00,2.17
2018.05.01 10:13:58.002,1.28596,1.28606,1.00,1.57
2018.05.01 10:13:58.054,1.28589,1.286,2.70,1.00
2018.05.01 10:13:58.105,1.2859,1.286,1.00,1.57
2018.05.01 10:13:58.780,1.28589,1.28601,3.45,1.10
2018.05.01 10:13:58.884,1.28594,1.28605,1.00,1.50
2018.05.01 10:13:59.407,1.28595,1.28607,1.10,1.20
2018.05.01 10:14:10.458,1.28592,1.28605,2.70,1.25
2018.05.01 10:14:10.510,1.28591,1.28601,1.45,1.00
2018.05.01 10:14:10.561,1.28591,1.28601,1.00,1.00
2018.05.01 10:14:12.759,1.28593,1.28603,1.00,1.10
2018.05.01 10:14:13.762,1.28593,1.28605,1.00,2.70
2018.05.01 10:14:14.104,1.28592,1.28603,1.00,1.20
2018.05.01 10:14:14.416,1.28595,1.28607,1.57,1.20
2018.05.01 10:14:14.924,1.28596,1.28608,1.00,4.05
2018.05.01 10:14:17.216,1.28594,1.28605,1.00,2.92
2018.05.01 10:14:17.530,1.28592,1.28602,1.00,1.20
2018.05.01 10:14:17.582,1.28591,1.28603,1.00,1.57
2018.05.01 10:14:17.847,1.28593,1.28603,1.00,1.00
2018.05.01 10:14:22.799,1.28591,1.28604,1.10,2.89
2018.05.01 10:14:23.324,1.28592,1.28604,1.00,1.76
2018.05.01 10:14:23.430,1.28592,1.28604,1.00,1.20
2018.05.01 10:14:23.687,1.28592,1.28604,1.00,4.01
2018.05.01 10:14:23.843,1.28589,1.28601,1.57,2.25
2018.05.01 10:14:23.897,1.28586,1.28595,1.00,1.00
2018.05.01 10:14:23.950,1.28584,1.28596,1.10,1.50
2018.05.01 10:14:24.169,1.28585,1.28596,1.00,1.48
2018.05.01 10:14:24.221,1.28585,1.28596,1.00,1.57
2018.05.01 10:14:24.273,1.28583,1.28594,1.00,2.10
2018.05.01 10:14:26.444,1.28585,1.28595,1.00,1.01
2018.05.01 10:14:26.599,1.28583,1.28595,1.00,1.57
2018.05.01 10:14:26.653,1.28583,1.28594,1.00,4.05
2018.05.01 10:14:27.206,1.28582,1.28593,1.00,1.76
2018.05.01 10:14:29.161,1.2858,1.28592,1.10,1.20
2018.05.01 10:14:29.711,1.28579,1.28591,1.00,2.50
2018.05.01 10:14:32.995,1.28581,1.28591,1.00,2.32
2018.05.01 10:14:33.518,1.2858,1.28591,1.00,1.07
2018.05.01 10:14:33.747,1.28581,1.28592,1.00,1.10
2018.05.01 10:14:34.267,1.28581,1.28591,1.00,1.00
2018.05.01 10:14:34.861,1.28581,1.28592,1.00,1.10
2018.05.01 10:14:36.271,1.28581,1.28591,1.00,1.00
2018.05.01 10:14:38.211,1.2858,1.28591,1.00,1.20
2018.05.01 10:14:38.782,1.2858,1.28592,1.00,3.45
2018.05.01 10:14:39.297,1.2858,1.28592,1.00,3.07
2018.05.01 10:14:39.864,1.28581,1.28591,1.00,2.32
2018.05.01 10:14:40.275,1.28579,1.28591,1.00,1.57
2018.05.01 10:14:40.784,1.28579,1.2859,1.00,1.10
2018.05.01 10:14:41.289,1.28579,1.28589,1.00,1.00
2018.05.01 10:14:41.823,1.28579,1.2859,1.00,1.10
2018.05.01 10:14:42.336,1.28581,1.28591,1.00,1.20
2018.05.01 10:14:42.908,1.28583,1.28591,1.00,1.00
2018.05.01 10:14:43.163,1.28581,1.28593,1.10,3.82
2018.05.01 10:14:43.690,1.28581,1.28592,1.00,1.57
2018.05.01 10:14:46.602,1.28582,1.28592,1.00,1.57
2018.05.01 10:14:47.141,1.28582,1.28593,1.00,1.95
2018.05.01 10:14:47.805,1.28584,1.28593,1.00,1.00
2018.05.01 10:14:47.907,1.28584,1.28596,1.00,1.58
2018.05.01 10:14:47.959,1.28587,1.28596,1.00,1.10
2018.05.01 10:14:48.472,1.28586,1.28596,1.00,1.76
2018.05.01 10:14:49.042,1.28587,1.28596,1.00,1.00
2018.05.01 10:14:52.326,1.28587,1.28597,1.00,2.70
2018.05.01 10:14:53.011,1.28587,1.28597,1.00,2.51
2018.05.01 10:14:55.830,1.28585,1.28595,1.00,2.14
2018.05.01 10:14:55.883,1.28583,1.28594,1.00,1.50
2018.05.01 10:14:55.936,1.28588,1.28595,1.00,1.45
2018.05.01 10:14:55.988,1.2859,1.286,1.00,1.80
2018.05.01 10:14:56.096,1.28585,1.28593,1.00,1.00
2018.05.01 10:14:56.203,1.28583,1.28593,1.00,1.10
2018.05.01 10:14:56.739,1.28583,1.28592,1.00,1.42
2018.05.01 10:14:57.703,1.28581,1.28588,1.00,1.00
2018.05.01 10:14:57.754,1.28578,1.28587,1.10,1.50
2018.05.01 10:14:58.036,1.28575,1.28587,1.00,2.32
2018.05.01 10:14:58.898,1.28576,1.28588,1.00,3.67
2018.05.01 10:14:59.014,1.28577,1.28588,1.00,1.95
2018.05.01 10:15:00.473,1.28582,1.2859,1.00,1.20
2018.05.01 10:15:00.577,1.28582,1.28591,1.00,1.10
2018.05.01 10:15:01.216,1.28583,1.28591,1.00,1.10
2018.05.01 10:15:03.233,1.28583,1.28591,1.00,1.95
2018.05.01 10:15:05.057,1.28583,1.28591,1.00,1.10
2018.05.01 10:15:39.526,1.28583,1.28592,1.00,1.50
2018.05.01 10:15:40.142,1.28583,1.28593,1.00,1.76
2018.05.01 10:15:40.399,1.28583,1.28592,1.00,1.20
2018.05.01 10:15:43.489,1.28583,1.28592,1.00,1.00
2018.05.01 10:15:57.426,1.28581,1.28589,1.00,1.00
2018.05.01 10:15:57.993,1.2858,1.2859,1.00,3.07
2018.05.01 10:15:59.543,1.2858,1.2859,1.00,1.57
2018.05.01 10:16:00.044,1.28581,1.28591,1.00,1.95
2018.05.01 10:16:00.596,1.28583,1.28591,1.00,1.95
2018.05.01 10:16:01.030,1.28581,1.28591,1.00,2.70
2018.05.01 10:16:02.662,1.2858,1.28591,1.00,3.26
2018.05.01 10:16:03.176,1.2858,1.28589,1.00,1.00
2018.05.01 10:16:03.844,1.2858,1.2859,1.00,1.76
2018.05.01 10:16:13.125,1.2858,1.28591,1.00,4.39
2018.05.01 10:16:13.633,1.2858,1.2859,1.00,1.00
2018.05.01 10:16:15.176,1.2858,1.28591,1.00,4.20
2018.05.01 10:16:16.768,1.2858,1.2859,1.00,1.00
2018.05.01 10:16:17.492,1.2858,1.28591,1.00,3.45
2018.05.01 10:16:18.097,1.2858,1.2859,1.00,1.00
2018.05.01 10:16:20.614,1.2858,1.28591,1.00,3.45
2018.05.01 10:16:21.224,1.2858,1.2859,1.00,1.00
2018.05.01 10:16:22.136,1.2858,1.28591,1.00,3.45
2018.05.01 10:16:29.151,1.28583,1.28592,1.00,3.07
2018.05.01 10:16:29.473,1.2859,1.28596,1.00,1.00
2018.05.01 10:16:29.577,1.2859,1.286,1.00,1.10
2018.05.01 10:16:47.025,1.28598,1.28604,1.00,1.45
2018.05.01 10:16:47.078,1.28597,1.28606,1.00,1.00
2018.05.01 10:16:47.594,1.28597,1.28607,1.00,1.10
2018.05.01 10:16:51.526,1.286,1.28608,1.00,1.95
2018.05.01 10:16:52.159,1.28599,1.28608,1.00,2.70
2018.05.01 10:16:52.781,1.28603,1.2861,2.25,1.10
2018.05.01 10:16:52.836,1.28605,1.28614,1.00,1.37
2018.05.01 10:16:52.891,1.28605,1.28616,1.00,2.55
2018.05.01 10:16:52.997,1.28607,1.28616,1.00,1.80
2018.05.01 10:16:53.524,1.28607,1.28616,1.00,1.05
2018.05.01 10:16:54.062,1.28606,1.28616,1.00,3.86
2018.05.01 10:16:54.945,1.28606,1.28616,1.00,1.05
2018.05.01 10:16:56.782,1.28608,1.28616,1.00,1.05
2018.05.01 10:16:58.168,1.28606,1.28616,1.00,2.36
2018.05.01 10:16:58.220,1.28606,1.28616,1.00,2.74
2018.05.01 10:17:00.372,1.28606,1.28616,1.00,1.42
2018.05.01 10:17:05.288,1.28604,1.28613,1.00,1.20
2018.05.01 10:17:05.596,1.28602,1.2861,1.00,1.95
2018.05.01 10:17:06.612,1.286,1.2861,1.00,2.92
2018.05.01 10:17:08.752,1.286,1.2861,3.75,1.10
2018.05.01 10:17:08.861,1.28604,1.28615,1.00,2.32
2018.05.01 10:17:09.044,1.28601,1.28612,1.00,4.24
2018.05.01 10:17:09.148,1.28603,1.28612,1.00,1.20
2018.05.01 10:17:10.309,1.28603,1.28611,1.00,1.00
2018.05.01 10:17:10.849,1.28603,1.28612,1.00,1.39
2018.05.01 10:17:11.213,1.28602,1.28611,1.00,1.39
2018.05.01 10:17:11.815,1.28601,1.2861,1.00,1.10
2018.05.01 10:17:13.363,1.28601,1.28611,1.00,1.80
2018.05.01 10:17:13.876,1.28601,1.2861,1.00,1.00
2018.05.01 10:17:14.428,1.28601,1.28611,1.00,2.55
2018.05.01 10:17:14.987,1.28601,1.2861,1.00,1.00
2018.05.01 10:17:16.041,1.28601,1.28611,1.00,1.95
2018.05.01 10:17:16.729,1.28601,1.2861,1.00,1.00
2018.05.01 10:17:17.235,1.28601,1.2861,1.00,1.80
2018.05.01 10:17:18.045,1.286,1.2861,1.00,1.37
2018.05.01 10:17:23.470,1.28602,1.2861,1.00,1.35
2018.05.01 10:17:24.015,1.28603,1.28613,1.00,3.82
2018.05.01 10:17:24.424,1.28605,1.28613,1.00,1.20
2018.05.01 10:17:24.965,1.28605,1.28613,1.00,1.00
2018.05.01 10:17:28.423,1.28605,1.28614,1.00,1.57
2018.05.01 10:17:28.732,1.28607,1.28615,1.00,1.00
2018.05.01 10:17:30.759,1.28605,1.28615,1.50,1.00
2018.05.01 10:17:31.265,1.28606,1.28616,1.00,1.20
2018.05.01 10:17:32.008,1.28605,1.28615,1.00,1.20
2018.05.01 10:17:34.244,1.28605,1.28613,1.00,1.15
2018.05.01 10:17:34.430,1.28598,1.28609,1.50,1.00
2018.05.01 10:17:35.550,1.28598,1.2861,1.50,1.10
2018.05.01 10:17:35.653,1.286,1.28611,1.00,1.20
2018.05.01 10:17:35.756,1.286,1.28612,1.50,2.51
2018.05.01 10:17:35.858,1.286,1.28612,1.50,2.70
2018.05.01 10:17:38.643,1.28603,1.28612,1.00,1.57
2018.05.01 10:17:39.006,1.28601,1.28612,1.00,2.25
2018.05.01 10:17:39.544,1.28601,1.28612,1.00,1.20
2018.05.01 10:17:40.472,1.28603,1.28613,1.00,3.30
2018.05.01 10:17:40.880,1.28601,1.28612,1.00,1.10
2018.05.01 10:17:42.475,1.28601,1.28612,1.00,1.20
2018.05.01 10:17:43.000,1.28601,1.28612,1.00,1.10
2018.05.01 10:17:44.606,1.28601,1.28611,1.00,1.00
2018.05.01 10:17:45.285,1.28601,1.28612,1.00,1.10
2018.05.01 10:17:49.520,1.28602,1.28614,1.00,4.20
2018.05.01 10:17:49.572,1.28604,1.28615,1.50,1.95
2018.05.01 10:17:49.624,1.28605,1.28615,1.50,1.57
2018.05.01 10:17:49.729,1.28609,1.28619,1.00,1.57
2018.05.01 10:17:49.990,1.2861,1.28621,1.10,1.10
2018.05.01 10:17:50.528,1.2861,1.28622,2.14,1.20
2018.05.01 10:17:51.806,1.28612,1.28622,1.00,1.57
2018.05.01 10:17:53.006,1.28612,1.2862,1.00,1.00
2018.05.01 10:17:53.162,1.2861,1.28621,1.00,2.32
2018.05.01 10:17:53.678,1.28609,1.28621,1.00,1.07
2018.05.01 10:17:54.231,1.2861,1.28621,1.00,1.07
2018.05.01 10:17:56.757,1.2861,1.28621,1.00,1.20
2018.05.01 10:17:58.388,1.2861,1.28621,1.00,1.76
2018.05.01 10:17:58.925,1.28609,1.28621,1.00,1.76
2018.05.01 10:18:03.637,1.28609,1.28621,1.00,1.20
2018.05.01 10:18:04.143,1.28609,1.28621,1.00,1.57
2018.05.01 10:18:05.970,1.28609,1.28621,1.00,1.20
2018.05.01 10:18:06.420,1.28612,1.28621,2.25,1.00
2018.05.01 10:18:06.472,1.28611,1.28624,1.10,1.10
2018.05.01 10:18:06.524,1.28614,1.28624,1.50,1.10
2018.05.01 10:18:07.312,1.28611,1.28622,1.10,1.20
2018.05.01 10:18:07.859,1.2861,1.28622,1.00,1.20
2018.05.01 10:18:08.529,1.2861,1.28621,1.00,1.10
2018.05.01 10:18:09.103,1.28611,1.28622,1.50,2.70
2018.05.01 10:18:09.209,1.28611,1.28623,1.69,1.10
2018.05.01 10:18:09.313,1.28613,1.28624,1.00,2.70
2018.05.01 10:18:10.019,1.28613,1.28623,1.00,1.00
2018.05.01 10:18:10.523,1.28613,1.28624,1.00,2.70
2018.05.01 10:18:11.232,1.28613,1.28623,1.00,1.00
2018.05.01 10:18:14.123,1.28613,1.28624,1.00,2.70
2018.05.01 10:18:14.668,1.28613,1.28623,1.00,1.00
2018.05.01 10:18:15.182,1.28613,1.28624,1.00,2.89
2018.05.01 10:18:17.027,1.28613,1.28623,1.00,1.00
2018.05.01 10:18:17.570,1.28613,1.28624,1.00,2.89
2018.05.01 10:18:18.766,1.28613,1.28623,1.00,1.00
2018.05.01 10:18:23.255,1.28613,1.28624,1.00,2.70
2018.05.01 10:18:23.772,1.28613,1.28623,1.00,1.00
2018.05.01 10:18:24.386,1.28613,1.28624,1.00,2.70
2018.05.01 10:18:24.934,1.28613,1.28623,1.00,1.00
2018.05.01 10:18:26.607,1.28613,1.28624,1.00,2.70
2018.05.01 10:18:28.327,1.28613,1.28623,1.00,1.00
2018.05.01 10:18:29.009,1.28613,1.28624,1.00,2.70
2018.05.01 10:18:29.339,1.28611,1.28624,1.57,2.70
2018.05.01 10:18:30.004,1.28611,1.28623,1.57,1.00
2018.05.01 10:18:30.532,1.28611,1.28624,1.57,2.70
2018.05.01 10:18:31.399,1.28611,1.28623,1.57,1.00
2018.05.01 10:18:31.716,1.28609,1.28621,1.95,1.31
2018.05.01 10:18:32.027,1.28609,1.28618,1.00,1.00
2018.05.01 10:18:32.557,1.28608,1.28618,1.00,1.00
2018.05.01 10:18:34.801,1.28609,1.28619,1.00,1.00
2018.05.01 10:18:36.344,1.28608,1.28621,2.25,3.07
2018.05.01 10:18:37.470,1.28608,1.28618,1.00,1.00
2018.05.01 10:18:37.628,1.28606,1.28618,1.57,1.50
2018.05.01 10:18:39.965,1.28606,1.28618,1.57,1.20
2018.05.01 10:18:40.479,1.28606,1.28618,1.00,1.10
2018.05.01 10:18:40.684,1.28606,1.28616,1.00,1.00
2018.05.01 10:18:40.738,1.28603,1.28615,1.20,1.00
2018.05.01 10:18:40.790,1.28603,1.28613,1.00,1.00
2018.05.01 10:18:41.333,1.28603,1.28615,1.00,1.95
2018.05.01 10:18:41.658,1.28604,1.28616,2.14,1.95
2018.05.01 10:18:42.636,1.28604,1.28616,1.00,1.10
2018.05.01 10:18:42.983,1.28605,1.28617,1.95,1.57
2018.05.01 10:18:43.295,1.28598,1.2861,4.20,1.00
2018.05.01 10:18:43.595,1.28598,1.2861,1.57,1.20
2018.05.01 10:18:43.805,1.28602,1.28613,1.00,1.57
2018.05.01 10:18:43.857,1.28602,1.28613,1.50,1.57
2018.05.01 10:18:44.067,1.286,1.28611,1.10,1.10
2018.05.01 10:18:44.483,1.28602,1.28613,2.25,1.57
2018.05.01 10:18:44.848,1.28604,1.28614,1.00,1.10
2018.05.01 10:19:02.688,1.28601,1.2861,1.20,1.50
2018.05.01 10:19:02.844,1.28599,1.2861,2.32,1.00
2018.05.01 10:19:03.101,1.28601,1.28612,1.00,2.32
2018.05.01 10:19:03.205,1.28602,1.28613,1.00,1.10
2018.05.01 10:19:04.029,1.28604,1.28613,1.00,1.00
2018.05.01 10:19:04.341,1.2861,1.2862,1.50,1.00
2018.05.01 10:19:04.934,1.28609,1.2862,1.57,1.57
2018.05.01 10:19:05.435,1.28609,1.2862,1.00,1.20
2018.05.01 10:19:08.975,1.28607,1.28618,1.10,1.10
2018.05.01 10:19:12.536,1.2861,1.28621,1.50,1.20
2018.05.01 10:19:12.640,1.28611,1.28624,1.10,3.07
2018.05.01 10:19:18.244,1.28611,1.28624,1.95,2.70
2018.05.01 10:19:18.894,1.28613,1.28624,1.00,1.95
2018.05.01 10:19:20.199,1.28613,1.28626,5.44,3.45
2018.05.01 10:19:20.734,1.28615,1.28626,1.00,1.95
2018.05.01 10:19:24.048,1.28613,1.28626,3.82,2.70
2018.05.01 10:19:26.079,1.28614,1.28626,1.00,2.70
2018.05.01 10:19:30.670,1.28618,1.28629,2.25,1.45
2018.05.01 10:19:30.723,1.28618,1.28631,2.51,1.10
2018.05.01 10:19:30.833,1.2862,1.28631,1.10,1.10
2018.05.01 10:19:34.199,1.28619,1.2863,1.50,1.57
2018.05.01 10:19:37.385,1.28618,1.28628,1.00,1.10
2018.05.01 10:19:40.393,1.28616,1.28626,1.00,1.00
2018.05.01 10:19:40.764,1.28614,1.28624,1.00,1.00
2018.05.01 10:19:41.720,1.28612,1.28624,2.25,1.95
2018.05.01 10:19:43.599,1.28612,1.28624,2.70,2.14
2018.05.01 10:19:47.631,1.28612,1.28624,2.25,1.39
2018.05.01 10:19:51.245,1.28612,1.28624,1.00,3.86
2018.05.01 10:19:51.298,1.2861,1.28622,1.10,2.62
2018.05.01 10:19:51.351,1.28607,1.28619,1.95,2.32
2018.05.01 10:19:51.860,1.28606,1.28618,2.32,2.51
2018.05.01 10:19:56.390,1.28606,1.28616,1.00,1.10
2018.05.01 10:19:57.378,1.28605,1.28616,1.57,1.76
2018.05.01 10:20:02.535,1.28606,1.28616,1.00,1.10
2018.05.01 10:20:09.739,1.28605,1.28616,1.00,1.20
2018.05.01 10:20:09.932,1.28602,1.28613,1.00,1.00
2018.05.01 10:20:10.449,1.28603,1.28613,1.00,1.10
2018.05.01 10:20:15.153,1.28603,1.28613,1.00,1.95
2018.05.01 10:20:18.561,1.28602,1.28613,1.50,1.47
2018.05.01 10:20:48.130,1.28603,1.28612,1.50,1.20
2018.05.01 10:20:48.235,1.28605,1.28615,1.00,2.89
2018.05.01 10:20:48.288,1.28604,1.28617,4.39,1.00
2018.05.01 10:20:48.833,1.28607,1.28617,1.00,1.50
2018.05.01 10:20:50.634,1.28608,1.28619,1.57,1.95
2018.05.01 10:20:50.739,1.28608,1.2862,4.20,1.12
2018.05.01 10:20:50.842,1.28609,1.2862,1.45,1.00
2018.05.01 10:20:51.047,1.28611,1.28622,1.57,1.12
2018.05.01 10:20:52.067,1.28611,1.28623,2.32,1.87
2018.05.01 10:20:52.310,1.2861,1.28621,1.57,1.12
2018.05.01 10:20:52.858,1.28608,1.28621,2.70,1.12
2018.05.01 10:20:53.787,1.28608,1.28621,2.70,1.37
2018.05.01 10:20:54.331,1.28608,1.28619,1.95,1.00
2018.05.01 10:20:55.851,1.28608,1.28619,1.57,1.12
2018.05.01 10:21:05.148,1.28608,1.28618,1.00,1.12
2018.05.01 10:21:05.251,1.28606,1.28618,1.95,1.12
2018.05.01 10:21:05.355,1.2861,1.2862,1.00,1.00
2018.05.01 10:21:05.938,1.2861,1.28621,1.00,1.12
2018.05.01 10:21:08.775,1.28612,1.28621,1.00,1.00
2018.05.01 10:21:09.115,1.28614,1.28622,1.00,1.20
2018.05.01 10:21:09.825,1.28614,1.28622,1.00,1.47
2018.05.01 10:21:13.273,1.28614,1.28623,1.00,1.20
2018.05.01 10:21:19.366,1.28613,1.28623,1.00,1.95
2018.05.01 10:21:20.376,1.28612,1.28622,1.00,1.12
2018.05.01 10:21:20.971,1.28613,1.28622,1.00,1.12
2018.05.01 10:21:29.048,1.28614,1.28623,1.00,1.87
2018.05.01 10:21:33.270,1.28614,1.28623,1.00,1.12
2018.05.01 10:21:33.429,1.28616,1.28623,1.00,1.00
2018.05.01 10:21:34.303,1.28616,1.28624,1.00,1.12
2018.05.01 10:21:35.241,1.28616,1.28624,1.00,1.37
2018.05.01 10:21:36.879,1.28616,1.28624,1.00,1.00
2018.05.01 10:21:50.914,1.28614,1.28622,1.00,1.00
2018.05.01 10:21:51.215,1.28612,1.2862,1.00,1.12
2018.05.01 10:21:55.765,1.28613,1.28621,1.00,1.50
2018.05.01 10:21:57.189,1.28608,1.28619,1.20,1.50
2018.05.01 10:21:57.706,1.28608,1.28616,1.00,1.00
2018.05.01 10:21:57.889,1.2861,1.28616,1.00,1.00
2018.05.01 10:21:58.696,1.2861,1.28618,1.00,1.12
2018.05.01 10:21:59.237,1.2861,1.28617,1.00,1.00
2018.05.01 10:22:00.076,1.28607,1.28615,1.10,1.00
2018.05.01 10:22:00.622,1.28608,1.28615,1.00,1.00
2018.05.01 10:22:04.714,1.28609,1.28617,1.00,1.12
2018.05.01 10:22:04.818,1.28611,1.2862,1.00,1.47
2018.05.01 10:22:10.537,1.28611,1.2862,1.00,1.37
2018.05.01 10:22:12.517,1.28611,1.2862,1.00,1.12
2018.05.01 10:22:16.440,1.28612,1.2862,1.00,1.00
2018.05.01 10:22:16.492,1.28613,1.28622,1.00,1.20
2018.05.01 10:22:17.370,1.28611,1.28623,1.39,1.37
2018.05.01 10:22:24.115,1.28612,1.28623,1.10,1.00
2018.05.01 10:22:24.680,1.28613,1.28623,1.00,1.12
2018.05.01 10:22:25.182,1.28613,1.28625,1.64,1.50
2018.05.01 10:22:25.361,1.28613,1.28625,2.14,1.00
2018.05.01 10:22:25.416,1.28617,1.28628,1.00,1.12
2018.05.01 10:22:28.744,1.28615,1.28627,1.45,1.00
2018.05.01 10:22:29.125,1.28619,1.28628,1.20,1.00
2018.05.01 10:22:29.228,1.28619,1.28631,1.20,1.37
2018.05.01 10:22:30.260,1.28621,1.28631,1.00,1.00
2018.05.01 10:22:30.795,1.28621,1.28631,1.29,1.00
2018.05.01 10:22:32.198,1.28621,1.28631,1.01,1.00
2018.05.01 10:22:32.881,1.28623,1.28631,1.01,1.00
2018.05.01 10:22:33.036,1.28625,1.28636,1.00,1.07
2018.05.01 10:22:33.291,1.28624,1.28636,1.45,1.12
2018.05.01 10:22:33.923,1.28624,1.28636,1.45,1.12
2018.05.01 10:22:35.351,1.28623,1.28632,1.20,1.00
2018.05.01 10:22:35.592,1.28621,1.28632,1.76,1.00
2018.05.01 10:22:36.360,1.28623,1.28632,1.20,1.00
2018.05.01 10:22:36.413,1.28624,1.28634,1.20,1.00
2018.05.01 10:22:37.886,1.28621,1.28631,3.07,1.00
2018.05.01 10:22:38.399,1.28621,1.28632,1.95,1.00
2018.05.01 10:22:39.039,1.28621,1.28632,1.95,1.00
2018.05.01 10:22:40.544,1.28622,1.28632,1.70,1.00
2018.05.01 10:22:40.981,1.28621,1.28632,1.39,1.00
2018.05.01 10:22:41.554,1.28621,1.28632,3.45,1.00
2018.05.01 10:22:42.066,1.28621,1.28632,3.45,1.00
2018.05.01 10:22:42.596,1.28621,1.28632,3.64,1.00
2018.05.01 10:22:43.186,1.28621,1.28631,1.10,1.37
2018.05.01 10:22:43.373,1.28619,1.2863,1.10,1.12
2018.05.01 10:22:44.385,1.28619,1.2863,1.45,1.37
2018.05.01 10:22:44.628,1.28622,1.28631,1.10,1.00
2018.05.01 10:22:44.781,1.28622,1.28632,1.45,1.00
2018.05.01 10:22:49.911,1.28623,1.28633,1.20,1.00
2018.05.01 10:22:55.213,1.28623,1.28631,1.00,1.00
2018.05.01 10:22:55.317,1.28621,1.28631,1.01,1.00
2018.05.01 10:22:58.303,1.2862,1.28631,4.01,1.00
2018.05.01 10:23:00.659,1.28619,1.28631,1.45,1.12
2018.05.01 10:23:00.828,1.28618,1.28629,1.00,1.00
2018.05.01 10:23:00.881,1.28617,1.28628,1.10,1.37
2018.05.01 10:23:01.537,1.28613,1.28625,1.95,1.00
2018.05.01 10:23:01.641,1.28612,1.28623,1.10,1.37
2018.05.01 10:23:02.572,1.28612,1.28622,1.95,1.00
2018.05.01 10:23:02.727,1.28612,1.28624,2.70,1.00
2018.05.01 10:23:03.717,1.28613,1.28625,1.20,1.10
2018.05.01 10:23:04.376,1.28613,1.28624,1.95,1.00
2018.05.01 10:23:06.478,1.28612,1.28623,1.20,1.12
2018.05.01 10:23:13.653,1.28612,1.28622,1.20,1.00
2018.05.01 10:23:13.758,1.28613,1.28624,1.95,1.00
2018.05.01 10:23:14.357,1.28613,1.28624,2.70,1.00
2018.05.01 10:23:15.410,1.28619,1.28629,3.04,1.95
2018.05.01 10:23:15.668,1.2862,1.2863,1.10,1.00
2018.05.01 10:23:26.923,1.28619,1.2863,1.10,1.00
2018.05.01 10:23:26.976,1.28618,1.28627,3.07,1.00
2018.05.01 10:23:27.029,1.28616,1.28627,1.07,1.35
2018.05.01 10:23:27.082,1.28614,1.28622,1.45,1.00
2018.05.01 10:23:27.135,1.28613,1.28621,1.10,1.00
2018.05.01 10:23:28.214,1.28611,1.28621,1.32,1.00
2018.05.01 10:23:31.567,1.28611,1.28622,2.51,1.12
2018.05.01 10:23:33.541,1.28611,1.28622,1.20,1.00
2018.05.01 10:23:35.509,1.28611,1.28622,1.12,1.00
2018.05.01 10:23:39.405,1.28611,1.28622,1.07,1.00
2018.05.01 10:23:41.903,1.2861,1.28622,1.20,1.00
2018.05.01 10:23:41.956,1.28609,1.2862,2.51,1.00
2018.05.01 10:24:09.254,1.28609,1.2862,4.01,1.00
2018.05.01 10:24:12.728,1.2861,1.2862,1.10,1.00
2018.05.01 10:24:15.125,1.28607,1.28618,2.70,1.00
2018.05.01 10:24:15.435,1.28607,1.28615,1.10,1.00
2018.05.01 10:24:16.039,1.28607,1.28617,1.10,1.12
2018.05.01 10:24:17.891,1.28605,1.28611,5.32,2.10
2018.05.01 10:24:17.943,1.28606,1.28615,1.10,1.00
2018.05.01 10:24:18.489,1.28607,1.28616,1.10,1.00
2018.05.01 10:24:23.258,1.28607,1.28617,1.10,1.50
2018.05.01 10:24:23.464,1.28608,1.28617,1.20,1.00
2018.05.01 10:24:28.137,1.28609,1.28618,1.57,1.00
2018.05.01 10:24:28.188,1.28609,1.28621,1.76,1.10
2018.05.01 10:24:28.815,1.2861,1.28622,1.57,1.00
2018.05.01 10:24:34.486,1.2861,1.28622,1.20,1.00
2018.05.01 10:24:35.380,1.28611,1.28622,1.00,1.00
2018.05.01 10:24:36.396,1.2861,1.28622,1.39,1.00
2018.05.01 10:24:38.216,1.28611,1.28622,1.00,1.00
2018.05.01 10:24:38.748,1.2861,1.28622,1.39,1.00
2018.05.01 10:24:39.301,1.28611,1.28622,1.00,1.00
2018.05.01 10:24:40.357,1.2861,1.28622,1.95,1.00
2018.05.01 10:24:41.032,1.28611,1.28622,1.00,1.00
2018.05.01 10:24:41.794,1.2861,1.28622,1.95,1.00
2018.05.01 10:24:42.355,1.28611,1.28622,1.00,1.00
2018.05.01 10:24:42.860,1.2861,1.28622,1.95,1.00
2018.05.01 10:24:43.489,1.28611,1.28622,1.00,1.00
2018.05.01 10:24:44.002,1.2861,1.28622,1.95,1.00
2018.05.01 10:24:44.782,1.28611,1.28622,1.00,1.00
2018.05.01 10:24:45.474,1.2861,1.28622,1.95,1.00
2018.05.01 10:24:46.019,1.28611,1.28622,1.00,1.00
2018.05.01 10:24:46.538,1.2861,1.28622,1.20,1.00
2018.05.01 10:24:47.367,1.28611,1.28622,1.00,1.12
2018.05.01 10:24:47.963,1.2861,1.28622,1.39,1.12
2018.05.01 10:24:48.501,1.28611,1.28622,1.00,1.12
2018.05.01 10:24:49.157,1.2861,1.28622,1.95,1.12
2018.05.01 10:24:49.351,1.2861,1.2862,2.32,1.00
2018.05.01 10:24:50.176,1.2861,1.2862,1.95,1.00
2018.05.01 10:24:50.551,1.2861,1.2862,1.57,1.00
2018.05.01 10:24:50.950,1.2861,1.2862,1.20,1.00
2018.05.01 10:24:51.467,1.2861,1.28621,1.20,1.00
2018.05.01 10:24:52.027,1.28611,1.28621,1.00,1.00
2018.05.01 10:24:52.631,1.2861,1.28621,1.20,1.00
2018.05.01 10:24:53.779,1.28609,1.28617,3.07,1.00
2018.05.01 10:24:56.268,1.2861,1.28621,1.10,1.00
2018.05.01 10:25:02.236,1.2861,1.28619,1.10,1.00
2018.05.01 10:25:02.537,1.28608,1.28614,1.00,1.00
2018.05.01 10:25:03.188,1.28606,1.28615,2.32,1.00
2018.05.01 10:25:09.345,1.28607,1.28616,1.01,1.00
2018.05.01 10:25:09.853,1.28606,1.28617,4.76,1.00
2018.05.01 10:25:10.112,1.28606,1.28616,1.10,1.00
2018.05.01 10:25:10.164,1.28606,1.28614,1.57,1.00
2018.05.01 10:25:11.057,1.28606,1.28616,1.39,1.00
2018.05.01 10:25:11.109,1.28606,1.28614,1.95,1.00
2018.05.01 10:25:11.723,1.28606,1.28614,1.00,1.00
2018.05.01 10:25:12.308,1.28606,1.28615,2.25,1.00
2018.05.01 10:25:13.304,1.28606,1.28614,2.51,1.00
2018.05.01 10:25:15.752,1.28607,1.28616,1.00,1.00
2018.05.01 10:25:16.345,1.28606,1.28616,1.20,1.50
2018.05.01 10:25:17.151,1.28605,1.28614,2.32,1.00
2018.05.01 10:25:17.778,1.28606,1.28615,2.70,1.00
2018.05.01 10:25:19.573,1.28606,1.28616,1.10,1.00
2018.05.01 10:25:19.882,1.28608,1.28617,1.12,1.50
2018.05.01 10:25:20.726,1.28607,1.28617,1.00,1.00
2018.05.01 10:25:21.094,1.28607,1.28617,3.08,1.00
2018.05.01 10:25:21.890,1.28608,1.28617,1.00,1.00
2018.05.01 10:25:22.225,1.28607,1.28614,1.10,1.00
2018.05.01 10:25:22.448,1.28607,1.28618,4.39,2.25
2018.05.01 10:25:23.767,1.28607,1.28617,1.57,1.00
2018.05.01 10:25:24.337,1.28607,1.28617,1.57,1.00
2018.05.01 10:25:24.563,1.28608,1.28618,1.39,1.50
2018.05.01 10:25:25.051,1.28607,1.28618,2.70,1.50
2018.05.01 10:25:27.688,1.28608,1.28618,2.14,1.50
2018.05.01 10:25:31.540,1.2861,1.28618,1.00,1.00
2018.05.01 10:25:31.642,1.28608,1.28618,2.51,1.00
2018.05.01 10:25:32.566,1.28609,1.28618,1.00,1.00
2018.05.01 10:25:33.329,1.28608,1.28618,1.95,1.00
2018.05.01 10:25:33.887,1.28608,1.28618,1.95,1.00
2018.05.01 10:25:36.544,1.28607,1.28617,2.51,1.00
2018.05.01 10:25:37.087,1.28608,1.28617,2.14,1.00
2018.05.01 10:25:38.586,1.28608,1.28617,2.89,1.00
2018.05.01 10:25:38.740,1.28608,1.28618,1.45,1.00
2018.05.01 10:25:39.630,1.28608,1.28618,1.20,1.00
2018.05.01 10:25:42.394,1.28607,1.28617,3.08,1.00
2018.05.01 10:25:42.498,1.28607,1.28616,3.26,1.00
2018.05.01 10:25:43.870,1.28607,1.28616,2.32,1.00
2018.05.01 10:25:52.403,1.28607,1.28614,1.95,1.00
2018.05.01 10:25:53.765,1.28607,1.28614,1.10,1.00
2018.05.01 10:25:55.455,1.28607,1.28617,1.10,1.50
2018.05.01 10:25:55.775,1.28607,1.28613,1.95,1.00
2018.05.01 10:25:55.877,1.28607,1.28617,1.10,1.50
2018.05.01 10:25:56.528,1.28607,1.28616,1.10,1.00
2018.05.01 10:25:56.853,1.28606,1.28614,3.07,1.00
2018.05.01 10:25:56.905,1.28606,1.28616,2.14,1.00
2018.05.01 10:26:00.169,1.28606,1.28613,6.26,1.00
2018.05.01 10:26:00.221,1.28607,1.28617,1.01,1.87
2018.05.01 10:26:00.273,1.28605,1.28614,6.07,1.00
2018.05.01 10:26:02.544,1.28605,1.28614,6.07,1.00
2018.05.01 10:26:03.166,1.28607,1.28614,1.00,1.00
2018.05.01 10:26:03.747,1.28607,1.28616,1.50,1.00
2018.05.01 10:26:04.314,1.28605,1.28615,6.26,1.00
2018.05.01 10:26:07.142,1.28607,1.28615,1.50,1.00
2018.05.01 10:26:07.663,1.28607,1.28616,1.00,1.00
2018.05.01 10:26:08.267,1.28606,1.28616,1.95,1.00
2018.05.01 10:26:11.876,1.28607,1.28616,1.00,1.00
2018.05.01 10:26:12.725,1.28606,1.28616,2.14,1.00
2018.05.01 10:26:13.230,1.28608,1.28615,1.00,1.00
2018.05.01 10:26:19.337,1.28608,1.2862,2.14,1.87
2018.05.01 10:26:19.442,1.2861,1.28622,1.20,1.12
2018.05.01 10:26:19.500,1.2861,1.28619,1.76,1.00
2018.05.01 10:26:20.000,1.2861,1.28617,1.95,1.00
2018.05.01 10:26:20.051,1.28609,1.28619,1.25,1.00
2018.05.01 10:26:22.042,1.28609,1.28615,1.31,1.00
2018.05.01 10:26:22.287,1.28608,1.28619,3.26,1.50
2018.05.01 10:26:25.222,1.28608,1.28616,2.89,1.00
2018.05.01 10:26:25.533,1.28608,1.28618,1.10,1.50
2018.05.01 10:26:25.585,1.28607,1.28615,1.39,1.00
2018.05.01 10:26:26.098,1.28607,1.28616,2.32,1.00
2018.05.01 10:26:28.815,1.28608,1.28617,1.20,1.12
2018.05.01 10:26:29.358,1.28608,1.28618,3.64,1.50
2018.05.01 10:26:30.153,1.28609,1.28618,1.00,1.50
2018.05.01 10:26:30.669,1.28608,1.28618,3.64,1.50
2018.05.01 10:26:31.385,1.28608,1.28618,3.64,1.50
2018.05.01 10:26:34.183,1.28608,1.28618,3.82,1.50
2018.05.01 10:26:34.688,1.28609,1.28618,1.00,1.50
2018.05.01 10:26:35.237,1.28608,1.28618,3.64,1.50
2018.05.01 10:26:37.778,1.28609,1.28618,2.51,1.00
2018.05.01 10:26:38.288,1.2861,1.28618,1.00,1.00
2018.05.01 10:26:38.825,1.28609,1.28618,1.57,1.00
2018.05.01 10:26:39.326,1.28609,1.28618,1.95,1.00
2018.05.01 10:26:39.864,1.28609,1.28618,1.76,1.00
2018.05.01 10:26:40.647,1.28609,1.28618,1.95,1.00
2018.05.01 10:26:43.522,1.28612,1.28618,1.00,1.00
2018.05.01 10:26:46.422,1.28611,1.2862,1.10,1.50
2018.05.01 10:26:46.627,1.28612,1.28622,1.10,1.87
2018.05.01 10:26:46.729,1.28614,1.28622,1.00,1.87
2018.05.01 10:26:51.586,1.28613,1.28622,1.00,1.00
2018.05.01 10:26:51.908,1.28615,1.28622,1.00,1.00
2018.05.01 10:26:51.960,1.28613,1.28622,1.50,1.00
2018.05.01 10:26:53.921,1.28613,1.28622,1.69,1.00
2018.05.01 10:26:54.520,1.28613,1.28622,1.57,1.00
2018.05.01 10:26:58.490,1.28611,1.28623,6.67,1.87
2018.05.01 10:26:59.266,1.28614,1.28623,2.32,1.50
2018.05.01 10:26:59.419,1.28618,1.28626,1.00,3.00
2018.05.01 10:26:59.724,1.28625,1.28631,1.00,1.00
2018.05.01 10:26:59.929,1.28623,1.28631,1.10,1.00
2018.05.01 10:27:00.440,1.28622,1.28632,1.95,1.00
2018.05.01 10:27:00.939,1.28625,1.28634,1.00,1.12
2018.05.01 10:27:02.857,1.28624,1.28634,1.00,2.62
2018.05.01 10:27:07.278,1.28624,1.28633,1.00,1.00
2018.05.01 10:27:07.592,1.28619,1.28629,2.70,1.00
2018.05.01 10:27:08.149,1.28621,1.28632,1.50,1.37
2018.05.01 10:27:08.252,1.28623,1.28632,1.00,1.00
2018.05.01 10:27:09.997,1.28624,1.28634,1.00,1.00
2018.05.01 10:27:11.021,1.28625,1.28635,1.00,1.87
2018.05.01 10:27:13.386,1.28625,1.28635,1.20,1.50
2018.05.01 10:27:13.439,1.28631,1.28639,1.00,1.57
2018.05.01 10:27:13.495,1.28631,1.28639,1.00,1.12
2018.05.01 10:27:13.547,1.28631,1.28641,1.00,3.82
2018.05.01 10:27:16.447,1.28631,1.28641,1.00,3.07
2018.05.01 10:27:27.722,1.28631,1.2864,1.00,1.12
2018.05.01 10:27:29.993,1.28634,1.28641,1.20,1.00
2018.05.01 10:27:30.045,1.28636,1.28647,1.00,3.37
2018.05.01 10:27:30.547,1.28637,1.28648,1.10,1.37
2018.05.01 10:27:31.973,1.28637,1.28648,1.20,1.00
2018.05.01 10:27:36.036,1.28638,1.28648,1.00,1.12
2018.05.01 10:27:37.785,1.28638,1.28648,1.20,1.00
2018.05.01 10:27:38.313,1.28639,1.2865,1.57,1.95
2018.05.01 10:27:41.963,1.28639,1.28648,1.00,1.00
2018.05.01 10:27:43.225,1.28639,1.28648,1.00,1.37
2018.05.01 10:27:43.588,1.28637,1.28648,1.00,1.87
2018.05.01 10:27:49.596,1.28633,1.28644,1.57,1.50
2018.05.01 10:27:49.700,1.28632,1.28643,1.00,2.25
2018.05.01 10:27:50.265,1.28631,1.28642,1.00,1.12
2018.05.01 10:27:50.370,1.28631,1.28642,1.00,1.37
2018.05.01 10:27:52.187,1.28631,1.28641,1.00,1.37
2018.05.01 10:27:57.874,1.28632,1.2864,1.00,1.00
2018.05.01 10:27:58.784,1.28632,1.28641,1.50,1.00
2018.05.01 10:27:59.365,1.28632,1.28641,1.50,1.37
2018.05.01 10:28:00.733,1.28632,1.28641,1.50,1.37
2018.05.01 10:28:05.149,1.28632,1.28642,1.00,4.95
2018.05.01 10:28:05.355,1.28637,1.28642,1.00,1.00
2018.05.01 10:28:05.407,1.28634,1.28642,1.00,1.00
2018.05.01 10:28:05.532,1.28636,1.28642,1.00,1.00
2018.05.01 10:28:05.636,1.28636,1.28647,1.57,1.57
2018.05.01 10:28:07.165,1.28638,1.28647,1.00,1.12
2018.05.01 10:28:07.697,1.28637,1.28648,1.00,1.57
2018.05.01 10:28:08.567,1.28638,1.28648,1.12,1.20
2018.05.01 10:28:09.773,1.28638,1.28648,1.00,1.47
2018.05.01 10:28:10.307,1.28637,1.28648,1.10,1.47
2018.05.01 10:28:12.866,1.28638,1.28649,1.00,1.12
2018.05.01 10:28:14.186,1.28638,1.2865,1.50,2.32
2018.05.01 10:28:30.269,1.28638,1.2865,1.95,3.26
2018.05.01 10:28:30.778,1.28638,1.28649,1.50,1.37
2018.05.01 10:28:35.833,1.28642,1.2865,1.00,2.70
2018.05.01 10:28:35.936,1.28642,1.2865,1.00,2.32
2018.05.01 10:28:36.249,1.28637,1.28642,1.10,1.00
2018.05.01 10:28:36.355,1.28637,1.28645,1.00,2.25
2018.05.01 10:28:36.462,1.2864,1.28645,1.00,1.00
2018.05.01 10:28:36.516,1.2864,1.28647,1.00,1.20
2018.05.01 10:28:37.216,1.2864,1.28648,1.00,1.57
2018.05.01 10:28:38.989,1.2864,1.28648,1.00,1.57
2018.05.01 10:28:40.130,1.2864,1.28648,1.00,1.12
2018.05.01 10:28:42.786,1.28642,1.28649,1.00,1.10
2018.05.01 10:28:45.350,1.28642,1.28649,1.00,2.70
2018.05.01 10:28:46.867,1.28638,1.28645,1.00,1.50
2018.05.01 10:28:46.920,1.28636,1.28642,1.10,1.00
2018.05.01 10:28:47.038,1.28634,1.28642,1.00,1.50
2018.05.01 10:28:47.557,1.28634,1.28641,1.00,1.87
2018.05.01 10:28:48.045,1.28632,1.28642,1.00,4.95
2018.05.01 10:28:51.743,1.28632,1.28641,1.00,1.07
2018.05.01 10:28:52.289,1.28632,1.28641,1.00,1.95
2018.05.01 10:28:54.894,1.28634,1.28641,1.00,1.95
2018.05.01 10:29:00.142,1.2863,1.28641,1.00,1.87
2018.05.01 10:29:00.712,1.2863,1.28642,1.00,5.51
2018.05.01 10:29:07.748,1.28628,1.28637,2.32,2.25
2018.05.01 10:29:07.807,1.28624,1.28634,1.00,1.57
2018.05.01 10:29:07.910,1.28622,1.28633,2.25,1.37
2018.05.01 10:29:08.989,1.28622,1.28632,1.00,1.57
2018.05.01 10:29:10.395,1.28623,1.28634,1.00,2.32
2018.05.01 10:29:10.723,1.28629,1.28638,1.00,1.95
2018.05.01 10:29:11.837,1.28629,1.28637,1.00,1.00
2018.05.01 10:29:12.359,1.28629,1.28638,1.00,1.50
2018.05.01 10:29:13.308,1.28628,1.28637,1.00,1.00
2018.05.01 10:29:17.539,1.28628,1.28639,1.00,3.45
2018.05.01 10:29:18.160,1.28627,1.28638,1.00,1.07
2018.05.01 10:29:18.728,1.28627,1.28638,1.10,1.20
2018.05.01 10:29:19.335,1.28627,1.28637,1.00,1.10
2018.05.01 10:29:19.445,1.28623,1.28634,1.10,1.12
2018.05.01 10:29:21.446,1.28623,1.28635,1.00,1.95
2018.05.01 10:29:25.393,1.28623,1.28635,1.00,1.95
2018.05.01 10:29:25.741,1.28627,1.28638,1.00,2.32
2018.05.01 10:29:25.794,1.28629,1.28639,1.00,1.20
2018.05.01 10:29:25.999,1.28629,1.28641,1.00,3.45
2018.05.01 10:29:26.956,1.28629,1.28641,1.25,4.39
2018.05.01 10:29:27.998,1.28631,1.28641,1.00,1.37
2018.05.01 10:29:29.775,1.28629,1.28641,1.10,5.55
2018.05.01 10:29:29.932,1.28627,1.28638,1.00,1.50
2018.05.01 10:29:30.087,1.28627,1.28638,1.00,1.50
2018.05.01 10:29:32.647,1.28627,1.28639,1.00,2.32
2018.05.01 10:29:35.708,1.28631,1.2864,1.00,1.95
2018.05.01 10:29:36.521,1.2863,1.28639,1.00,1.10
2018.05.01 10:29:37.989,1.28629,1.2864,1.50,3.07
2018.05.01 10:29:38.298,1.28631,1.28641,1.00,1.12
2018.05.01 10:29:40.624,1.28631,1.28641,1.00,3.64
2018.05.01 10:29:40.677,1.28629,1.2864,1.10,1.57
2018.05.01 10:29:41.030,1.28626,1.28635,1.20,1.12
2018.05.01 10:29:41.340,1.28626,1.28638,1.00,2.32
2018.05.01 10:29:43.854,1.28626,1.28638,1.00,2.32
2018.05.01 10:29:44.522,1.28626,1.28637,1.00,1.00
2018.05.01 10:29:45.156,1.28626,1.28637,1.00,1.37
2018.05.01 10:29:47.827,1.28627,1.28638,1.10,1.57
2018.05.01 10:29:48.294,1.28628,1.28638,1.00,1.10
2018.05.01 10:29:48.428,1.28632,1.2864,1.00,1.20
2018.05.01 10:29:48.951,1.28631,1.28641,1.00,1.12
2018.05.01 10:29:49.686,1.2863,1.2864,1.00,1.47
2018.05.01 10:29:49.999,1.28629,1.28638,1.00,1.37
2018.05.01 10:29:50.966,1.28629,1.28638,1.00,1.12
2018.05.01 10:29:55.600,1.28629,1.2864,1.00,1.20
2018.05.01 10:29:57.811,1.28629,1.28641,1.00,2.70
2018.05.01 10:29:59.241,1.28629,1.2864,1.00,1.57
2018.05.01 10:30:03.198,1.28629,1.28641,1.76,3.45
2018.05.01 10:30:04.241,1.28629,1.2864,1.00,1.07
2018.05.01 10:30:04.778,1.28629,1.28641,1.00,3.07
2018.05.01 10:30:05.678,1.28631,1.2864,1.00,1.12
2018.05.01 10:30:06.803,1.28631,1.28641,1.00,3.07
2018.05.01 10:30:07.274,1.28628,1.28637,1.20,1.37
2018.05.01 10:30:07.327,1.28624,1.28636,1.20,2.62
2018.05.01 10:30:07.381,1.28625,1.28636,1.00,1.37
2018.05.01 10:30:07.931,1.28626,1.28637,1.00,1.95
2018.05.01 10:30:09.011,1.28626,1.28637,1.25,1.95
2018.05.01 10:30:10.627,1.28627,1.28637,1.00,1.37
2018.05.01 10:30:10.680,1.28629,1.28637,1.00,1.00
2018.05.01 10:30:10.731,1.28629,1.2864,1.00,1.57
2018.05.01 10:30:12.070,1.28629,1.2864,1.00,1.85
2018.05.01 10:30:13.249,1.28629,1.2864,1.00,1.47
2018.05.01 10:30:13.309,1.28632,1.28643,1.12,2.70
2018.05.01 10:30:13.421,1.28636,1.28645,1.00,2.32
2018.05.01 10:30:13.527,1.28638,1.28647,1.00,1.12
2018.05.01 10:30:14.878,1.28637,1.28646,1.00,1.10
2018.05.01 10:30:15.399,1.28637,1.28647,1.00,2.62
2018.05.01 10:30:15.724,1.28639,1.28649,1.00,1.12
2018.05.01 10:30:18.138,1.28638,1.28649,1.00,2.32
2018.05.01 10:30:18.653,1.28636,1.28646,1.57,1.12
2018.05.01 10:30:19.012,1.28638,1.28647,1.00,1.37
2018.05.01 10:30:19.869,1.28638,1.28647,1.00,1.12
2018.05.01 10:30:21.078,1.28638,1.28647,1.00,1.37
2018.05.01 10:30:21.608,1.28635,1.28645,1.00,1.12
2018.05.01 10:30:22.270,1.28635,1.28646,1.00,1.50
2018.05.01 10:30:23.043,1.28635,1.28647,1.00,2.51
2018.05.01 10:30:24.425,1.28635,1.28647,1.00,2.70
2018.05.01 10:30:26.724,1.28635,1.28645,1.00,1.50
2018.05.01 10:30:27.888,1.28638,1.28646,1.00,1.50
2018.05.01 10:30:27.940,1.28638,1.28648,1.00,1.20
2018.05.01 10:30:33.047,1.28639,1.28648,1.00,1.10
2018.05.01 10:30:50.012,1.28638,1.28649,1.00,1.95
2018.05.01 10:30:50.545,1.28639,1.2865,1.25,1.37
2018.05.01 10:30:52.986,1.28639,1.28649,1.00,1.07
2018.05.01 10:30:53.507,1.28638,1.28649,1.87,1.07
2018.05.01 10:30:59.006,1.28637,1.28647,1.00,2.32
2018.05.01 10:30:59.546,1.28636,1.28646,1.00,1.95
2018.05.01 10:31:00.086,1.28637,1.28649,1.87,1.20
2018.05.01 10:31:01.228,1.28637,1.28649,2.25,1.47
2018.05.01 10:31:01.734,1.28637,1.28649,2.70,1.47
2018.05.01 10:31:02.238,1.28638,1.28648,1.00,1.47
2018.05.01 10:31:02.771,1.28637,1.28649,1.20,2.70
2018.05.01 10:31:03.621,1.28637,1.28649,1.20,2.70
2018.05.01 10:31:04.985,1.28637,1.28649,1.10,4.95
2018.05.01 10:31:05.594,1.28637,1.28649,1.10,2.55
2018.05.01 10:31:05.647,1.28639,1.28649,1.00,1.57
2018.05.01 10:31:07.055,1.28639,1.28649,1.00,1.95
2018.05.01 10:31:07.108,1.28639,1.28649,1.00,1.57
2018.05.01 10:31:07.211,1.28639,1.28649,1.00,1.95
2018.05.01 10:31:07.263,1.28637,1.28648,1.20,1.47
2018.05.01 10:31:07.471,1.28638,1.28649,1.00,1.47
2018.05.01 10:31:07.523,1.28638,1.28649,1.00,1.57
2018.05.01 10:31:07.626,1.28638,1.28649,1.00,1.47
2018.05.01 10:31:07.678,1.28638,1.28649,1.00,2.32
2018.05.01 10:31:07.782,1.28638,1.28649,1.00,2.32
2018.05.01 10:31:08.331,1.28638,1.28649,1.00,1.95
2018.05.01 10:31:08.383,1.28638,1.28649,1.00,2.70
2018.05.01 10:31:08.435,1.28638,1.28649,1.00,3.07
2018.05.01 10:31:09.560,1.28638,1.28649,1.00,3.45
2018.05.01 10:31:20.144,1.28638,1.28649,1.00,1.47
2018.05.01 10:31:27.320,1.28638,1.28649,1.00,2.32
2018.05.01 10:31:29.002,1.28638,1.28649,1.00,1.87
2018.05.01 10:31:29.690,1.2864,1.28649,1.00,1.12
2018.05.01 10:31:30.207,1.28639,1.2865,1.12,1.87
2018.05.01 10:31:31.635,1.28639,1.2865,1.12,1.87
2018.05.01 10:31:38.824,1.28639,1.2865,1.12,2.32
2018.05.01 10:31:43.837,1.28639,1.28649,1.00,1.57
2018.05.01 10:31:45.139,1.28639,1.28649,1.00,1.20
2018.05.01 10:32:00.439,1.28638,1.2865,1.10,2.32
2018.05.01 10:32:11.708,1.28638,1.2865,1.00,3.07
2018.05.01 10:32:12.791,1.28637,1.28648,1.00,1.80
2018.05.01 10:32:13.316,1.28637,1.28648,1.12,1.10
2018.05.01 10:32:16.020,1.28637,1.28647,1.12,1.00
2018.05.01 10:32:18.560,1.28637,1.28648,1.00,1.50
2018.05.01 10:32:18.613,1.28637,1.28648,1.00,1.12
2018.05.01 10:32:19.118,1.28637,1.28649,1.25,1.95
2018.05.01 10:32:19.919,1.28637,1.28649,1.01,1.87
2018.05.01 10:32:20.703,1.28637,1.28649,1.39,1.47
2018.05.01 10:32:21.246,1.28637,1.28649,1.25,1.95
2018.05.01 10:32:22.712,1.28637,1.28648,1.00,1.50
2018.05.01 10:32:23.851,1.28637,1.28649,1.00,3.64
2018.05.01 10:32:26.525,1.28637,1.28649,1.00,4.24
2018.05.01 10:32:27.488,1.28637,1.28647,1.00,1.50
2018.05.01 10:32:27.987,1.28637,1.28645,1.00,1.00
2018.05.01 10:32:28.142,1.28637,1.28647,1.00,1.50
2018.05.01 10:32:31.100,1.28638,1.28648,1.00,1.57
2018.05.01 10:32:31.152,1.28638,1.28649,1.00,1.50
2018.05.01 10:32:31.358,1.28641,1.2865,1.00,3.07
2018.05.01 10:32:31.411,1.28639,1.28649,1.00,1.00
2018.05.01 10:32:31.915,1.2864,1.28651,1.00,4.20
2018.05.01 10:32:32.174,1.28638,1.28649,1.00,1.00
2018.05.01 10:32:32.278,1.2864,1.28649,1.00,1.12
2018.05.01 10:32:32.878,1.28639,1.28648,1.00,1.95
2018.05.01 10:33:09.821,1.28639,1.28648,1.00,1.37
2018.05.01 10:33:10.329,1.28639,1.28648,1.12,1.00
2018.05.01 10:33:16.067,1.28638,1.2865,2.32,1.87
2018.05.01 10:33:16.119,1.2864,1.2865,1.12,1.12
2018.05.01 10:33:16.172,1.28645,1.28652,1.00,1.00
2018.05.01 10:33:16.510,1.28646,1.28658,1.76,2.62
2018.05.01 10:33:18.039,1.28646,1.28657,1.76,1.50
2018.05.01 10:33:18.860,1.28646,1.28657,1.20,1.50
2018.05.01 10:33:22.933,1.28646,1.28657,1.20,2.70
2018.05.01 10:33:22.985,1.28646,1.28657,1.20,2.32
2018.05.01 10:33:25.004,1.28647,1.28657,1.00,1.57
2018.05.01 10:33:25.058,1.28649,1.28658,1.00,1.20
2018.05.01 10:33:26.082,1.28648,1.28659,1.50,3.82
2018.05.01 10:33:27.161,1.28648,1.28657,1.00,1.50
2018.05.01 10:33:28.479,1.28655,1.28661,1.00,1.20
2018.05.01 10:33:28.532,1.28655,1.28662,1.00,1.00
2018.05.01 10:33:28.585,1.28655,1.28666,1.00,2.70
2018.05.01 10:33:29.106,1.28655,1.28666,1.50,1.50
2018.05.01 10:33:29.658,1.28656,1.28666,1.00,1.50
2018.05.01 10:33:31.976,1.28657,1.28666,1.00,1.50
2018.05.01 10:33:32.711,1.28656,1.28666,1.00,1.50
2018.05.01 10:33:33.255,1.28656,1.28666,1.00,2.32
2018.05.01 10:33:33.950,1.28655,1.28665,1.50,1.00
2018.05.01 10:33:34.656,1.28657,1.28666,1.00,1.47
2018.05.01 10:33:40.558,1.28657,1.28666,1.00,1.95
2018.05.01 10:33:43.388,1.28657,1.28666,1.00,1.47
2018.05.01 10:33:51.457,1.28657,1.28666,1.00,1.12
2018.05.01 10:33:55.665,1.28657,1.28666,1.00,1.37
2018.05.01 10:33:56.831,1.28657,1.28666,1.00,1.12
2018.05.01 10:33:57.478,1.28654,1.28665,1.12,1.37
2018.05.01 10:33:58.336,1.28656,1.28665,1.00,2.32
2018.05.01 10:33:58.489,1.28656,1.28665,1.00,1.10
2018.05.01 10:34:12.606,1.28657,1.28666,1.00,1.12
2018.05.01 10:34:14.054,1.28656,1.28667,1.50,3.00
2018.05.01 10:34:17.828,1.28656,1.28666,1.50,1.00
2018.05.01 10:34:19.706,1.28656,1.28667,1.50,3.37
2018.05.01 10:34:32.297,1.28656,1.28667,2.17,1.20
2018.05.01 10:34:32.350,1.28658,1.28667,1.00,1.12
2018.05.01 10:34:32.964,1.28657,1.28667,1.00,3.00
2018.05.01 10:34:34.711,1.28657,1.28668,1.00,4.95
2018.05.01 10:34:37.883,1.28658,1.28667,1.00,1.37
2018.05.01 10:34:38.610,1.28658,1.28667,1.00,1.87
2018.05.01 10:34:42.422,1.28663,1.28671,1.12,1.57
2018.05.01 10:34:42.480,1.28664,1.28675,1.00,3.82
2018.05.01 10:34:42.642,1.28664,1.28675,1.00,1.37
2018.05.01 10:34:44.249,1.28665,1.28676,1.00,2.70
2018.05.01 10:34:48.670,1.28665,1.28676,1.00,3.45
2018.05.01 10:34:52.940,1.2867,1.28675,1.00,1.50
2018.05.01 10:34:53.048,1.28672,1.28681,1.00,1.57
2018.05.01 10:34:53.982,1.28672,1.28681,1.00,1.95
2018.05.01 10:34:54.501,1.28669,1.28676,1.00,1.12
2018.05.01 10:34:54.553,1.28665,1.28676,1.95,2.62
2018.05.01 10:34:54.605,1.28665,1.28676,1.10,2.70
2018.05.01 10:35:08.036,1.28667,1.28676,1.12,1.20
2018.05.01 10:35:08.140,1.28669,1.2868,1.00,2.70
2018.05.01 10:35:08.348,1.2867,1.28681,2.70,1.00
2018.05.01 10:35:08.686,1.28673,1.28682,1.00,1.57
2018.05.01 10:35:16.461,1.28673,1.28682,1.00,1.95
2018.05.01 10:35:18.050,1.28673,1.28682,1.00,2.70
2018.05.01 10:35:19.242,1.28671,1.28682,1.00,1.85
2018.05.01 10:35:19.295,1.28671,1.28683,1.00,3.07
2018.05.01 10:35:20.880,1.28671,1.28683,1.00,3.26
2018.05.01 10:35:21.633,1.28672,1.28682,1.00,1.95
2018.05.01 10:35:21.685,1.28672,1.28682,1.00,3.82
2018.05.01 10:35:22.187,1.28672,1.28681,1.00,1.57
2018.05.01 10:35:23.334,1.28672,1.28682,1.00,2.32
2018.05.01 10:35:24.476,1.28672,1.28682,1.00,2.32
2018.05.01 10:35:28.942,1.28672,1.28682,1.00,3.82
2018.05.01 10:35:29.199,1.28672,1.28682,1.00,2.70
2018.05.01 10:35:30.372,1.28671,1.28681,1.00,1.00
2018.05.01 10:35:32.266,1.28671,1.28681,1.00,1.87
2018.05.01 10:35:37.072,1.2867,1.28681,1.00,1.20
2018.05.01 10:35:37.962,1.2867,1.28681,1.00,1.57
2018.05.01 10:35:38.612,1.2867,1.28681,1.00,1.95
2018.05.01 10:35:39.945,1.2867,1.28681,1.00,1.57
2018.05.01 10:35:41.895,1.28671,1.28682,1.00,1.57
2018.05.01 10:35:42.474,1.28672,1.28683,1.00,3.07
2018.05.01 10:35:42.989,1.28673,1.28683,1.12,1.87
2018.05.01 10:35:43.042,1.28678,1.28689,1.00,1.57
2018.05.01 10:35:43.543,1.28679,1.28689,1.00,1.00
2018.05.01 10:35:44.899,1.28679,1.2869,1.00,2.70
2018.05.01 10:35:45.413,1.28679,1.28689,1.00,1.00
2018.05.01 10:35:45.954,1.28678,1.2869,1.12,3.07
2018.05.01 10:35:48.121,1.28678,1.28689,1.12,1.85
2018.05.01 10:35:52.172,1.28677,1.28688,1.00,1.50
2018.05.01 10:35:52.532,1.2868,1.28689,1.00,1.12
2018.05.01 10:35:53.054,1.28681,1.2869,1.00,2.32
2018.05.01 10:35:53.208,1.28679,1.28689,1.00,1.20
2018.05.01 10:35:55.146,1.2868,1.28689,1.00,1.12
2018.05.01 10:36:04.624,1.28676,1.28687,3.07,1.87
2018.05.01 10:36:04.677,1.28672,1.28683,1.95,1.37
2018.05.01 10:36:05.222,1.28672,1.28683,1.50,1.87
2018.05.01 10:36:06.211,1.28672,1.28683,1.50,2.25
2018.05.01 10:36:07.451,1.28672,1.28683,1.50,1.50
2018.05.01 10:36:08.552,1.28674,1.28683,1.00,1.00
2018.05.01 10:36:10.122,1.28674,1.28682,1.00,1.00
2018.05.01 10:36:10.173,1.28672,1.28682,1.12,1.00
2018.05.01 10:36:10.678,1.28672,1.28683,1.50,1.00
2018.05.01 10:36:11.222,1.28673,1.28683,1.00,3.45
2018.05.01 10:36:11.779,1.28673,1.28683,1.00,1.57
2018.05.01 10:36:13.004,1.28678,1.28686,1.00,1.45
2018.05.01 10:36:13.107,1.28679,1.2869,2.25,3.45
2018.05.01 10:36:13.216,1.2868,1.2869,1.00,1.95
2018.05.01 10:36:14.093,1.28678,1.2869,1.50,2.70
2018.05.01 10:36:14.564,1.28675,1.28686,2.32,1.00
2018.05.01 10:36:15.086,1.28674,1.28686,3.45,1.47
2018.05.01 10:36:15.937,1.28675,1.28686,1.50,2.25
2018.05.01 10:36:17.725,1.28675,1.28684,1.00,1.00
2018.05.01 10:36:17.777,1.28673,1.28683,1.95,1.00
2018.05.01 10:36:18.285,1.28674,1.28682,1.00,1.00
2018.05.01 10:36:18.806,1.28675,1.28685,1.00,2.25
2018.05.01 10:36:19.738,1.28679,1.28688,1.12,1.07
2018.05.01 10:36:20.292,1.2868,1.2869,1.00,1.75
2018.05.01 10:36:20.865,1.2868,1.28691,1.50,1.50
2018.05.01 10:36:22.965,1.28682,1.28691,1.12,1.00
2018.05.01 10:36:23.474,1.28681,1.28692,1.20,1.00
2018.05.01 10:36:24.315,1.28681,1.28692,1.00,2.70
2018.05.01 10:36:24.828,1.28681,1.28692,1.00,2.25
2018.05.01 10:36:29.375,1.28681,1.28691,1.00,1.12
2018.05.01 10:36:31.159,1.28681,1.28691,1.00,2.44
2018.05.01 10:36:31.451,1.28678,1.28688,2.32,1.00
2018.05.01 10:36:31.530,1.28678,1.28687,1.10,1.50
2018.05.01 10:36:31.637,1.28674,1.28684,1.00,1.47
2018.05.01 10:36:33.241,1.28673,1.28684,1.00,2.00
2018.05.01 10:36:33.611,1.28671,1.28677,1.00,1.95
2018.05.01 10:36:33.664,1.28666,1.28675,1.00,1.50
2018.05.01 10:36:34.321,1.28666,1.28675,1.00,1.50
2018.05.01 10:36:35.167,1.28667,1.28677,1.00,1.95
2018.05.01 10:36:35.218,1.28668,1.28679,1.00,1.07
2018.05.01 10:36:35.383,1.2867,1.28679,1.00,1.57
2018.05.01 10:36:35.921,1.28669,1.28679,1.00,1.07
2018.05.01 10:36:38.531,1.28671,1.2868,1.00,2.32
2018.05.01 10:36:38.846,1.28682,1.28687,2.47,1.00
2018.05.01 10:36:39.110,1.28679,1.28686,4.20,1.00
2018.05.01 10:36:39.167,1.28679,1.28692,3.45,3.45
2018.05.01 10:36:41.130,1.28677,1.28685,1.00,1.12
2018.05.01 10:36:41.234,1.2867,1.28683,4.05,1.95
2018.05.01 10:36:41.286,1.2867,1.28683,3.82,1.95
2018.05.01 10:36:43.627,1.28669,1.28682,2.70,1.50
2018.05.01 10:36:46.001,1.28671,1.28683,1.00,1.95
2018.05.01 10:36:47.006,1.2867,1.28682,1.20,1.12
2018.05.01 10:36:49.569,1.28671,1.28683,1.00,1.95
2018.05.01 10:36:50.226,1.28671,1.28683,1.00,2.32
2018.05.01 10:36:51.292,1.2867,1.28683,1.42,3.07
2018.05.01 10:36:52.346,1.2867,1.28682,1.10,1.95
2018.05.01 10:36:52.500,1.28676,1.28684,1.50,1.45
2018.05.01 10:36:52.552,1.28675,1.28687,1.95,2.32
2018.05.01 10:36:53.081,1.28677,1.28688,1.00,1.47
2018.05.01 10:36:53.337,1.2868,1.2869,1.00,1.95
2018.05.01 10:36:53.390,1.2868,1.28691,1.00,1.57
2018.05.01 10:36:54.344,1.2868,1.28691,1.00,2.32
2018.05.01 10:36:54.813,1.2868,1.28691,1.00,2.70
2018.05.01 10:36:55.337,1.28679,1.2869,1.10,1.57
2018.05.01 10:36:55.902,1.28679,1.2869,1.00,1.45
2018.05.01 10:36:58.251,1.28679,1.28691,1.00,2.32
2018.05.01 10:37:01.524,1.28679,1.28692,1.00,3.45
2018.05.01 10:37:03.237,1.28679,1.28691,1.35,1.85
2018.05.01 10:37:05.134,1.28679,1.28692,1.00,3.07
2018.05.01 10:37:05.673,1.2868,1.28692,1.00,3.07
2018.05.01 10:37:07.934,1.28679,1.28692,1.00,2.32
2018.05.01 10:37:08.292,1.28689,1.287,1.00,2.70
2018.05.01 10:37:08.901,1.28688,1.28699,1.10,1.10
2018.05.01 10:37:09.457,1.28688,1.287,1.10,3.07
2018.05.01 10:37:15.142,1.28689,1.287,1.50,3.07
2018.05.01 10:37:15.194,1.28692,1.28702,1.12,1.45
2018.05.01 10:37:15.896,1.28692,1.28704,2.14,1.75
2018.05.01 10:37:16.433,1.28691,1.28702,1.00,1.76
2018.05.01 10:37:17.117,1.2869,1.28701,1.00,1.95
2018.05.01 10:37:17.943,1.2869,1.287,1.00,1.45
2018.05.01 10:37:19.504,1.2869,1.28701,1.00,4.95
2018.05.01 10:37:22.026,1.28689,1.287,1.00,2.32
2018.05.01 10:37:22.334,1.28682,1.28691,1.10,1.12
2018.05.01 10:37:22.950,1.2868,1.28691,1.12,1.12
2018.05.01 10:37:23.593,1.2868,1.28691,1.12,3.07
2018.05.01 10:37:24.178,1.2868,1.28691,1.12,1.12
2018.05.01 10:37:25.146,1.28682,1.28691,1.00,1.12
2018.05.01 10:37:25.651,1.28682,1.28693,1.00,2.32
2018.05.01 10:37:27.929,1.28682,1.28693,1.00,1.00
2018.05.01 10:37:28.489,1.28682,1.28693,1.95,1.00
2018.05.01 10:37:28.902,1.28685,1.28696,1.50,1.20
2018.05.01 10:37:29.058,1.28686,1.28699,1.57,3.82
2018.05.01 10:37:32.720,1.28689,1.28699,1.00,3.07
2018.05.01 10:37:38.583,1.28693,1.287,1.00,1.20
2018.05.01 10:37:38.792,1.28695,1.28704,1.00,3.45
2018.05.01 10:37:40.920,1.28695,1.28703,1.00,1.75
2018.05.01 10:37:41.718,1.28694,1.28702,1.00,1.37
2018.05.01 10:37:48.204,1.28695,1.28705,1.00,4.12
2018.05.01 10:37:48.756,1.28696,1.28704,1.00,3.00
2018.05.01 10:37:50.102,1.28696,1.28704,1.00,3.00
2018.05.01 10:37:52.691,1.28696,1.28705,1.00,4.12
2018.05.01 10:37:58.040,1.28697,1.28704,1.00,3.00
2018.05.01 10:38:00.229,1.28697,1.28704,1.00,2.62
2018.05.01 10:38:02.594,1.28697,1.28705,1.00,4.87
2018.05.01 10:38:05.031,1.28691,1.287,1.45,1.00
2018.05.01 10:38:05.083,1.2869,1.287,1.50,1.50
2018.05.01 10:38:05.238,1.28688,1.287,1.10,1.45
2018.05.01 10:38:07.145,1.28689,1.28699,1.00,2.70
2018.05.01 10:38:07.968,1.28688,1.28699,1.10,1.20
2018.05.01 10:38:08.811,1.28688,1.28699,1.10,1.95
2018.05.01 10:38:13.033,1.28689,1.28699,1.00,1.95
2018.05.01 10:38:16.978,1.28688,1.28699,1.57,2.32
2018.05.01 10:38:18.179,1.28688,1.28699,1.20,1.95
2018.05.01 10:38:21.672,1.28688,1.28699,1.20,2.70
2018.05.01 10:38:22.887,1.28689,1.28699,1.00,3.07
2018.05.01 10:38:23.580,1.28688,1.28699,1.20,1.95
2018.05.01 10:38:38.428,1.28687,1.28697,1.10,1.12
2018.05.01 10:38:38.481,1.28683,1.28695,1.95,1.12
2018.05.01 10:38:38.535,1.28683,1.28692,1.00,2.25
2018.05.01 10:38:39.077,1.28683,1.28695,1.12,1.85
2018.05.01 10:38:39.129,1.28684,1.28696,1.00,1.95
2018.05.01 10:38:39.647,1.28684,1.28697,1.95,2.32
2018.05.01 10:38:40.448,1.28684,1.28697,1.95,2.32
2018.05.01 10:38:41.745,1.28684,1.28696,1.00,1.95
2018.05.01 10:38:42.250,1.28684,1.28696,1.20,1.95
2018.05.01 10:38:43.815,1.28685,1.28698,2.70,3.07
2018.05.01 10:38:47.157,1.28686,1.28697,1.57,1.00
2018.05.01 10:38:49.077,1.28688,1.28699,1.00,2.32
2018.05.01 10:38:50.379,1.28687,1.28699,1.50,2.32
2018.05.01 10:38:51.055,1.28686,1.28698,1.95,1.50
2018.05.01 10:38:51.808,1.28687,1.28699,1.87,3.07
2018.05.01 10:38:53.816,1.28688,1.28699,1.00,1.20
2018.05.01 10:38:54.980,1.28688,1.28699,1.95,1.10
2018.05.01 10:38:55.678,1.28687,1.28698,1.00,2.62
2018.05.01 10:38:57.693,1.28686,1.28697,1.87,1.00
2018.05.01 10:39:00.114,1.28687,1.28697,1.00,1.50
2018.05.01 10:39:01.791,1.28688,1.28697,1.00,1.50
2018.05.01 10:39:02.688,1.28687,1.28697,1.00,1.50
2018.05.01 10:39:03.720,1.28688,1.28697,1.00,1.00
2018.05.01 10:39:04.727,1.28686,1.28697,1.87,1.00
2018.05.01 10:39:07.336,1.28688,1.28697,1.00,1.00
2018.05.01 10:39:08.325,1.28686,1.28697,2.25,1.12
2018.05.01 10:39:10.842,1.28687,1.28697,1.00,1.50
2018.05.01 10:39:12.283,1.28688,1.28697,1.00,1.00
2018.05.01 10:39:13.902,1.28686,1.28697,1.87,1.87
2018.05.01 10:39:13.954,1.28688,1.28697,1.00,1.12
2018.05.01 10:39:14.513,1.28686,1.28697,1.87,1.12
2018.05.01 10:39:15.036,1.28687,1.28697,1.00,1.00
2018.05.01 10:39:15.579,1.28686,1.28697,1.12,1.00
2018.05.01 10:39:16.800,1.28686,1.28697,1.75,1.00
2018.05.01 10:39:16.852,1.28686,1.28697,1.00,1.50
2018.05.01 10:39:17.370,1.28685,1.28697,1.20,1.00
2018.05.01 10:39:21.468,1.28685,1.28697,2.70,1.50
2018.05.01 10:39:21.989,1.28685,1.28697,1.20,1.00
2018.05.01 10:39:27.931,1.28685,1.28697,1.57,1.95
2018.05.01 10:39:28.087,1.28688,1.28698,1.00,3.07
2018.05.01 10:39:28.139,1.28686,1.28698,1.20,3.00
2018.05.01 10:39:28.656,1.28685,1.28698,1.95,1.95
2018.05.01 10:39:38.070,1.28689,1.28698,1.50,1.87
2018.05.01 10:39:38.275,1.28688,1.28699,1.00,1.57
2018.05.01 10:39:39.947,1.28689,1.28699,1.00,1.50
2018.05.01 10:39:47.844,1.28689,1.28699,1.00,1.12
2018.05.01 10:39:53.936,1.28688,1.28693,1.00,1.00
2018.05.01 10:39:54.041,1.28683,1.28693,1.20,2.25
2018.05.01 10:39:54.602,1.28683,1.28692,1.12,1.00
2018.05.01 10:39:55.140,1.28683,1.28693,1.12,1.00
2018.05.01 10:39:56.310,1.28683,1.28692,1.12,1.00
2018.05.01 10:39:57.722,1.28683,1.28693,1.00,1.00
2018.05.01 10:39:57.775,1.2868,1.28692,2.32,3.19
2018.05.01 10:39:57.930,1.28679,1.28692,2.32,4.20
2018.05.01 10:39:58.138,1.2868,1.28692,2.17,1.00
2018.05.01 10:39:58.441,1.28686,1.28698,2.32,1.75
2018.05.01 10:39:58.956,1.28686,1.28698,2.32,1.75
2018.05.01 10:39:59.597,1.28686,1.287,1.57,5.32
2018.05.01 10:40:00.817,1.28686,1.28699,2.70,2.70
2018.05.01 10:40:02.226,1.28686,1.28699,2.55,1.95
2018.05.01 10:40:03.234,1.28684,1.28696,2.17,2.25
2018.05.01 10:40:03.492,1.28684,1.28699,4.57,5.70
2018.05.01 10:40:05.177,1.28684,1.28698,4.57,1.01
2018.05.01 10:40:05.935,1.28684,1.28698,3.82,1.85
2018.05.01 10:40:06.332,1.28684,1.28698,3.07,1.85
2018.05.01 10:40:07.002,1.28685,1.28699,1.07,4.95
2018.05.01 10:40:07.527,1.28685,1.28698,2.17,2.25
2018.05.01 10:40:08.641,1.28685,1.28696,1.07,3.00
2018.05.01 10:40:08.906,1.28681,1.28693,2.32,3.45
2018.05.01 10:40:09.423,1.28681,1.28693,2.32,2.25
2018.05.01 10:40:10.144,1.28681,1.28692,2.32,1.00
2018.05.01 10:40:10.878,1.28681,1.28693,2.32,2.62
2018.05.01 10:40:11.214,1.28682,1.28695,2.47,1.95
2018.05.01 10:40:11.368,1.28684,1.28695,1.00,1.45
2018.05.01 10:40:11.910,1.28683,1.28693,1.50,1.00
2018.05.01 10:40:14.153,1.28684,1.28695,1.12,1.95
2018.05.01 10:40:14.255,1.28682,1.28692,1.12,1.00
2018.05.01 10:40:17.354,1.28682,1.28692,1.50,1.10
2018.05.01 10:40:17.406,1.28684,1.28695,1.12,1.45
2018.05.01 10:40:17.457,1.28682,1.28692,2.32,1.00
2018.05.01 10:40:17.764,1.28681,1.28694,3.45,1.20
2018.05.01 10:40:18.335,1.28682,1.28694,1.12,1.57
2018.05.01 10:40:19.988,1.28682,1.28694,1.12,1.57
2018.05.01 10:40:20.721,1.28683,1.28695,1.20,1.57
2018.05.01 10:40:20.825,1.28681,1.28692,1.20,1.00
2018.05.01 10:40:21.152,1.2868,1.2869,1.12,1.10
2018.05.01 10:40:21.744,1.28679,1.28691,2.32,2.25
2018.05.01 10:40:23.861,1.28679,1.28692,2.32,2.32
2018.05.01 10:40:24.173,1.28673,1.28686,2.70,1.95
2018.05.01 10:40:24.737,1.28674,1.28685,1.20,1.10
2018.05.01 10:40:26.455,1.28674,1.28687,1.20,1.57
2018.05.01 10:40:26.761,1.28673,1.28684,1.12,1.57
2018.05.01 10:40:27.269,1.28672,1.28684,1.50,1.10
2018.05.01 10:40:29.028,1.28675,1.28685,1.00,1.57
2018.05.01 10:40:29.339,1.28673,1.28683,1.12,1.00
2018.05.01 10:40:30.056,1.28673,1.28684,1.72,1.95
2018.05.01 10:40:30.364,1.28672,1.28683,1.50,2.70
2018.05.01 10:40:31.611,1.28672,1.28685,2.70,1.57
2018.05.01 10:40:31.817,1.28671,1.28683,1.87,1.20
2018.05.01 10:40:32.533,1.28671,1.28683,1.87,4.39
2018.05.01 10:40:33.105,1.28671,1.28683,1.87,4.20
2018.05.01 10:40:34.764,1.28671,1.28681,1.12,1.00
2018.05.01 10:40:35.358,1.28672,1.28681,1.00,2.70
2018.05.01 10:40:36.163,1.28669,1.28681,3.00,1.20
2018.05.01 10:40:36.590,1.28671,1.28683,1.12,2.32
2018.05.01 10:40:41.752,1.28671,1.28682,1.12,1.00
2018.05.01 10:40:42.306,1.28671,1.28683,1.12,1.10
2018.05.01 10:40:45.019,1.28672,1.28685,1.00,2.32
2018.05.01 10:40:45.777,1.28673,1.28685,1.42,1.57
2018.05.01 10:40:46.167,1.28674,1.28687,5.10,1.20
2018.05.01 10:40:46.310,1.28677,1.28688,1.39,1.00
2018.05.01 10:40:46.412,1.28677,1.28691,1.39,3.45
2018.05.01 10:40:46.921,1.28677,1.2869,1.20,1.20
2018.05.01 10:40:48.289,1.28677,1.28688,1.00,1.12
2018.05.01 10:40:48.812,1.28677,1.2869,1.00,2.70
2018.05.01 10:40:49.265,1.28675,1.28685,2.70,1.00
2018.05.01 10:40:49.590,1.28674,1.28684,1.00,2.32
2018.05.01 10:40:53.109,1.28674,1.28684,1.00,1.10
2018.05.01 10:40:53.615,1.28674,1.28684,1.00,2.14
2018.05.01 10:40:54.147,1.28674,1.28684,1.00,3.94
2018.05.01 10:40:54.710,1.28673,1.28683,1.12,1.12
2018.05.01 10:40:57.832,1.28672,1.28684,1.50,3.82
2018.05.01 10:40:58.367,1.28672,1.28683,1.50,1.00
2018.05.01 10:40:59.027,1.28672,1.28684,1.50,1.01
2018.05.01 10:40:59.543,1.28672,1.28684,1.50,2.32
2018.05.01 10:41:00.121,1.28672,1.28683,1.12,1.12
2018.05.01 10:41:01.071,1.28671,1.28683,1.57,1.51
2018.05.01 10:41:01.689,1.28671,1.28683,1.20,1.32
2018.05.01 10:41:03.916,1.28674,1.28685,1.00,2.70
2018.05.01 10:41:04.019,1.28674,1.28685,1.00,1.12
2018.05.01 10:41:04.661,1.28674,1.28685,1.00,1.07
2018.05.01 10:41:05.108,1.28673,1.2868,1.00,1.00
2018.05.01 10:41:05.161,1.2867,1.2868,1.00,5.32
2018.05.01 10:41:05.213,1.28666,1.28677,1.10,1.12
2018.05.01 10:41:06.849,1.28666,1.28679,1.20,1.47
2018.05.01 10:41:07.253,1.28668,1.28679,1.00,1.47
2018.05.01 10:41:07.563,1.28669,1.28681,1.00,1.10
2018.05.01 10:41:08.466,1.28669,1.28683,1.10,4.39
2018.05.01 10:41:16.941,1.28669,1.28683,1.47,2.32
2018.05.01 10:41:17.489,1.2867,1.28683,1.57,1.20
2018.05.01 10:41:18.992,1.28672,1.28684,1.00,2.32
2018.05.01 10:41:23.266,1.28672,1.28682,1.00,1.12
2018.05.01 10:41:23.778,1.28672,1.28683,1.00,1.10
2018.05.01 10:41:24.605,1.2867,1.28683,2.32,1.10
2018.05.01 10:41:27.339,1.28671,1.28684,1.00,3.45
2018.05.01 10:41:33.903,1.2867,1.28684,1.95,3.07
2018.05.01 10:41:34.416,1.2867,1.28682,1.00,1.39
2018.05.01 10:41:35.179,1.28669,1.28682,3.07,1.20
2018.05.01 10:41:36.212,1.2867,1.28683,1.00,1.95
2018.05.01 10:41:36.771,1.2867,1.28684,1.57,4.58
2018.05.01 10:41:42.161,1.28669,1.28683,1.57,1.57
2018.05.01 10:41:44.878,1.2867,1.28683,1.00,1.57
2018.05.01 10:41:50.264,1.2867,1.28683,2.32,1.57
2018.05.01 10:41:51.143,1.28671,1.28684,1.00,3.07
2018.05.01 10:41:52.135,1.2867,1.28684,1.10,3.07
2018.05.01 10:41:54.949,1.28672,1.28683,1.00,1.20
2018.05.01 10:41:55.451,1.28672,1.28682,1.00,1.20
2018.05.01 10:42:07.527,1.28673,1.28683,1.00,1.87
2018.05.01 10:42:08.044,1.28673,1.28683,1.00,2.32
2018.05.01 10:42:13.698,1.28673,1.28683,1.50,1.87
2018.05.01 10:42:16.687,1.28674,1.28683,1.00,1.20
2018.05.01 10:42:17.216,1.28674,1.28683,1.00,1.00
2018.05.01 10:42:21.281,1.28675,1.28683,1.00,1.00
2018.05.01 10:42:21.438,1.28682,1.28692,1.00,3.07
2018.05.01 10:42:24.913,1.28684,1.28693,1.00,1.95
2018.05.01 10:42:25.018,1.28684,1.28694,1.00,2.32
2018.05.01 10:42:25.070,1.28686,1.28694,1.00,1.95
2018.05.01 10:42:25.599,1.28684,1.28694,1.00,1.95
2018.05.01 10:42:26.370,1.28684,1.28693,1.00,1.00
2018.05.01 10:42:26.943,1.28684,1.28694,1.00,1.95
2018.05.01 10:42:27.601,1.28684,1.28693,1.00,1.00
2018.05.01 10:42:28.159,1.28684,1.28694,1.00,1.95
2018.05.01 10:42:30.257,1.28684,1.28693,1.00,1.00
2018.05.01 10:42:30.902,1.28684,1.28694,1.00,1.95
2018.05.01 10:42:37.364,1.28682,1.28691,1.00,1.12
2018.05.01 10:42:37.681,1.28675,1.28684,1.00,1.95
2018.05.01 10:42:38.187,1.28675,1.28683,1.00,1.00
2018.05.01 10:42:38.722,1.28675,1.28684,1.00,1.10
2018.05.01 10:42:39.256,1.28676,1.28684,1.00,3.07
2018.05.01 10:42:39.464,1.28679,1.28688,1.00,1.10
2018.05.01 10:42:39.569,1.2868,1.2869,1.00,1.10
2018.05.01 10:42:40.639,1.28681,1.28692,1.00,4.01
2018.05.01 10:42:43.930,1.28682,1.28691,1.00,1.20
2018.05.01 10:42:44.895,1.28678,1.2869,1.95,1.57
2018.05.01 10:42:47.714,1.28679,1.28689,1.00,1.10
2018.05.01 10:43:06.526,1.28681,1.28689,1.00,1.10
2018.05.01 10:43:14.909,1.28678,1.28689,1.50,1.20
2018.05.01 10:43:15.414,1.28679,1.2869,1.00,1.57
2018.05.01 10:43:18.848,1.28677,1.28689,1.57,1.20
2018.05.01 10:43:18.901,1.28678,1.28687,1.00,1.31
2018.05.01 10:43:19.220,1.28674,1.28682,1.00,1.47
2018.05.01 10:43:20.868,1.28674,1.28682,1.00,1.00
2018.05.01 10:43:20.971,1.28674,1.28684,1.00,1.95
2018.05.01 10:43:21.024,1.28676,1.28686,1.00,2.32
2018.05.01 10:43:21.717,1.28677,1.28685,1.00,1.12
2018.05.01 10:43:22.378,1.28676,1.28686,1.00,2.14
2018.05.01 10:43:22.933,1.28676,1.28686,1.00,1.10
2018.05.01 10:43:23.920,1.28676,1.28685,1.00,1.00
2018.05.01 10:43:24.363,1.28677,1.28687,1.00,1.50
2018.05.01 10:43:24.415,1.28679,1.28688,1.00,1.20
2018.05.01 10:43:24.467,1.28679,1.2869,1.00,1.20
2018.05.01 10:43:24.672,1.28681,1.2869,1.00,1.20
2018.05.01 10:43:24.876,1.28681,1.28691,1.00,1.20
2018.05.01 10:43:25.589,1.28681,1.2869,1.00,1.00
2018.05.01 10:43:26.332,1.28681,1.28691,1.00,1.20
2018.05.01 10:43:28.243,1.28681,1.28692,1.00,5.14
2018.05.01 10:43:28.297,1.2868,1.28686,1.00,1.00
2018.05.01 10:43:28.350,1.28677,1.28686,1.00,1.50
2018.05.01 10:43:29.345,1.28677,1.28684,1.00,1.00
2018.05.01 10:43:29.975,1.28677,1.28685,1.00,1.20
2018.05.01 10:43:30.496,1.28678,1.28685,1.00,1.20
2018.05.01 10:43:31.599,1.28678,1.28686,1.00,1.50
2018.05.01 10:43:32.528,1.28678,1.28685,1.00,1.00
2018.05.01 10:43:33.131,1.28678,1.28686,1.00,1.50
2018.05.01 10:43:33.997,1.28678,1.28685,1.00,1.00
2018.05.01 10:43:34.673,1.28678,1.28686,1.50,1.50
2018.05.01 10:43:35.190,1.28678,1.28686,1.50,2.14
2018.05.01 10:43:38.495,1.28676,1.28685,1.00,2.14
2018.05.01 10:43:43.692,1.28675,1.28686,1.00,2.32
2018.05.01 10:43:43.743,1.28675,1.28686,1.00,1.95
2018.05.01 10:43:44.104,1.28676,1.28684,1.00,1.87
2018.05.01 10:43:45.645,1.28675,1.28686,1.00,3.64
2018.05.01 10:43:46.178,1.28675,1.28685,1.00,1.12
2018.05.01 10:43:46.731,1.28675,1.28684,1.00,1.00
2018.05.01 10:43:47.261,1.28675,1.28685,1.00,1.12
2018.05.01 10:43:47.837,1.28675,1.28684,1.00,1.00
2018.05.01 10:43:48.368,1.28675,1.28685,1.00,1.12
2018.05.01 10:43:49.167,1.28675,1.28684,1.00,1.00
2018.05.01 10:43:49.729,1.28675,1.28685,1.00,1.12
2018.05.01 10:43:50.404,1.28675,1.28686,1.00,2.89
2018.05.01 10:43:50.967,1.28675,1.28684,1.00,1.00
2018.05.01 10:43:51.390,1.28675,1.28686,1.00,1.20
2018.05.01 10:43:51.646,1.28675,1.28684,1.00,2.25
2018.05.01 10:43:52.153,1.28676,1.28685,1.00,4.58
2018.05.01 10:43:52.792,1.28676,1.28684,1.00,2.25
2018.05.01 10:43:54.410,1.28676,1.28685,1.00,3.82
2018.05.01 10:43:55.099,1.28676,1.28684,1.00,2.25
2018.05.01 10:43:55.613,1.28676,1.28685,1.00,3.82
2018.05.01 10:43:56.150,1.28675,1.28684,1.00,1.00
2018.05.01 10:43:56.455,1.28677,1.28684,1.00,1.00
2018.05.01 10:43:57.596,1.28677,1.28685,1.00,1.57
2018.05.01 10:43:58.166,1.28677,1.28684,1.00,1.50
2018.05.01 10:43:59.102,1.28677,1.28685,1.00,2.32
2018.05.01 10:43:59.658,1.28676,1.28685,1.00,4.42
2018.05.01 10:44:00.569,1.28676,1.28684,1.00,2.25
2018.05.01 10:44:03.121,1.28676,1.28685,1.00,4.61
2018.05.01 10:44:03.669,1.28676,1.28685,1.00,4.99
2018.05.01 10:44:04.175,1.28676,1.28685,1.00,4.61
2018.05.01 10:44:04.719,1.28677,1.28685,1.00,4.39
2018.05.01 10:44:05.508,1.28677,1.28684,1.00,2.44
2018.05.01 10:44:05.827,1.2867,1.28676,1.00,1.50
2018.05.01 10:44:06.006,1.28668,1.28676,1.50,1.12
2018.05.01 10:44:06.520,1.28668,1.28677,1.00,1.57
2018.05.01 10:44:06.963,1.2867,1.28677,1.00,2.25
2018.05.01 10:44:07.473,1.28671,1.28678,1.00,1.20
2018.05.01 10:44:08.174,1.28671,1.28677,1.50,1.00
2018.05.01 10:44:08.720,1.28672,1.2868,1.00,1.20
2018.05.01 10:44:08.826,1.28674,1.28681,1.00,1.00
2018.05.01 10:44:09.343,1.28674,1.28683,1.50,2.32
2018.05.01 10:44:15.961,1.28674,1.28682,1.00,1.95
2018.05.01 10:44:16.585,1.28674,1.28682,1.00,1.76
2018.05.01 10:44:19.455,1.28675,1.28682,1.00,1.10
2018.05.01 10:44:20.083,1.28675,1.28682,1.00,1.20
2018.05.01 10:44:24.894,1.28673,1.28682,1.50,2.70
2018.05.01 10:44:30.774,1.28673,1.28682,1.50,1.00
2018.05.01 10:44:30.979,1.28676,1.28682,1.00,1.00
2018.05.01 10:44:31.082,1.28676,1.28685,1.00,2.70
2018.05.01 10:44:33.366,1.28684,1.2869,1.00,1.00
2018.05.01 10:44:33.533,1.28689,1.28697,1.00,3.00
2018.05.01 10:44:33.586,1.28691,1.28698,1.00,2.51
2018.05.01 10:44:33.705,1.28688,1.28696,1.10,1.50
2018.05.01 10:44:34.230,1.28689,1.28697,1.00,2.32
2018.05.01 10:44:35.030,1.28688,1.28697,1.00,5.32
2018.05.01 10:44:35.580,1.28688,1.28695,1.00,1.00
2018.05.01 10:44:36.107,1.28688,1.28696,1.00,1.76
2018.05.01 10:44:36.633,1.28688,1.28696,1.00,3.08
2018.05.01 10:44:37.147,1.28688,1.28696,1.00,3.82
2018.05.01 10:44:38.387,1.28692,1.28696,1.00,1.50
2018.05.01 10:44:38.440,1.28689,1.28699,1.00,1.82
2018.05.01 10:44:38.494,1.28694,1.28698,1.00,1.00
2018.05.01 10:44:38.599,1.28696,1.28704,1.00,2.70
2018.05.01 10:44:39.137,1.28695,1.28703,1.00,2.51
2018.05.01 10:44:39.654,1.28694,1.28702,1.00,2.36
2018.05.01 10:44:40.272,1.28694,1.28702,1.00,2.70
2018.05.01 10:44:40.815,1.28693,1.28701,1.00,1.57
2018.05.01 10:44:41.388,1.28693,1.28701,1.00,1.12
2018.05.01 10:44:41.543,1.28694,1.28704,1.00,4.57
2018.05.01 10:44:42.068,1.28695,1.28704,1.00,2.70
2018.05.01 10:44:42.614,1.28694,1.28703,1.50,1.10
2018.05.01 10:44:43.120,1.28695,1.28702,1.00,1.20
2018.05.01 10:44:43.773,1.28694,1.28702,1.00,1.20
2018.05.01 10:44:44.436,1.28696,1.28704,1.00,3.45
2018.05.01 10:44:44.970,1.28695,1.28704,1.00,3.45
2018.05.01 10:44:45.486,1.28694,1.28702,1.00,1.39
2018.05.01 10:44:45.538,1.28692,1.28701,1.50,1.00
2018.05.01 10:44:46.076,1.28692,1.287,1.50,1.12
2018.05.01 10:44:49.498,1.28693,1.287,1.00,1.12
2018.05.01 10:44:50.565,1.28696,1.28703,1.00,1.95
2018.05.01 10:44:51.077,1.28695,1.28702,1.00,1.57
2018.05.01 10:45:01.214,1.28694,1.28702,1.00,1.57
2018.05.01 10:45:01.954,1.28694,1.28703,1.00,4.76
2018.05.01 10:45:02.470,1.28695,1.28702,1.00,1.95
2018.05.01 10:45:02.522,1.28693,1.28702,1.50,1.76
2018.05.01 10:45:03.057,1.28693,1.28702,1.00,3.45
2018.05.01 10:45:03.571,1.28692,1.28699,1.50,1.12
2018.05.01 10:45:04.769,1.28692,1.287,1.50,2.14
2018.05.01 10:45:07.827,1.28692,1.28699,1.50,1.00
2018.05.01 10:45:09.166,1.28692,1.287,1.50,1.95
2018.05.01 10:45:09.690,1.28692,1.28699,1.50,1.00
2018.05.01 10:45:10.290,1.28692,1.287,1.50,1.10
2018.05.01 10:45:10.947,1.28692,1.28699,1.50,1.00
2018.05.01 10:45:11.816,1.28692,1.287,1.50,1.95
2018.05.01 10:45:16.003,1.28692,1.28699,1.50,1.00
2018.05.01 10:45:16.523,1.28692,1.287,1.50,1.95
2018.05.01 10:45:16.684,1.28695,1.28704,1.50,2.70
2018.05.01 10:45:16.990,1.28695,1.28704,1.50,4.95
2018.05.01 10:45:17.491,1.28695,1.28703,1.50,2.51
2018.05.01 10:45:18.129,1.28695,1.28702,1.00,2.14
2018.05.01 10:45:19.722,1.28694,1.28702,1.00,1.87
2018.05.01 10:45:20.248,1.28694,1.28702,1.50,1.39
2018.05.01 10:45:21.256,1.28692,1.28701,1.50,1.00
2018.05.01 10:45:21.989,1.28692,1.28699,1.50,1.50
2018.05.01 10:45:27.069,1.28692,1.287,1.00,2.32
2018.05.01 10:45:31.357,1.28692,1.28699,1.00,1.00
2018.05.01 10:45:32.173,1.28692,1.287,1.00,1.10
2018.05.01 10:45:34.914,1.28692,1.28699,1.00,1.00
2018.05.01 10:45:35.506,1.28692,1.287,1.00,1.20
2018.05.01 10:45:36.054,1.28692,1.28699,1.00,1.87
2018.05.01 10:45:37.758,1.28692,1.287,1.00,1.95
2018.05.01 10:45:39.666,1.28689,1.287,1.00,2.70
2018.05.01 10:45:40.205,1.28689,1.287,1.00,1.39
2018.05.01 10:45:42.142,1.28689,1.287,1.00,1.10
2018.05.01 10:45:42.746,1.28689,1.28699,1.00,1.50
2018.05.01 10:45:45.177,1.2869,1.28699,1.00,1.50
2018.05.01 10:46:01.609,1.28688,1.28699,1.20,1.00
2018.05.01 10:46:02.034,1.28687,1.28699,1.20,1.00
2018.05.01 10:46:07.495,1.28688,1.28699,1.00,1.00
2018.05.01 10:46:09.171,1.28689,1.28699,1.00,1.00
2018.05.01 10:46:09.222,1.28686,1.28699,4.57,1.00
2018.05.01 10:46:38.054,1.2869,1.28699,1.50,1.00
2018.05.01 10:46:38.240,1.28691,1.28703,1.95,1.10
2018.05.01 10:46:40.273,1.28692,1.28702,1.00,1.10
2018.05.01 10:46:40.326,1.28688,1.28702,1.57,1.57
2018.05.01 10:46:40.835,1.28688,1.28702,1.95,2.70
2018.05.01 10:46:41.350,1.28688,1.28702,1.95,3.45
2018.05.01 10:46:42.993,1.2869,1.28702,1.50,2.70
2018.05.01 10:46:43.097,1.2869,1.28702,1.00,2.32
2018.05.01 10:46:43.636,1.28687,1.28701,1.07,3.82
2018.05.01 10:47:01.038,1.28693,1.28703,1.00,1.95
2018.05.01 10:47:01.144,1.28693,1.28705,1.00,3.45
2018.05.01 10:47:01.248,1.28693,1.28705,1.50,3.07
2018.05.01 10:47:01.971,1.28694,1.28704,1.50,1.50
2018.05.01 10:47:02.194,1.28692,1.28704,2.32,1.20
2018.05.01 10:47:02.485,1.28689,1.28703,3.07,1.10
2018.05.01 10:47:03.006,1.28689,1.28702,1.20,1.76
2018.05.01 10:47:04.111,1.28689,1.28702,1.20,1.95
2018.05.01 10:47:04.218,1.28689,1.28702,1.20,1.95
2018.05.01 10:47:04.728,1.28689,1.28701,1.20,1.00
2018.05.01 10:47:05.538,1.28689,1.28702,1.20,1.76
2018.05.01 10:47:05.942,1.2869,1.28702,1.00,2.32
2018.05.01 10:47:05.997,1.2869,1.28702,1.00,1.57
2018.05.01 10:47:06.609,1.2869,1.28701,1.00,1.00
2018.05.01 10:47:07.141,1.28691,1.28703,1.10,3.45
2018.05.01 10:47:07.654,1.2869,1.28703,1.20,2.89
2018.05.01 10:47:08.921,1.28689,1.28703,1.47,3.64
2018.05.01 10:47:09.273,1.2869,1.28704,3.67,2.70
2018.05.01 10:47:10.276,1.2869,1.28704,3.45,2.89
2018.05.01 10:47:10.897,1.28691,1.28703,1.00,1.10
2018.05.01 10:47:11.504,1.2869,1.28704,3.82,3.45
2018.05.01 10:47:11.988,1.2869,1.28702,1.00,1.76
2018.05.01 10:47:12.506,1.2869,1.28704,1.57,5.89
2018.05.01 10:47:12.659,1.2869,1.28703,1.10,1.64
2018.05.01 10:47:13.771,1.2869,1.28703,1.00,4.24
2018.05.01 10:47:14.272,1.28688,1.28702,3.45,1.10
2018.05.01 10:47:16.084,1.2869,1.28704,4.01,4.76
2018.05.01 10:47:16.598,1.28691,1.28703,1.57,1.57
2018.05.01 10:47:19.886,1.28694,1.28704,1.50,2.32
2018.05.01 10:47:37.662,1.28694,1.28703,1.00,1.10
2018.05.01 10:47:37.716,1.28692,1.28703,1.57,2.32
2018.05.01 10:47:39.249,1.28692,1.28704,1.00,3.07
2018.05.01 10:47:39.715,1.28695,1.28703,1.00,1.00
2018.05.01 10:47:44.912,1.28694,1.28703,1.50,1.00
2018.05.01 10:47:45.458,1.28693,1.28703,2.32,1.00
2018.05.01 10:47:46.114,1.28694,1.28703,1.50,1.00
2018.05.01 10:47:47.939,1.28693,1.28703,2.32,1.00
2018.05.01 10:47:48.471,1.28694,1.28703,1.50,1.00
2018.05.01 10:47:49.014,1.28694,1.28704,1.50,2.32
2018.05.01 10:47:49.660,1.28693,1.28704,2.32,1.10
2018.05.01 10:47:51.421,1.28694,1.28704,1.50,2.32
2018.05.01 10:47:52.460,1.28693,1.28704,2.32,1.10
2018.05.01 10:47:53.042,1.28694,1.28704,1.50,2.32
2018.05.01 10:47:54.617,1.28693,1.28704,2.32,1.10
2018.05.01 10:47:55.518,1.28694,1.28704,1.50,2.32
2018.05.01 10:47:56.688,1.28693,1.28704,2.32,1.10
2018.05.01 10:47:57.259,1.28694,1.28704,1.50,2.32
2018.05.01 10:47:57.413,1.28692,1.28704,1.12,2.32
2018.05.01 10:47:58.657,1.28691,1.28703,3.82,1.00
2018.05.01 10:47:59.255,1.28691,1.28704,3.07,2.32
2018.05.01 10:47:59.814,1.28691,1.28703,3.82,1.00
2018.05.01 10:48:00.577,1.28691,1.28704,3.07,2.32
2018.05.01 10:48:01.117,1.28691,1.28703,1.95,1.20
2018.05.01 10:48:01.323,1.28691,1.28704,2.70,1.20
2018.05.01 10:48:01.529,1.2869,1.28703,1.95,2.70
2018.05.01 10:48:02.140,1.28689,1.28703,4.99,1.39
2018.05.01 10:48:02.654,1.2869,1.28704,1.10,4.57
2018.05.01 10:48:03.270,1.2869,1.28704,3.30,3.07
2018.05.01 10:48:03.803,1.28691,1.28704,1.20,2.70
2018.05.01 10:48:06.360,1.28692,1.28704,1.00,3.64
2018.05.01 10:48:06.896,1.28691,1.28703,2.55,1.20
2018.05.01 10:48:07.050,1.28691,1.28704,1.80,2.32
2018.05.01 10:48:07.560,1.28691,1.28703,2.55,1.00
2018.05.01 10:48:08.404,1.28691,1.28704,1.20,1.57
2018.05.01 10:48:08.568,1.2869,1.28704,4.05,2.89
2018.05.01 10:48:08.951,1.2869,1.28704,4.05,1.10
2018.05.01 10:48:09.285,1.2869,1.28704,2.70,3.64
2018.05.01 10:48:15.042,1.2869,1.28703,2.25,4.39
2018.05.01 10:48:15.426,1.28688,1.287,1.00,1.57
2018.05.01 10:48:16.144,1.28687,1.28701,1.10,2.14
2018.05.01 10:48:20.089,1.28687,1.287,1.10,1.45
2018.05.01 10:48:20.192,1.28687,1.287,1.10,1.10
2018.05.01 10:48:23.013,1.28687,1.28699,1.10,1.20
2018.05.01 10:48:23.980,1.28686,1.287,1.00,4.57
2018.05.01 10:48:30.135,1.28688,1.287,1.00,3.64
2018.05.01 10:48:33.019,1.28688,1.28699,1.00,3.07
2018.05.01 10:48:38.627,1.28688,1.28699,1.00,1.70
2018.05.01 10:48:40.271,1.28689,1.28699,1.00,1.45
2018.05.01 10:48:40.323,1.28687,1.28699,1.10,2.89
2018.05.01 10:48:41.419,1.28688,1.28699,1.00,1.45
2018.05.01 10:48:42.352,1.28687,1.28699,1.10,1.45
2018.05.01 10:48:43.379,1.28689,1.28699,1.00,1.45
2018.05.01 10:48:49.937,1.2869,1.28699,1.00,1.45
2018.05.01 10:48:50.948,1.28689,1.28699,1.00,1.70
2018.05.01 10:49:02.773,1.28689,1.287,1.00,2.70
2018.05.01 10:49:03.378,1.28688,1.28699,1.00,1.12
2018.05.01 10:49:06.851,1.28689,1.28699,1.00,1.12
2018.05.01 10:49:07.388,1.28689,1.28699,1.00,1.50
2018.05.01 10:49:12.965,1.28691,1.28701,1.50,1.45
2018.05.01 10:49:13.475,1.2869,1.28701,1.00,1.12
2018.05.01 10:49:14.294,1.2869,1.28701,1.00,2.25
2018.05.01 10:49:21.652,1.28691,1.28701,1.00,1.50
2018.05.01 10:49:23.709,1.28689,1.28702,1.95,1.75
2018.05.01 10:49:24.219,1.28689,1.28702,1.10,1.85
2018.05.01 10:49:27.186,1.2869,1.28702,1.00,3.82
2018.05.01 10:49:28.048,1.2869,1.28702,1.20,1.85
2018.05.01 10:49:28.568,1.2869,1.28702,1.10,4.20
2018.05.01 10:49:30.872,1.28689,1.287,1.10,1.01
2018.05.01 10:49:33.244,1.2869,1.287,1.00,1.01
2018.05.01 10:49:33.554,1.28688,1.28699,1.10,1.85
2018.05.01 10:49:35.351,1.28688,1.28699,1.10,1.57
2018.05.01 10:49:50.045,1.28688,1.287,1.57,2.89
2018.05.01 10:49:50.430,1.28688,1.287,2.32,2.51
