2013.09.26 20:00:00.322,1.03121,1.03129,1.88,3.00
2013.09.26 20:00:00.864,1.03122,1.03129,1.50,1.50
2013.09.26 20:00:01.222,1.03121,1.03129,1.13,3.90
2013.09.26 20:00:02.072,1.03122,1.03129,2.25,3.00
2013.09.26 20:00:02.271,1.03123,1.03131,1.13,1.50
2013.09.26 20:00:02.392,1.03123,1.03132,1.88,1.50
2013.09.26 20:00:11.961,1.03123,1.03133,2.63,2.63
2013.09.26 20:00:18.653,1.03123,1.03133,2.63,2.63
2013.09.26 20:00:18.955,1.03123,1.03131,2.25,1.65
2013.09.26 20:00:19.501,1.03121,1.03127,1.13,1.27
2013.09.26 20:00:19.742,1.03121,1.03126,1.13,1.50
2013.09.26 20:00:20.277,1.03121,1.03126,1.13,3.00
2013.09.26 20:00:25.532,1.03119,1.03126,1.50,3.75
2013.09.26 20:00:25.652,1.03118,1.03125,1.88,2.25
2013.09.26 20:00:26.011,1.03118,1.03126,2.25,3.75
2013.09.26 20:00:26.672,1.03119,1.03126,1.13,3.75
2013.09.26 20:00:26.911,1.03119,1.03127,1.88,1.65
2013.09.26 20:00:29.591,1.0312,1.03127,1.13,1.65
2013.09.26 20:00:32.421,1.0312,1.03126,1.13,1.50
2013.09.26 20:00:32.722,1.03119,1.03126,1.50,1.50
2013.09.26 20:00:33.761,1.03119,1.03126,1.50,2.25
2013.09.26 20:00:36.301,1.03119,1.03126,1.50,3.00
2013.09.26 20:00:43.862,1.03121,1.03127,1.88,2.25
2013.09.26 20:00:44.043,1.03125,1.03133,1.50,1.50
2013.09.26 20:00:44.402,1.03125,1.03132,1.50,1.50
2013.09.26 20:00:45.356,1.03121,1.03129,1.13,1.50
2013.09.26 20:00:45.893,1.03121,1.0313,1.13,3.75
2013.09.26 20:00:46.012,1.03121,1.03129,1.13,2.40
2013.09.26 20:00:46.371,1.03121,1.03126,1.13,1.50
2013.09.26 20:00:47.551,1.03119,1.03126,2.25,1.50
2013.09.26 20:00:48.264,1.03119,1.03127,2.25,2.78
2013.09.26 20:00:48.442,1.03119,1.03127,2.25,2.03
2013.09.26 20:00:49.312,1.0312,1.03127,1.88,1.50
2013.09.26 20:00:49.861,1.0312,1.03127,2.63,1.50
2013.09.26 20:00:50.181,1.0312,1.0313,2.63,3.75
2013.09.26 20:00:56.402,1.03121,1.0313,1.50,3.00
2013.09.26 20:01:00.313,1.03123,1.0313,1.13,2.25
2013.09.26 20:01:00.432,1.03128,1.03134,1.50,3.00
2013.09.26 20:01:00.554,1.03128,1.03135,1.50,1.50
2013.09.26 20:01:00.972,1.03124,1.03135,3.00,3.00
2013.09.26 20:01:01.514,1.03124,1.03134,2.25,3.00
2013.09.26 20:01:02.232,1.03124,1.0313,1.50,2.25
2013.09.26 20:01:06.142,1.03127,1.03133,1.13,1.50
2013.09.26 20:01:06.207,1.03128,1.03134,1.50,1.50
2013.09.26 20:01:06.272,1.03128,1.03135,1.50,1.50
2013.09.26 20:01:06.692,1.03125,1.03134,1.50,1.50
2013.09.26 20:01:06.875,1.03127,1.03133,1.13,1.13
2013.09.26 20:01:07.361,1.03126,1.03134,1.50,1.50
2013.09.26 20:01:07.421,1.03124,1.03133,1.50,1.50
2013.09.26 20:01:09.551,1.03124,1.03133,2.25,1.13
2013.09.26 20:01:09.671,1.03124,1.0313,2.25,2.25
2013.09.26 20:01:10.204,1.03122,1.0313,2.25,2.25
2013.09.26 20:01:35.772,1.03122,1.0313,1.50,1.13
2013.09.26 20:01:39.081,1.03122,1.0313,1.50,1.13
2013.09.26 20:01:59.532,1.03123,1.0313,1.50,1.13
2013.09.26 20:02:09.757,1.03123,1.03131,2.25,1.50
2013.09.26 20:02:10.301,1.03122,1.03131,1.50,1.50
2013.09.26 20:02:11.095,1.03122,1.03131,1.50,1.50
2013.09.26 20:02:12.082,1.03121,1.0313,2.25,3.00
2013.09.26 20:02:15.401,1.03121,1.03129,1.50,1.13
2013.09.26 20:02:20.001,1.03121,1.0313,1.50,1.88
2013.09.26 20:02:20.481,1.03121,1.03129,1.50,2.25
2013.09.26 20:02:36.491,1.03121,1.03129,1.13,1.50
2013.09.26 20:02:36.611,1.03121,1.0313,1.88,1.13
2013.09.26 20:03:08.142,1.03121,1.0313,1.50,1.13
2013.09.26 20:03:09.027,1.03121,1.0313,1.50,1.13
2013.09.26 20:03:17.541,1.03122,1.03131,1.50,2.10
2013.09.26 20:03:35.346,1.03122,1.03131,1.50,1.35
2013.09.26 20:03:38.971,1.03121,1.03131,1.50,2.10
2013.09.26 20:03:39.091,1.0312,1.03131,1.88,2.85
2013.09.26 20:03:40.481,1.03121,1.03131,1.50,2.85
2013.09.26 20:03:46.911,1.03121,1.0313,1.13,1.50
2013.09.26 20:04:01.911,1.03121,1.03131,1.88,2.85
2013.09.26 20:04:02.594,1.03121,1.0313,1.13,1.50
2013.09.26 20:04:15.621,1.03123,1.03131,1.13,1.50
2013.09.26 20:04:15.681,1.03123,1.03132,1.13,1.50
2013.09.26 20:04:16.252,1.03124,1.03134,1.50,2.63
2013.09.26 20:04:17.201,1.03123,1.03133,1.88,1.50
2013.09.26 20:04:36.541,1.03122,1.03132,4.13,1.88
2013.09.26 20:04:36.662,1.03122,1.03132,3.38,2.63
2013.09.26 20:04:37.269,1.03122,1.0313,2.25,1.50
2013.09.26 20:04:39.441,1.03122,1.03132,3.75,1.50
2013.09.26 20:04:48.232,1.03122,1.03131,2.25,1.50
2013.09.26 20:04:50.342,1.03122,1.0313,1.88,1.50
2013.09.26 20:04:50.902,1.03121,1.0313,1.88,3.00
2013.09.26 20:05:02.912,1.03122,1.03131,2.25,1.50
2013.09.26 20:05:12.471,1.03122,1.03131,2.25,1.50
2013.09.26 20:05:16.921,1.03122,1.03131,1.50,2.25
2013.09.26 20:05:17.443,1.03121,1.0313,2.63,2.25
2013.09.26 20:05:23.314,1.03123,1.03129,1.13,1.50
2013.09.26 20:05:23.433,1.03125,1.03132,1.13,1.50
2013.09.26 20:05:23.492,1.03126,1.03135,1.88,1.50
2013.09.26 20:05:24.221,1.03128,1.03136,1.13,1.50
2013.09.26 20:05:32.273,1.03128,1.03135,1.13,1.50
2013.09.26 20:05:40.751,1.03127,1.03136,1.13,1.50
2013.09.26 20:05:50.542,1.03127,1.03136,1.13,1.50
2013.09.26 20:06:00.601,1.03127,1.03136,1.13,1.50
2013.09.26 20:06:01.142,1.03127,1.03136,1.13,1.50
2013.09.26 20:06:07.391,1.03127,1.03136,1.13,1.50
2013.09.26 20:06:09.811,1.03125,1.03136,1.88,1.50
2013.09.26 20:06:10.052,1.03123,1.03132,2.25,3.00
2013.09.26 20:06:11.023,1.03123,1.03132,1.50,3.00
2013.09.26 20:06:37.001,1.03123,1.03132,1.13,2.25
2013.09.26 20:06:37.542,1.03123,1.0313,1.13,1.50
2013.09.26 20:06:38.213,1.03123,1.03131,1.13,1.50
2013.09.26 20:06:50.282,1.03123,1.03131,1.13,1.50
2013.09.26 20:06:50.402,1.03123,1.03131,1.13,1.88
2013.09.26 20:06:50.642,1.03123,1.03131,1.13,1.88
2013.09.26 20:06:56.132,1.03122,1.03129,1.13,2.25
2013.09.26 20:06:57.326,1.03122,1.03128,1.13,1.50
2013.09.26 20:06:58.003,1.03122,1.03128,1.13,1.50
2013.09.26 20:07:06.311,1.03122,1.03129,1.13,1.50
2013.09.26 20:07:23.842,1.03122,1.0313,1.50,2.25
2013.09.26 20:07:24.392,1.03123,1.03132,1.13,2.25
2013.09.26 20:07:36.642,1.03123,1.0313,1.13,3.00
2013.09.26 20:08:17.781,1.03123,1.03129,1.13,1.50
2013.09.26 20:08:33.131,1.03121,1.03129,1.13,1.50
2013.09.26 20:08:34.942,1.03123,1.03131,1.50,1.50
2013.09.26 20:08:36.492,1.03124,1.03132,1.50,1.50
2013.09.26 20:08:41.382,1.03124,1.03132,1.50,1.50
2013.09.26 20:09:22.892,1.03123,1.03132,1.50,2.25
2013.09.26 20:09:23.412,1.03123,1.0313,1.50,1.50
2013.09.26 20:10:22.976,1.0312,1.03131,1.50,2.25
2013.09.26 20:10:29.971,1.0312,1.03131,2.25,1.50
2013.09.26 20:10:45.362,1.03124,1.03132,1.50,1.13
2013.09.26 20:10:45.722,1.03124,1.03133,1.50,1.50
2013.09.26 20:10:46.452,1.03124,1.03133,1.50,1.50
2013.09.26 20:10:48.320,1.03124,1.03133,1.50,1.50
2013.09.26 20:10:50.184,1.03124,1.03135,1.50,3.00
2013.09.26 20:11:02.782,1.03124,1.03135,1.50,3.00
2013.09.26 20:11:03.316,1.03124,1.03135,1.50,2.25
2013.09.26 20:11:07.393,1.03124,1.03135,1.50,2.25
2013.09.26 20:11:07.943,1.03124,1.03135,1.50,2.25
2013.09.26 20:11:20.070,1.03124,1.03135,1.50,3.00
2013.09.26 20:11:28.249,1.03124,1.03135,1.50,2.25
2013.09.26 20:11:42.006,1.03124,1.03135,1.50,3.00
2013.09.26 20:11:42.062,1.03124,1.03135,2.63,2.25
2013.09.26 20:11:55.182,1.03125,1.03137,2.01,3.53
2013.09.26 20:11:55.302,1.03125,1.03136,1.50,1.50
2013.09.26 20:11:55.362,1.03124,1.03135,2.25,1.50
2013.09.26 20:12:45.002,1.03124,1.03134,1.50,1.88
2013.09.26 20:12:55.351,1.03123,1.03134,1.13,1.50
2013.09.26 20:13:10.273,1.03123,1.03134,1.13,1.88
2013.09.26 20:13:13.223,1.03125,1.03134,1.50,1.50
2013.09.26 20:13:15.058,1.03124,1.03134,3.00,2.25
2013.09.26 20:13:22.552,1.03124,1.03134,1.50,2.63
2013.09.26 20:13:39.472,1.03124,1.03134,3.00,2.25
2013.09.26 20:13:52.272,1.03125,1.03134,1.50,1.50
2013.09.26 20:13:53.934,1.03125,1.03134,1.50,1.50
2013.09.26 20:13:54.472,1.03124,1.03134,1.50,1.50
2013.09.26 20:13:58.292,1.03124,1.03134,1.50,1.50
2013.09.26 20:13:58.842,1.03124,1.03136,1.50,4.13
2013.09.26 20:13:59.392,1.03124,1.03136,1.50,4.13
2013.09.26 20:14:06.982,1.03124,1.03134,1.50,1.50
2013.09.26 20:14:21.302,1.03124,1.03135,1.50,1.50
2013.09.26 20:14:25.922,1.03124,1.03135,1.50,1.50
2013.09.26 20:14:26.472,1.03124,1.03135,1.50,1.50
2013.09.26 20:14:28.532,1.03124,1.03135,1.50,1.50
2013.09.26 20:14:30.252,1.03124,1.03135,1.50,1.50
2013.09.26 20:14:30.772,1.03124,1.03135,1.50,1.50
2013.09.26 20:14:49.405,1.03124,1.03135,1.50,2.25
2013.09.26 20:14:52.332,1.03123,1.03135,2.25,2.25
2013.09.26 20:14:52.862,1.03123,1.03135,2.25,2.25
2013.09.26 20:14:53.403,1.03124,1.03135,1.50,3.00
2013.09.26 20:15:01.672,1.03124,1.03134,1.50,1.50
2013.09.26 20:15:59.602,1.03124,1.03133,1.50,1.50
2013.09.26 20:16:08.735,1.03123,1.03132,1.50,1.13
2013.09.26 20:16:41.523,1.03124,1.03133,1.50,3.38
2013.09.26 20:16:45.905,1.03123,1.03132,1.50,1.13
2013.09.26 20:18:13.263,1.03122,1.03132,1.50,1.50
2013.09.26 20:18:17.563,1.03121,1.03132,2.25,1.50
2013.09.26 20:18:18.123,1.03122,1.03132,1.50,1.50
2013.09.26 20:19:10.640,1.03121,1.03132,1.88,1.50
2013.09.26 20:19:11.246,1.03121,1.03131,1.13,1.50
2013.09.26 20:19:46.882,1.03121,1.03131,1.13,1.50
2013.09.26 20:19:48.503,1.03121,1.03131,1.13,1.88
2013.09.26 20:19:49.043,1.03121,1.0313,1.13,1.50
2013.09.26 20:20:31.303,1.03121,1.03132,3.38,2.25
2013.09.26 20:20:54.660,1.03122,1.03132,1.13,1.50
2013.09.26 20:21:00.084,1.03122,1.03132,1.13,1.50
2013.09.26 20:21:09.483,1.03122,1.03132,1.13,1.50
2013.09.26 20:21:23.344,1.03123,1.03133,1.50,2.25
2013.09.26 20:21:23.911,1.03123,1.03134,2.63,2.25
2013.09.26 20:21:24.628,1.03123,1.03134,2.63,2.25
2013.09.26 20:21:25.220,1.03123,1.03134,2.63,2.25
2013.09.26 20:21:36.923,1.03123,1.03134,2.63,2.25
2013.09.26 20:21:47.644,1.03123,1.03135,2.68,1.13
2013.09.26 20:21:48.605,1.03123,1.03134,2.63,1.50
2013.09.26 20:21:49.083,1.03124,1.03135,1.50,1.13
2013.09.26 20:21:50.924,1.03123,1.03133,1.50,1.88
2013.09.26 20:21:50.984,1.03122,1.03132,1.50,1.50
2013.09.26 20:22:00.272,1.03122,1.03132,1.50,1.50
2013.09.26 20:22:06.703,1.03122,1.03132,1.50,1.50
2013.09.26 20:22:18.688,1.0312,1.0313,4.13,1.50
2013.09.26 20:22:21.604,1.0312,1.0313,4.13,1.50
2013.09.26 20:22:21.966,1.03121,1.0313,1.50,1.50
2013.09.26 20:22:47.334,1.03122,1.03129,1.50,1.50
2013.09.26 20:22:52.545,1.03119,1.03129,2.63,1.50
2013.09.26 20:22:52.904,1.03119,1.03127,1.88,1.50
2013.09.26 20:22:53.024,1.03118,1.03126,3.00,2.48
2013.09.26 20:22:53.564,1.03118,1.03126,1.13,1.73
2013.09.26 20:23:18.064,1.03118,1.03125,1.50,1.11
2013.09.26 20:23:20.774,1.03118,1.03125,1.50,1.11
2013.09.26 20:23:30.731,1.03116,1.03125,1.88,1.48
2013.09.26 20:23:35.693,1.03116,1.03125,1.13,1.48
2013.09.26 20:23:36.643,1.03116,1.03125,1.88,1.11
2013.09.26 20:23:44.274,1.03117,1.03127,1.13,1.50
2013.09.26 20:23:44.514,1.03117,1.03127,1.13,1.50
2013.09.26 20:23:54.774,1.03117,1.03126,2.25,1.13
2013.09.26 20:23:55.013,1.03118,1.03128,1.50,1.88
2013.09.26 20:23:55.134,1.03118,1.03128,1.50,1.50
2013.09.26 20:23:57.547,1.03118,1.03129,1.50,3.75
2013.09.26 20:24:24.813,1.03118,1.03129,1.88,3.00
2013.09.26 20:24:39.466,1.03117,1.03127,2.63,1.50
2013.09.26 20:25:06.704,1.03118,1.03127,1.13,1.50
2013.09.26 20:25:09.675,1.03118,1.03127,1.13,1.50
2013.09.26 20:25:10.094,1.03115,1.03125,2.25,1.50
2013.09.26 20:25:10.638,1.03115,1.03125,1.50,2.25
2013.09.26 20:25:11.154,1.03115,1.03125,1.50,1.50
2013.09.26 20:25:22.404,1.03114,1.03125,2.25,1.50
2013.09.26 20:25:33.044,1.03114,1.03125,2.25,1.50
2013.09.26 20:25:39.505,1.03114,1.03125,2.25,1.50
2013.09.26 20:26:11.004,1.03113,1.03126,1.50,1.50
2013.09.26 20:26:16.594,1.03113,1.03127,2.63,3.75
2013.09.26 20:26:17.497,1.03113,1.03126,2.63,1.50
2013.09.26 20:26:28.445,1.03113,1.03126,2.63,1.50
2013.09.26 20:26:37.594,1.03113,1.03127,3.38,3.00
2013.09.26 20:26:45.494,1.03114,1.03127,1.50,3.00
2013.09.26 20:26:45.674,1.03113,1.03127,3.38,3.00
2013.09.26 20:26:55.335,1.03113,1.03126,1.88,1.50
2013.09.26 20:26:56.029,1.03113,1.03125,1.13,1.50
2013.09.26 20:27:45.904,1.03113,1.03125,1.50,1.50
2013.09.26 20:27:46.025,1.03113,1.03126,2.25,1.50
2013.09.26 20:27:46.144,1.03113,1.03126,1.50,1.50
2013.09.26 20:28:00.134,1.03113,1.03126,2.25,1.50
2013.09.26 20:28:06.564,1.03112,1.03124,1.88,1.50
2013.09.26 20:28:07.284,1.03112,1.03124,1.13,1.50
2013.09.26 20:28:07.940,1.03112,1.03123,1.13,2.25
2013.09.26 20:28:27.654,1.03112,1.03123,1.13,1.50
2013.09.26 20:28:42.644,1.03112,1.03123,1.13,1.50
2013.09.26 20:28:43.184,1.03112,1.03123,1.13,1.50
2013.09.26 20:28:47.074,1.03112,1.03123,1.13,1.50
2013.09.26 20:28:53.094,1.03113,1.03123,1.50,2.63
2013.09.26 20:28:54.567,1.03112,1.03122,1.50,1.50
2013.09.26 20:29:01.225,1.03112,1.03122,1.50,2.25
2013.09.26 20:29:15.195,1.03112,1.03122,1.50,2.25
2013.09.26 20:29:16.424,1.03112,1.03123,1.50,1.50
2013.09.26 20:29:20.584,1.03115,1.03123,1.13,1.50
2013.09.26 20:29:20.944,1.03118,1.03126,1.50,1.50
2013.09.26 20:29:28.084,1.03114,1.03126,1.35,2.25
2013.09.26 20:29:28.204,1.03113,1.03122,2.63,1.50
2013.09.26 20:29:29.315,1.03113,1.0312,1.13,1.50
2013.09.26 20:29:31.056,1.0311,1.03116,1.50,1.28
2013.09.26 20:29:31.594,1.03108,1.03116,1.13,6.53
2013.09.26 20:29:32.225,1.03113,1.03118,1.13,1.50
2013.09.26 20:29:33.936,1.03108,1.03117,1.28,1.43
2013.09.26 20:29:47.375,1.03108,1.03116,1.50,2.40
2013.09.26 20:29:51.695,1.03108,1.03117,1.50,2.03
2013.09.26 20:29:55.625,1.03109,1.03117,1.50,1.65
2013.09.26 20:30:00.795,1.03106,1.03118,2.63,1.65
2013.09.26 20:30:02.412,1.03099,1.03109,1.50,3.38
2013.09.26 20:30:02.955,1.03097,1.03106,1.50,1.50
2013.09.26 20:30:05.406,1.03097,1.03108,2.25,1.50
2013.09.26 20:30:11.445,1.03098,1.03109,1.50,1.88
2013.09.26 20:30:13.755,1.03098,1.03108,1.50,1.50
2013.09.26 20:30:14.855,1.03098,1.03109,1.50,1.88
2013.09.26 20:30:14.915,1.03099,1.03109,1.50,1.88
2013.09.26 20:30:14.975,1.03099,1.03109,2.25,1.13
2013.09.26 20:30:15.095,1.03099,1.03109,1.50,1.13
2013.09.26 20:30:18.559,1.031,1.03112,1.88,1.50
2013.09.26 20:30:19.150,1.03103,1.03113,1.50,1.50
2013.09.26 20:30:29.894,1.03102,1.03112,1.50,1.50
2013.09.26 20:30:32.114,1.03101,1.03112,1.50,1.50
2013.09.26 20:31:01.755,1.031,1.03112,1.50,1.50
2013.09.26 20:31:02.436,1.031,1.03112,2.25,1.50
2013.09.26 20:31:10.635,1.031,1.03113,2.25,2.33
2013.09.26 20:31:24.115,1.031,1.03113,3.00,3.15
2013.09.26 20:31:24.654,1.031,1.03113,3.75,2.70
2013.09.26 20:31:29.065,1.031,1.03113,2.25,3.15
2013.09.26 20:31:29.610,1.031,1.03113,3.00,1.95
2013.09.26 20:31:36.285,1.031,1.03113,3.75,1.95
2013.09.26 20:31:52.765,1.03102,1.03113,1.50,1.20
2013.09.26 20:31:54.058,1.03102,1.03115,1.50,1.88
2013.09.26 20:31:54.575,1.03101,1.03113,2.25,1.95
2013.09.26 20:31:55.655,1.03102,1.03113,1.13,1.95
2013.09.26 20:31:56.015,1.03104,1.03114,2.63,1.20
2013.09.26 20:31:56.735,1.03104,1.03114,1.88,1.65
2013.09.26 20:31:57.515,1.03104,1.03115,1.88,1.88
2013.09.26 20:31:58.055,1.03104,1.03114,1.88,1.20
2013.09.26 20:31:58.595,1.03104,1.03115,1.88,1.50
2013.09.26 20:31:59.195,1.03104,1.03114,1.88,1.20
2013.09.26 20:31:59.735,1.03104,1.03116,1.88,3.15
2013.09.26 20:32:00.395,1.03104,1.03114,2.63,1.20
2013.09.26 20:32:01.175,1.03104,1.03114,2.63,1.20
2013.09.26 20:32:01.955,1.03104,1.03114,1.88,1.20
2013.09.26 20:32:02.555,1.03104,1.03116,1.88,3.15
2013.09.26 20:32:03.095,1.03104,1.03114,2.63,1.65
2013.09.26 20:32:03.695,1.03104,1.03116,2.63,3.15
2013.09.26 20:32:04.468,1.03104,1.03114,1.88,1.20
2013.09.26 20:32:04.656,1.03104,1.03115,1.50,1.50
2013.09.26 20:32:04.715,1.03103,1.03113,1.50,1.20
2013.09.26 20:32:04.898,1.03102,1.03113,1.88,1.65
2013.09.26 20:32:10.405,1.03102,1.03115,1.88,2.25
2013.09.26 20:32:10.645,1.03103,1.03115,1.50,2.25
2013.09.26 20:32:10.705,1.03104,1.03115,1.88,1.50
2013.09.26 20:32:11.305,1.03105,1.03115,1.13,2.25
2013.09.26 20:32:11.665,1.03105,1.03115,1.13,2.70
2013.09.26 20:32:11.785,1.03105,1.03115,1.13,3.00
2013.09.26 20:32:11.905,1.03105,1.03115,1.13,1.20
2013.09.26 20:32:12.445,1.03105,1.03115,1.13,1.20
2013.09.26 20:32:12.985,1.03105,1.03115,1.13,1.20
2013.09.26 20:32:13.225,1.03105,1.03116,1.13,2.40
2013.09.26 20:32:13.285,1.03105,1.03115,1.13,1.20
2013.09.26 20:32:13.527,1.03105,1.03115,1.13,2.25
2013.09.26 20:32:13.645,1.03105,1.03115,1.13,3.15
2013.09.26 20:32:14.799,1.03105,1.03115,1.13,1.50
2013.09.26 20:32:14.855,1.03105,1.03115,1.13,3.15
2013.09.26 20:32:15.675,1.03105,1.03115,1.13,2.25
2013.09.26 20:32:15.855,1.03105,1.03115,1.13,1.95
2013.09.26 20:32:16.035,1.03105,1.03115,1.13,1.50
2013.09.26 20:32:16.095,1.03105,1.03115,1.13,2.70
2013.09.26 20:32:16.634,1.03105,1.03116,1.13,1.65
2013.09.26 20:32:16.695,1.03105,1.03115,1.13,1.95
2013.09.26 20:32:16.995,1.03105,1.03115,1.13,1.50
2013.09.26 20:32:17.055,1.03105,1.03115,1.13,1.95
2013.09.26 20:32:17.295,1.03105,1.03116,1.13,1.65
2013.09.26 20:32:17.355,1.03105,1.03115,1.13,1.20
2013.09.26 20:32:17.895,1.03105,1.03115,1.13,1.20
2013.09.26 20:32:18.435,1.03105,1.03115,1.13,1.50
2013.09.26 20:32:18.800,1.03105,1.03115,1.13,2.70
2013.09.26 20:32:18.985,1.03105,1.03116,1.13,2.40
2013.09.26 20:32:19.105,1.03105,1.03115,1.13,2.40
2013.09.26 20:32:19.344,1.03105,1.03116,1.13,1.65
2013.09.26 20:32:19.405,1.03105,1.03115,1.13,1.65
2013.09.26 20:32:19.945,1.03105,1.03115,1.13,1.20
2013.09.26 20:32:21.066,1.03105,1.03115,1.13,1.95
2013.09.26 20:32:21.305,1.03105,1.03116,1.13,2.40
2013.09.26 20:32:22.146,1.03105,1.03115,1.13,1.20
2013.09.26 20:32:22.265,1.03105,1.03116,1.13,1.65
2013.09.26 20:32:22.325,1.03105,1.03115,1.13,1.20
2013.09.26 20:32:22.686,1.03106,1.03116,2.10,1.35
2013.09.26 20:32:22.746,1.03107,1.03117,1.88,2.78
2013.09.26 20:32:25.685,1.03107,1.03117,2.25,2.03
2013.09.26 20:32:27.386,1.03107,1.03113,1.50,1.13
2013.09.26 20:32:27.446,1.03105,1.03113,1.13,1.13
2013.09.26 20:32:27.745,1.03103,1.03113,1.88,1.13
2013.09.26 20:32:29.366,1.03103,1.03114,2.63,1.13
2013.09.26 20:32:30.605,1.03106,1.03115,1.13,2.25
2013.09.26 20:32:31.212,1.03107,1.03116,1.88,3.90
2013.09.26 20:32:32.135,1.03106,1.03116,1.50,3.90
2013.09.26 20:32:32.255,1.03105,1.03116,2.63,3.90
2013.09.26 20:32:33.755,1.03105,1.03116,1.88,3.15
2013.09.26 20:32:34.330,1.03106,1.03118,1.50,1.88
2013.09.26 20:32:34.725,1.03106,1.03118,1.50,2.63
2013.09.26 20:32:35.265,1.03105,1.03117,1.88,1.28
2013.09.26 20:32:51.095,1.03104,1.03116,1.88,5.10
2013.09.26 20:33:00.357,1.03104,1.03112,1.13,1.13
2013.09.26 20:33:00.847,1.03103,1.03113,1.13,1.88
2013.09.26 20:33:04.487,1.03103,1.03113,1.13,1.88
2013.09.26 20:33:10.466,1.03104,1.03114,1.13,1.13
2013.09.26 20:33:11.305,1.03103,1.03113,1.13,1.88
2013.09.26 20:33:14.026,1.03104,1.03116,1.13,4.28
2013.09.26 20:33:14.146,1.03104,1.03113,1.13,1.13
2013.09.26 20:33:14.384,1.03103,1.03113,1.13,1.13
2013.09.26 20:33:14.924,1.03103,1.03112,1.13,1.35
2013.09.26 20:33:15.945,1.03104,1.03113,1.13,1.50
2013.09.26 20:33:16.485,1.031,1.03113,2.25,2.25
2013.09.26 20:33:17.035,1.03101,1.03113,1.13,2.25
2013.09.26 20:33:17.865,1.03101,1.03113,1.13,2.25
2013.09.26 20:33:18.464,1.031,1.03114,1.50,1.88
2013.09.26 20:33:18.765,1.03101,1.03113,1.13,1.50
2013.09.26 20:33:19.330,1.03101,1.03109,1.13,1.13
2013.09.26 20:33:19.397,1.03096,1.03109,2.25,1.28
2013.09.26 20:33:19.458,1.03096,1.03108,1.50,1.13
2013.09.26 20:33:19.706,1.03097,1.0311,1.13,1.50
2013.09.26 20:33:20.065,1.03097,1.03105,1.13,1.28
2013.09.26 20:33:20.186,1.03097,1.03108,1.13,1.50
2013.09.26 20:33:26.395,1.03097,1.03111,2.63,1.50
2013.09.26 20:33:26.515,1.03097,1.03109,2.63,1.50
2013.09.26 20:33:27.398,1.03097,1.0311,2.63,1.50
2013.09.26 20:33:27.585,1.03099,1.03111,1.50,1.50
2013.09.26 20:33:27.886,1.03098,1.03114,2.63,1.50
2013.09.26 20:33:28.006,1.03098,1.0311,1.50,1.50
2013.09.26 20:33:28.735,1.03097,1.03111,2.63,1.50
2013.09.26 20:33:29.271,1.03097,1.0311,2.63,1.50
2013.09.26 20:33:30.666,1.03098,1.03111,1.88,1.50
2013.09.26 20:33:31.172,1.031,1.03114,1.50,1.50
2013.09.26 20:33:32.375,1.031,1.03112,1.50,1.50
2013.09.26 20:33:33.005,1.031,1.03112,2.63,1.50
2013.09.26 20:33:33.425,1.031,1.03112,1.50,1.50
2013.09.26 20:33:33.636,1.031,1.03113,1.50,1.50
2013.09.26 20:33:33.756,1.031,1.03112,2.25,1.50
2013.09.26 20:33:34.265,1.031,1.03112,1.50,1.50
2013.09.26 20:33:40.266,1.031,1.03111,1.50,1.50
2013.09.26 20:33:40.803,1.031,1.03113,1.50,1.50
2013.09.26 20:33:45.425,1.031,1.03114,1.50,1.50
2013.09.26 20:33:45.485,1.03101,1.03114,1.50,1.50
2013.09.26 20:34:03.105,1.03102,1.03115,1.50,1.50
2013.09.26 20:34:03.645,1.03104,1.03116,1.50,2.93
2013.09.26 20:34:25.415,1.03101,1.03114,1.50,1.50
2013.09.26 20:34:38.958,1.031,1.03113,3.00,1.50
2013.09.26 20:34:52.935,1.03099,1.03112,2.25,1.50
2013.09.26 20:34:58.376,1.03099,1.03114,1.50,1.50
2013.09.26 20:34:59.031,1.031,1.03114,1.50,1.50
2013.09.26 20:35:11.605,1.031,1.03113,1.50,1.50
2013.09.26 20:35:12.115,1.031,1.03112,2.25,1.50
2013.09.26 20:35:18.575,1.031,1.03113,1.50,1.50
2013.09.26 20:35:19.386,1.03099,1.03113,2.25,1.50
2013.09.26 20:35:21.036,1.03099,1.03111,1.50,1.50
2013.09.26 20:35:33.515,1.03098,1.03109,1.50,1.58
2013.09.26 20:35:33.575,1.03095,1.03106,3.38,1.95
2013.09.26 20:35:33.755,1.03098,1.03108,1.50,1.50
2013.09.26 20:35:34.176,1.03098,1.03109,1.50,1.50
2013.09.26 20:35:34.536,1.03096,1.0311,1.50,2.25
2013.09.26 20:35:35.076,1.03096,1.03108,1.50,1.50
2013.09.26 20:35:35.435,1.03094,1.03105,1.50,2.03
2013.09.26 20:35:36.036,1.03093,1.03105,1.50,5.40
2013.09.26 20:35:49.038,1.03093,1.03105,1.50,3.15
2013.09.26 20:35:49.396,1.03093,1.03105,1.50,2.70
2013.09.26 20:35:49.936,1.03093,1.03105,1.50,1.88
2013.09.26 20:35:51.805,1.03093,1.03105,1.88,1.88
2013.09.26 20:35:52.165,1.03094,1.03105,1.50,1.50
2013.09.26 20:35:55.477,1.03093,1.03105,2.25,1.50
2013.09.26 20:35:55.715,1.03094,1.03105,1.13,1.50
2013.09.26 20:35:55.956,1.03093,1.03105,3.75,1.13
2013.09.26 20:35:56.468,1.03093,1.03105,2.25,1.73
2013.09.26 20:36:00.947,1.03092,1.03105,1.88,2.48
2013.09.26 20:36:01.877,1.03092,1.03105,2.25,1.73
2013.09.26 20:36:01.996,1.03095,1.03105,2.25,1.35
2013.09.26 20:36:02.056,1.03098,1.03108,1.50,1.50
2013.09.26 20:36:04.156,1.03097,1.03109,1.50,1.88
2013.09.26 20:36:04.335,1.03098,1.03109,1.50,1.88
2013.09.26 20:36:04.456,1.03098,1.03109,1.50,1.50
2013.09.26 20:36:04.815,1.03096,1.03109,1.50,1.88
2013.09.26 20:36:07.315,1.03097,1.03109,1.50,1.88
2013.09.26 20:36:07.616,1.03098,1.0311,1.50,1.13
2013.09.26 20:36:07.675,1.031,1.0311,1.50,1.13
2013.09.26 20:36:09.516,1.03099,1.0311,1.50,1.13
2013.09.26 20:36:09.637,1.03098,1.03109,1.50,1.13
2013.09.26 20:36:09.818,1.03096,1.03108,2.25,1.50
2013.09.26 20:36:09.877,1.03098,1.03109,1.50,1.88
2013.09.26 20:36:10.175,1.031,1.0311,1.50,1.13
2013.09.26 20:36:10.892,1.03099,1.0311,1.50,1.13
2013.09.26 20:36:11.196,1.03098,1.03108,1.50,1.50
2013.09.26 20:36:11.768,1.03096,1.03108,1.50,1.50
2013.09.26 20:36:13.357,1.03097,1.03108,1.50,1.50
2013.09.26 20:36:13.717,1.03098,1.03109,1.50,1.50
2013.09.26 20:36:14.155,1.03097,1.03109,1.50,2.63
2013.09.26 20:36:14.695,1.03096,1.03108,1.50,2.25
2013.09.26 20:36:18.507,1.03095,1.03108,1.50,2.25
2013.09.26 20:36:19.926,1.03096,1.03109,1.50,1.88
2013.09.26 20:36:19.986,1.03098,1.03109,1.50,1.88
2013.09.26 20:36:20.106,1.03097,1.03109,2.25,1.13
2013.09.26 20:36:20.166,1.03097,1.03109,2.25,1.13
2013.09.26 20:36:20.225,1.03097,1.03109,1.50,1.13
2013.09.26 20:36:20.826,1.03095,1.03108,1.50,1.50
2013.09.26 20:36:23.636,1.03095,1.03109,1.50,2.63
2013.09.26 20:36:26.746,1.03095,1.03109,1.50,1.88
2013.09.26 20:36:28.916,1.03095,1.03109,1.50,1.88
2013.09.26 20:36:37.486,1.03095,1.03107,1.50,1.50
2013.09.26 20:36:38.026,1.03094,1.03108,1.50,2.25
2013.09.26 20:36:39.156,1.03094,1.03108,1.50,1.50
2013.09.26 20:36:40.158,1.03094,1.03106,1.50,1.50
2013.09.26 20:36:41.432,1.03094,1.03107,1.50,1.50
2013.09.26 20:36:42.123,1.03094,1.03106,1.50,1.50
2013.09.26 20:36:49.015,1.03094,1.03107,1.50,1.50
2013.09.26 20:36:52.956,1.03095,1.03109,1.50,2.63
2013.09.26 20:36:53.075,1.03096,1.0311,2.25,1.13
2013.09.26 20:36:54.426,1.03097,1.0311,1.50,1.88
2013.09.26 20:36:54.547,1.03094,1.03107,2.25,1.50
2013.09.26 20:36:55.725,1.03094,1.03106,1.50,1.50
2013.09.26 20:36:56.276,1.03092,1.03105,2.63,1.50
2013.09.26 20:36:56.815,1.03092,1.03104,1.50,1.50
2013.09.26 20:36:58.005,1.03092,1.03104,1.50,1.50
2013.09.26 20:37:00.586,1.0309,1.03103,3.38,1.50
2013.09.26 20:37:08.655,1.0309,1.03102,2.25,2.25
2013.09.26 20:37:13.866,1.03089,1.03101,1.50,1.50
2013.09.26 20:37:14.106,1.03089,1.031,1.50,2.85
2013.09.26 20:37:14.407,1.03089,1.03098,1.50,2.10
2013.09.26 20:37:14.886,1.03089,1.03094,1.50,1.50
2013.09.26 20:37:15.995,1.03088,1.03099,1.50,3.00
2013.09.26 20:37:16.535,1.0309,1.03099,1.50,1.50
2013.09.26 20:37:17.156,1.03091,1.031,1.50,1.50
2013.09.26 20:37:17.723,1.03092,1.031,1.50,1.50
2013.09.26 20:37:20.176,1.03093,1.03103,1.50,1.95
2013.09.26 20:37:23.486,1.03093,1.03103,1.50,1.20
2013.09.26 20:37:24.465,1.03093,1.03103,1.50,1.20
2013.09.26 20:37:25.057,1.03093,1.03103,1.50,1.20
2013.09.26 20:37:25.606,1.03093,1.03103,1.50,1.20
2013.09.26 20:37:26.418,1.03093,1.03103,1.50,1.20
2013.09.26 20:37:37.336,1.0309,1.03095,1.88,2.10
2013.09.26 20:37:37.456,1.0309,1.03095,1.50,2.10
2013.09.26 20:37:37.516,1.03086,1.03095,1.13,2.10
2013.09.26 20:37:38.595,1.03084,1.03097,2.18,3.57
2013.09.26 20:37:38.656,1.03088,1.03097,1.13,2.07
2013.09.26 20:37:38.715,1.03088,1.031,1.88,3.45
2013.09.26 20:37:39.276,1.03088,1.031,1.50,1.20
2013.09.26 20:37:39.855,1.0309,1.03101,1.50,1.20
2013.09.26 20:37:42.686,1.03087,1.03099,1.88,1.73
2013.09.26 20:37:43.227,1.03088,1.03099,1.88,1.73
2013.09.26 20:37:45.355,1.03088,1.031,1.88,1.95
2013.09.26 20:37:52.876,1.03088,1.03099,1.13,1.73
2013.09.26 20:37:53.463,1.03087,1.03097,1.13,1.50
2013.09.26 20:37:55.876,1.03087,1.03099,1.13,2.48
2013.09.26 20:38:00.196,1.03086,1.03098,1.88,1.50
2013.09.26 20:39:06.550,1.03084,1.03098,1.88,2.25
2013.09.26 20:39:29.676,1.03084,1.031,1.50,1.88
2013.09.26 20:39:44.625,1.03084,1.031,2.25,1.88
2013.09.26 20:39:44.745,1.03084,1.03098,3.00,1.50
2013.09.26 20:40:14.587,1.03084,1.03098,2.25,1.65
2013.09.26 20:40:15.088,1.03084,1.03096,1.13,1.65
2013.09.26 20:40:16.704,1.03084,1.03096,1.13,1.65
2013.09.26 20:40:28.175,1.03084,1.03098,1.13,1.50
2013.09.26 20:40:46.526,1.03085,1.03098,1.13,3.00
2013.09.26 20:40:52.248,1.03085,1.03098,1.13,2.25
2013.09.26 20:41:02.707,1.03086,1.031,2.85,2.25
2013.09.26 20:41:14.696,1.03089,1.03101,2.63,1.50
2013.09.26 20:41:22.886,1.0309,1.03103,1.50,1.50
2013.09.26 20:41:22.946,1.0309,1.03104,1.88,1.50
2013.09.26 20:41:23.459,1.03092,1.03104,1.13,1.50
2013.09.26 20:41:31.326,1.03092,1.03104,1.13,1.50
2013.09.26 20:41:32.734,1.03091,1.03104,1.88,1.50
2013.09.26 20:42:00.477,1.03092,1.03105,1.13,2.62
2013.09.26 20:42:01.016,1.03096,1.03108,1.50,1.50
2013.09.26 20:42:01.376,1.03098,1.03112,1.50,2.48
2013.09.26 20:42:01.796,1.03098,1.03111,2.25,1.13
2013.09.26 20:42:02.186,1.03097,1.0311,1.50,1.65
2013.09.26 20:42:02.489,1.03092,1.03105,1.50,2.40
2013.09.26 20:42:02.608,1.03091,1.03104,2.10,1.50
2013.09.26 20:42:02.907,1.03093,1.03105,1.50,1.65
2013.09.26 20:42:04.640,1.03093,1.03105,1.50,1.65
2013.09.26 20:42:08.868,1.03093,1.03107,1.50,1.65
2013.09.26 20:42:09.766,1.03093,1.03105,1.50,1.65
2013.09.26 20:42:15.776,1.03093,1.03104,1.50,1.50
2013.09.26 20:42:20.346,1.03093,1.03106,1.50,1.13
2013.09.26 20:42:20.466,1.03097,1.03109,1.50,3.00
2013.09.26 20:42:49.848,1.03096,1.03108,1.50,2.03
2013.09.26 20:42:57.046,1.03096,1.03111,1.50,1.65
2013.09.26 20:42:57.166,1.03096,1.03112,1.50,1.13
2013.09.26 20:42:57.526,1.03094,1.0311,2.63,1.50
2013.09.26 20:42:57.646,1.03094,1.0311,2.63,1.65
2013.09.26 20:43:09.277,1.03094,1.03107,1.13,1.13
2013.09.26 20:43:09.841,1.03096,1.03112,1.50,1.13
2013.09.26 20:43:11.366,1.03094,1.03112,1.13,1.13
2013.09.26 20:43:11.486,1.03093,1.03106,1.50,1.13
2013.09.26 20:43:19.838,1.03093,1.03107,2.25,3.23
2013.09.26 20:43:20.197,1.03097,1.03111,1.50,1.13
2013.09.26 20:43:27.325,1.03094,1.03111,2.63,1.13
2013.09.26 20:43:27.386,1.03094,1.03106,1.88,1.13
2013.09.26 20:44:01.330,1.03092,1.03106,1.50,1.88
2013.09.26 20:44:01.636,1.03092,1.03106,1.50,1.88
2013.09.26 20:44:05.926,1.03091,1.03106,1.50,1.88
2013.09.26 20:44:07.206,1.03092,1.03107,1.88,1.65
2013.09.26 20:44:07.325,1.03094,1.03109,1.13,1.65
2013.09.26 20:44:19.786,1.03094,1.0311,1.88,1.65
2013.09.26 20:44:38.427,1.03095,1.0311,2.48,1.50
2013.09.26 20:44:38.487,1.03098,1.03111,1.50,1.50
2013.09.26 20:44:39.021,1.03099,1.03112,1.35,1.50
2013.09.26 20:44:40.356,1.03099,1.03112,1.35,1.50
2013.09.26 20:44:41.047,1.03099,1.03114,1.35,2.63
2013.09.26 20:44:43.036,1.03099,1.03113,1.35,1.13
2013.09.26 20:44:43.606,1.03098,1.03114,2.85,2.78
2013.09.26 20:44:43.666,1.03099,1.03111,1.35,1.28
2013.09.26 20:44:43.966,1.03098,1.03111,1.50,1.65
2013.09.26 20:44:44.147,1.03096,1.03111,1.50,1.13
2013.09.26 20:44:44.426,1.03094,1.03111,1.88,1.13
2013.09.26 20:44:44.956,1.03094,1.03111,1.88,1.13
2013.09.26 20:44:45.876,1.03098,1.03112,2.10,1.50
2013.09.26 20:45:12.856,1.03098,1.03111,1.35,1.28
2013.09.26 20:45:14.646,1.03098,1.03111,1.35,1.13
2013.09.26 20:45:14.707,1.03098,1.03111,1.35,1.28
2013.09.26 20:45:15.066,1.03098,1.03113,1.35,1.50
2013.09.26 20:45:15.250,1.03098,1.03113,1.35,1.50
2013.09.26 20:45:15.557,1.03098,1.03109,1.35,1.43
2013.09.26 20:45:15.680,1.03098,1.03113,1.35,2.25
2013.09.26 20:45:17.957,1.03098,1.03111,2.10,1.80
2013.09.26 20:45:18.018,1.03098,1.03109,2.10,1.05
2013.09.26 20:45:26.183,1.03098,1.03111,1.35,1.13
2013.09.26 20:45:26.246,1.03098,1.03112,1.35,2.63
2013.09.26 20:45:26.826,1.03098,1.03111,1.35,1.28
2013.09.26 20:45:32.426,1.03098,1.03112,2.10,2.63
2013.09.26 20:45:52.207,1.03098,1.03113,2.10,1.50
2013.09.26 20:45:56.186,1.03101,1.03113,1.50,1.50
2013.09.26 20:46:24.148,1.031,1.03112,1.35,1.73
2013.09.26 20:46:24.387,1.031,1.03116,1.35,1.50
2013.09.26 20:46:25.016,1.031,1.03112,2.10,1.73
2013.09.26 20:46:25.316,1.031,1.03112,1.35,1.88
2013.09.26 20:46:25.827,1.031,1.03112,1.35,2.48
2013.09.26 20:46:26.006,1.031,1.03112,1.35,2.25
2013.09.26 20:46:26.584,1.031,1.03115,2.10,2.23
2013.09.26 20:46:26.946,1.031,1.03114,1.35,1.50
2013.09.26 20:46:51.497,1.031,1.03116,1.50,1.43
2013.09.26 20:46:53.356,1.031,1.03117,1.50,2.03
2013.09.26 20:46:53.896,1.031,1.03117,2.25,2.03
2013.09.26 20:46:55.107,1.031,1.03111,2.25,1.13
2013.09.26 20:46:55.227,1.03094,1.03105,1.13,1.50
2013.09.26 20:46:55.287,1.03094,1.03106,1.50,1.13
2013.09.26 20:46:55.471,1.03094,1.0311,1.50,3.00
2013.09.26 20:46:55.656,1.03099,1.03113,2.85,1.50
2013.09.26 20:46:55.717,1.031,1.03114,1.35,1.50
2013.09.26 20:46:57.102,1.031,1.03113,1.35,2.25
2013.09.26 20:46:58.586,1.03097,1.0311,1.88,1.35
2013.09.26 20:46:58.887,1.03094,1.03106,1.50,1.88
2013.09.26 20:47:00.013,1.03092,1.03106,1.50,1.13
2013.09.26 20:47:00.787,1.03092,1.03106,1.50,1.88
2013.09.26 20:47:01.146,1.0309,1.03105,1.13,2.67
2013.09.26 20:47:01.507,1.0309,1.03101,1.13,1.13
2013.09.26 20:47:03.076,1.03087,1.03101,1.13,1.13
2013.09.26 20:47:03.137,1.03087,1.03096,1.13,1.13
2013.09.26 20:47:03.316,1.03086,1.03097,1.13,2.25
2013.09.26 20:47:03.676,1.03089,1.03101,1.13,1.13
2013.09.26 20:47:04.036,1.03089,1.03101,1.13,1.13
2013.09.26 20:47:05.356,1.03089,1.03096,1.13,1.13
2013.09.26 20:47:06.216,1.03089,1.03101,1.13,1.13
2013.09.26 20:47:07.097,1.03089,1.03096,1.13,1.13
2013.09.26 20:47:07.966,1.03089,1.03101,1.13,1.13
2013.09.26 20:47:09.356,1.03089,1.03101,1.13,1.13
2013.09.26 20:47:10.606,1.03085,1.03098,3.75,1.13
2013.09.26 20:47:10.845,1.03083,1.03099,1.50,1.50
2013.09.26 20:47:10.980,1.0309,1.03102,1.13,1.88
2013.09.26 20:47:11.106,1.03091,1.03104,1.13,1.50
2013.09.26 20:47:11.167,1.03091,1.03106,1.13,1.13
2013.09.26 20:47:11.586,1.0309,1.03106,1.13,1.13
2013.09.26 20:47:14.353,1.03091,1.03101,1.13,2.10
2013.09.26 20:47:16.962,1.03084,1.03099,1.50,3.00
2013.09.26 20:47:17.037,1.03086,1.03105,1.13,1.13
2013.09.26 20:47:17.547,1.03086,1.03105,1.13,1.13
2013.09.26 20:47:18.856,1.03085,1.03102,1.13,2.48
2013.09.26 20:47:18.976,1.03086,1.03097,1.13,1.88
2013.09.26 20:47:22.206,1.03084,1.03097,1.13,1.88
2013.09.26 20:47:23.296,1.03083,1.03096,1.50,1.88
2013.09.26 20:47:24.417,1.03083,1.03096,1.50,1.88
2013.09.26 20:47:26.956,1.03083,1.03096,1.50,1.13
2013.09.26 20:47:27.677,1.03083,1.03097,1.50,2.63
2013.09.26 20:47:27.976,1.03085,1.031,1.50,1.50
2013.09.26 20:47:28.216,1.03091,1.03105,1.35,2.25
2013.09.26 20:47:28.758,1.03091,1.03105,1.35,2.25
2013.09.26 20:47:28.936,1.03091,1.03105,1.35,2.25
2013.09.26 20:47:29.456,1.03091,1.03105,1.35,3.00
2013.09.26 20:47:35.546,1.03089,1.03104,1.50,1.13
2013.09.26 20:47:36.699,1.03088,1.03104,1.88,1.13
2013.09.26 20:47:42.806,1.03085,1.03104,1.50,1.50
2013.09.26 20:47:43.546,1.03085,1.03104,1.50,1.50
2013.09.26 20:47:53.976,1.03092,1.03105,1.35,1.50
2013.09.26 20:47:55.342,1.03092,1.03105,1.35,2.25
2013.09.26 20:47:57.256,1.03092,1.03105,1.35,3.00
2013.09.26 20:48:00.667,1.03093,1.03105,1.35,2.25
2013.09.26 20:48:13.557,1.03096,1.03108,1.50,1.50
2013.09.26 20:48:13.616,1.031,1.03108,2.10,1.50
2013.09.26 20:48:15.428,1.031,1.0311,2.85,1.50
2013.09.26 20:48:15.966,1.031,1.0311,2.85,1.50
2013.09.26 20:48:16.517,1.031,1.03112,1.35,1.50
2013.09.26 20:48:23.062,1.03099,1.03112,2.10,1.50
2013.09.26 20:48:29.661,1.031,1.03112,1.35,1.50
2013.09.26 20:48:30.917,1.03102,1.03112,2.10,1.50
2013.09.26 20:48:35.618,1.03102,1.03115,2.10,1.50
2013.09.26 20:48:36.173,1.03102,1.03116,3.60,1.35
2013.09.26 20:48:36.922,1.03102,1.03116,2.85,1.35
2013.09.26 20:48:38.787,1.03101,1.03116,1.50,1.35
2013.09.26 20:48:39.087,1.03096,1.03116,1.50,1.73
2013.09.26 20:48:54.317,1.03094,1.03111,2.63,1.28
2013.09.26 20:48:57.657,1.03094,1.03111,2.25,1.65
2013.09.26 20:49:11.150,1.03094,1.03111,1.50,2.25
2013.09.26 20:49:17.077,1.03094,1.03111,1.50,3.90
2013.09.26 20:49:19.496,1.03094,1.03106,1.50,1.28
2013.09.26 20:49:31.386,1.03093,1.03103,1.50,1.50
2013.09.26 20:49:31.926,1.03091,1.03106,1.35,1.88
2013.09.26 20:49:36.521,1.03093,1.03106,1.50,1.13
2013.09.26 20:49:37.090,1.03091,1.03106,2.10,3.38
2013.09.26 20:49:41.674,1.03091,1.03106,1.35,3.38
2013.09.26 20:49:42.302,1.03091,1.03106,1.35,3.38
2013.09.26 20:49:46.880,1.03091,1.03106,1.35,3.38
2013.09.26 20:50:01.397,1.03092,1.03105,1.50,1.05
2013.09.26 20:50:01.936,1.03092,1.03105,1.50,1.05
2013.09.26 20:50:10.127,1.03094,1.03107,1.50,1.13
2013.09.26 20:50:10.888,1.03094,1.03111,1.50,2.25
2013.09.26 20:50:13.237,1.03094,1.0311,1.50,1.65
2013.09.26 20:50:13.887,1.03092,1.03106,1.50,1.28
2013.09.26 20:50:13.947,1.03093,1.03106,1.50,1.28
2013.09.26 20:50:16.567,1.0309,1.03096,1.35,1.13
2013.09.26 20:50:16.807,1.03084,1.03096,1.50,1.13
2013.09.26 20:50:41.927,1.03084,1.03099,1.50,1.50
2013.09.26 20:50:41.987,1.03084,1.03101,1.50,1.50
2013.09.26 20:50:42.691,1.03084,1.03103,1.50,2.25
2013.09.26 20:51:02.577,1.03084,1.03101,1.50,1.50
2013.09.26 20:51:44.292,1.03084,1.03101,1.88,2.25
2013.09.26 20:51:45.628,1.03084,1.031,1.88,2.63
2013.09.26 20:51:55.286,1.03085,1.03097,1.50,1.50
2013.09.26 20:51:55.467,1.03087,1.03102,2.10,1.13
2013.09.26 20:51:56.118,1.03087,1.03103,2.10,1.88
2013.09.26 20:51:56.177,1.03087,1.03103,2.10,1.88
2013.09.26 20:51:56.740,1.03087,1.03104,2.10,2.25
2013.09.26 20:51:56.802,1.03087,1.03104,2.10,3.00
2013.09.26 20:51:57.506,1.03087,1.03104,2.10,3.00
2013.09.26 20:51:57.837,1.03086,1.03103,1.50,2.85
2013.09.26 20:51:57.897,1.03086,1.031,1.50,2.63
2013.09.26 20:51:58.257,1.03084,1.031,1.88,2.25
2013.09.26 20:51:58.693,1.03084,1.031,1.88,1.50
2013.09.26 20:51:59.316,1.03084,1.03102,1.88,2.25
2013.09.26 20:52:00.909,1.03084,1.031,1.88,1.88
2013.09.26 20:52:08.387,1.03084,1.03099,1.50,2.25
2013.09.26 20:52:08.447,1.03084,1.03101,1.88,1.50
2013.09.26 20:52:08.988,1.03085,1.03104,1.13,2.25
2013.09.26 20:52:10.303,1.03085,1.03101,1.13,1.13
2013.09.26 20:52:10.368,1.03085,1.031,1.13,1.13
2013.09.26 20:52:37.336,1.03084,1.03099,1.50,1.50
2013.09.26 20:52:37.577,1.03085,1.03102,1.13,1.13
2013.09.26 20:52:45.519,1.03084,1.03102,3.38,1.88
2013.09.26 20:52:50.067,1.03086,1.03099,1.13,1.50
2013.09.26 20:52:52.788,1.03084,1.03097,1.50,1.88
2013.09.26 20:52:52.967,1.03084,1.03101,1.50,2.25
2013.09.26 20:52:53.535,1.03085,1.03101,1.13,1.50
2013.09.26 20:52:53.597,1.03087,1.03103,1.35,1.50
2013.09.26 20:52:53.957,1.03088,1.03105,1.50,2.25
2013.09.26 20:52:54.497,1.03085,1.03102,1.50,1.13
2013.09.26 20:52:55.012,1.03084,1.03102,3.00,1.88
2013.09.26 20:52:56.602,1.03084,1.03097,3.00,1.13
2013.09.26 20:52:56.667,1.03084,1.03097,3.00,1.13
2013.09.26 20:53:00.328,1.03084,1.03097,1.50,1.13
2013.09.26 20:53:00.388,1.03084,1.03099,1.50,1.50
2013.09.26 20:53:00.448,1.03084,1.031,1.50,1.50
2013.09.26 20:53:00.567,1.03084,1.03102,1.50,2.63
2013.09.26 20:53:02.137,1.03084,1.03101,1.50,1.50
2013.09.26 20:53:06.657,1.03086,1.03103,1.13,1.13
2013.09.26 20:53:07.220,1.03086,1.03107,1.88,1.13
2013.09.26 20:53:24.847,1.03088,1.03108,1.50,1.88
2013.09.26 20:53:27.667,1.03086,1.03105,2.48,1.50
2013.09.26 20:53:32.648,1.0309,1.03107,1.50,1.88
2013.09.26 20:53:55.197,1.03091,1.03105,1.50,1.50
2013.09.26 20:53:58.457,1.0309,1.03106,2.63,1.50
2013.09.26 20:54:00.487,1.03092,1.03107,1.50,1.50
2013.09.26 20:54:04.969,1.03092,1.03105,1.50,1.50
2013.09.26 20:54:37.878,1.03092,1.03107,1.50,1.50
2013.09.26 20:54:40.379,1.03094,1.03107,1.50,1.13
2013.09.26 20:54:48.398,1.03092,1.03104,1.50,1.50
2013.09.26 20:55:00.258,1.03091,1.03103,1.50,1.50
2013.09.26 20:55:00.989,1.03088,1.03104,2.10,1.50
2013.09.26 20:55:02.038,1.03088,1.03104,1.50,1.50
2013.09.26 20:55:48.827,1.03088,1.03101,1.50,1.50
2013.09.26 20:55:53.238,1.03088,1.03101,1.50,1.50
2013.09.26 20:56:06.527,1.03088,1.03102,1.50,1.50
2013.09.26 20:56:09.018,1.03088,1.03101,1.50,1.50
2013.09.26 20:56:10.067,1.03088,1.03103,1.50,1.50
2013.09.26 20:56:16.148,1.03088,1.03101,1.50,2.25
2013.09.26 20:56:16.216,1.03085,1.03101,1.50,2.25
2013.09.26 20:56:17.527,1.03084,1.03101,1.50,2.63
2013.09.26 20:56:36.930,1.03085,1.03101,1.13,2.63
2013.09.26 20:56:37.953,1.03085,1.03101,1.13,2.63
2013.09.26 20:57:29.867,1.03085,1.03101,1.88,1.88
2013.09.26 20:57:40.148,1.0309,1.03104,1.13,1.88
2013.09.26 20:57:40.688,1.0309,1.03104,1.50,1.88
2013.09.26 20:57:42.820,1.03092,1.03104,1.50,1.88
2013.09.26 20:57:43.002,1.03095,1.03107,1.13,1.65
2013.09.26 20:57:43.130,1.03094,1.03108,1.88,1.65
2013.09.26 20:57:43.310,1.03089,1.03105,1.50,2.40
2013.09.26 20:57:48.897,1.03089,1.03104,1.50,1.88
2013.09.26 20:57:54.287,1.03089,1.03104,1.50,1.88
2013.09.26 20:58:01.709,1.03087,1.03105,1.88,1.65
2013.09.26 20:58:02.536,1.0309,1.03109,1.50,1.28
2013.09.26 20:58:03.901,1.03087,1.03105,1.50,1.65
2013.09.26 20:58:05.867,1.0309,1.03109,1.88,2.03
2013.09.26 20:58:08.087,1.0309,1.03109,1.88,1.28
2013.09.26 20:58:12.549,1.0309,1.03109,1.88,1.28
2013.09.26 20:58:19.367,1.0309,1.03109,1.88,1.65
2013.09.26 20:58:21.697,1.0309,1.03108,1.13,1.65
2013.09.26 20:58:27.837,1.0309,1.0311,1.50,1.65
2013.09.26 20:58:29.577,1.03093,1.0311,1.13,1.28
2013.09.26 20:58:30.747,1.03094,1.03112,1.88,1.13
2013.09.26 20:58:47.127,1.03092,1.03111,1.50,1.50
2013.09.26 20:58:47.247,1.0309,1.03111,1.88,1.88
2013.09.26 20:58:48.516,1.0309,1.03111,1.88,1.88
2013.09.26 20:58:54.928,1.03095,1.03111,1.88,1.13
2013.09.26 20:59:00.617,1.03095,1.03115,1.13,5.40
2013.09.26 20:59:01.257,1.03095,1.03113,1.13,1.50
2013.09.26 20:59:03.217,1.03095,1.03105,1.13,0.15
2013.09.26 20:59:20.588,1.03091,1.03105,0.75,0.15
2013.09.26 20:59:28.637,1.03087,1.03105,1.50,0.15
2013.09.26 20:59:45.367,1.03087,1.03107,1.50,0.75
2013.09.26 20:59:58.156,1.03087,1.03102,0.75,0.75
2013.09.26 20:59:58.217,1.03084,1.03102,0.75,0.75
2013.09.26 20:59:58.277,1.03082,1.03102,0.75,0.75
