2015.05.20 22:00:00.186,1.22055,1.22083,0.10,0.75
2015.05.20 22:00:00.700,1.22056,1.22083,0.75,0.75
2015.05.20 22:00:01.205,1.22056,1.22084,0.75,0.75
2015.05.20 22:00:02.451,1.22058,1.22084,0.75,0.75
2015.05.20 22:00:04.353,1.22055,1.22084,0.75,0.75
2015.05.20 22:00:04.455,1.22056,1.22079,1.50,0.10
2015.05.20 22:00:10.810,1.22059,1.22079,0.37,0.10
2015.05.20 22:00:12.233,1.22061,1.22079,0.37,0.10
2015.05.20 22:00:13.200,1.22066,1.22079,0.75,0.10
2015.05.20 22:00:13.513,1.22072,1.22083,1.50,0.10
2015.05.20 22:00:14.121,1.22073,1.22083,0.75,0.10
2015.05.20 22:00:14.425,1.22075,1.22083,0.75,0.10
2015.05.20 22:00:21.059,1.2207,1.22083,0.75,0.10
2015.05.20 22:00:23.179,1.22071,1.22083,0.75,0.10
2015.05.20 22:00:29.148,1.2207,1.22083,0.37,0.10
2015.05.20 22:00:29.352,1.22067,1.22083,1.87,0.10
2015.05.20 22:00:32.622,1.22067,1.22085,1.50,0.75
2015.05.20 22:00:33.342,1.22069,1.22085,0.75,0.75
2015.05.20 22:00:39.421,1.22069,1.22086,0.75,1.12
2015.05.20 22:00:43.483,1.22068,1.22086,1.50,0.75
2015.05.20 22:00:54.201,1.22067,1.22086,1.12,0.75
2015.05.20 22:01:00.033,1.22067,1.22085,1.12,0.75
2015.05.20 22:01:00.819,1.2207,1.22086,0.75,0.75
2015.05.20 22:01:01.123,1.22072,1.22086,0.37,0.75
2015.05.20 22:01:04.857,1.22072,1.22088,0.45,0.75
2015.05.20 22:01:05.407,1.22073,1.22088,0.10,0.75
2015.05.20 22:01:15.029,1.22073,1.22089,0.10,1.12
2015.05.20 22:01:23.453,1.22073,1.2209,0.10,0.37
2015.05.20 22:01:24.002,1.22073,1.22091,0.10,0.37
2015.05.20 22:01:24.522,1.22073,1.22092,0.10,1.12
2015.05.20 22:01:26.723,1.22075,1.22092,0.10,1.12
2015.05.20 22:01:33.460,1.22075,1.22091,0.10,0.75
2015.05.20 22:01:43.573,1.22075,1.22092,0.45,1.12
2015.05.20 22:01:55.249,1.22075,1.22091,0.10,0.37
2015.05.20 22:01:55.821,1.22075,1.2209,0.10,0.37
2015.05.20 22:01:56.138,1.22079,1.22093,0.37,1.12
2015.05.20 22:01:56.451,1.22078,1.2209,0.45,0.37
2015.05.20 22:01:56.553,1.22078,1.22093,0.37,0.75
2015.05.20 22:01:56.654,1.22075,1.22095,0.37,0.75
2015.05.20 22:01:57.323,1.22075,1.22093,0.37,0.75
2015.05.20 22:01:58.659,1.22079,1.22093,0.37,0.75
2015.05.20 22:02:00.387,1.22081,1.22093,0.75,0.75
2015.05.20 22:02:13.805,1.2208,1.22093,0.75,0.75
2015.05.20 22:02:14.372,1.22081,1.22093,0.75,0.75
2015.05.20 22:02:14.908,1.2208,1.22093,0.75,0.75
2015.05.20 22:02:16.800,1.22079,1.22093,1.12,0.75
2015.05.20 22:02:18.870,1.2208,1.22093,0.75,0.75
2015.05.20 22:02:19.539,1.2208,1.22096,0.75,0.75
2015.05.20 22:02:20.056,1.2208,1.22095,0.75,0.37
2015.05.20 22:02:20.107,1.22082,1.22094,0.37,0.37
2015.05.20 22:02:20.704,1.22082,1.22093,0.37,0.75
2015.05.20 22:02:20.890,1.2208,1.22093,0.75,0.75
2015.05.20 22:02:21.097,1.2208,1.22096,0.75,1.12
2015.05.20 22:02:21.641,1.2208,1.22095,1.12,0.37
2015.05.20 22:02:22.303,1.2208,1.22096,1.12,1.12
2015.05.20 22:02:39.558,1.2208,1.22098,0.75,1.50
2015.05.20 22:02:54.303,1.2208,1.22099,0.82,1.50
2015.05.20 22:02:55.605,1.22082,1.22099,0.75,1.50
2015.05.20 22:03:08.078,1.22081,1.22099,0.75,1.50
2015.05.20 22:03:13.671,1.2208,1.22099,0.82,1.50
2015.05.20 22:03:14.286,1.2208,1.22098,0.82,0.75
2015.05.20 22:03:14.855,1.22081,1.22098,0.75,0.75
2015.05.20 22:03:19.179,1.2208,1.22098,0.75,0.75
2015.05.20 22:03:20.799,1.22081,1.22098,0.75,1.50
2015.05.20 22:03:26.307,1.2208,1.22098,0.75,1.50
2015.05.20 22:03:34.219,1.2208,1.22099,0.75,2.25
2015.05.20 22:03:40.850,1.22081,1.22099,0.75,2.25
2015.05.20 22:03:41.053,1.22079,1.22099,1.12,2.25
2015.05.20 22:03:51.276,1.22079,1.22098,1.12,0.75
2015.05.20 22:03:56.519,1.22081,1.22098,0.10,0.75
2015.05.20 22:04:14.277,1.22078,1.22099,1.20,1.50
2015.05.20 22:04:22.343,1.22082,1.22099,1.00,1.50
2015.05.20 22:04:22.647,1.22089,1.22101,1.12,1.00
2015.05.20 22:04:25.386,1.22091,1.22101,1.00,1.00
2015.05.20 22:04:28.470,1.22091,1.221,1.00,1.00
2015.05.20 22:04:28.521,1.22081,1.221,1.37,1.00
2015.05.20 22:04:28.572,1.22081,1.221,1.20,1.00
2015.05.20 22:04:28.674,1.22081,1.22101,1.10,2.25
2015.05.20 22:04:29.934,1.22081,1.221,1.10,1.00
2015.05.20 22:04:34.259,1.2208,1.22099,1.20,1.00
2015.05.20 22:04:38.421,1.2208,1.22097,2.70,1.00
2015.05.20 22:04:38.625,1.22084,1.22105,1.00,1.12
2015.05.20 22:04:38.777,1.22085,1.22105,1.57,1.00
2015.05.20 22:04:38.829,1.22085,1.22109,1.57,1.50
2015.05.20 22:04:39.376,1.22086,1.2211,1.07,1.00
2015.05.20 22:04:41.141,1.22087,1.22111,1.07,1.00
2015.05.20 22:04:50.772,1.22087,1.2211,1.07,1.00
2015.05.20 22:04:50.824,1.22087,1.22098,1.07,1.00
2015.05.20 22:04:51.331,1.22083,1.22098,1.57,1.00
2015.05.20 22:04:52.972,1.22084,1.22098,1.07,1.00
2015.05.20 22:04:54.985,1.22083,1.22093,1.57,1.00
2015.05.20 22:04:58.597,1.22079,1.22094,1.57,1.00
2015.05.20 22:05:00.094,1.22079,1.22098,1.57,1.00
2015.05.20 22:05:00.355,1.22079,1.22096,1.57,1.00
2015.05.20 22:05:05.172,1.22079,1.22095,1.07,1.00
2015.05.20 22:05:15.371,1.22079,1.22096,1.57,1.00
2015.05.20 22:05:27.288,1.22079,1.22095,1.57,1.00
2015.05.20 22:05:46.315,1.22079,1.22096,1.57,1.00
2015.05.20 22:05:46.822,1.22078,1.22096,1.87,1.00
2015.05.20 22:05:56.781,1.22082,1.22095,1.07,1.00
2015.05.20 22:05:57.182,1.2208,1.2209,1.07,1.00
2015.05.20 22:05:57.487,1.2208,1.2209,1.20,1.00
2015.05.20 22:05:57.593,1.2208,1.22096,1.20,1.00
2015.05.20 22:06:02.128,1.2208,1.22095,1.07,1.00
2015.05.20 22:06:34.065,1.22081,1.22096,1.07,1.50
2015.05.20 22:06:37.254,1.2208,1.22096,1.20,1.50
2015.05.20 22:06:40.896,1.2208,1.22096,1.07,1.50
2015.05.20 22:06:44.016,1.2208,1.22094,1.07,1.00
2015.05.20 22:06:44.959,1.22078,1.22094,1.45,1.00
2015.05.20 22:06:47.267,1.22079,1.22094,1.12,1.00
2015.05.20 22:06:49.921,1.22079,1.22095,1.12,1.00
2015.05.20 22:07:10.674,1.22081,1.22095,1.50,1.00
2015.05.20 22:07:14.184,1.2208,1.22096,1.87,2.25
2015.05.20 22:07:22.028,1.2208,1.22096,1.20,2.25
2015.05.20 22:07:23.462,1.2208,1.22096,1.50,2.25
2015.05.20 22:07:24.034,1.2208,1.22096,1.57,2.25
2015.05.20 22:07:25.975,1.2208,1.22096,1.87,2.25
2015.05.20 22:07:34.307,1.22079,1.22095,1.12,1.00
2015.05.20 22:07:37.867,1.22081,1.22095,1.37,1.00
2015.05.20 22:07:54.346,1.22082,1.22096,1.37,1.50
2015.05.20 22:08:03.570,1.22082,1.22096,1.07,1.50
2015.05.20 22:08:30.054,1.22083,1.22096,1.07,1.58
2015.05.20 22:08:35.160,1.22084,1.22095,1.00,1.58
2015.05.20 22:08:35.427,1.22076,1.22095,2.25,1.65
2015.05.20 22:08:35.479,1.22076,1.22093,1.50,1.08
2015.05.20 22:08:36.002,1.22076,1.22093,1.12,1.08
2015.05.20 22:08:36.154,1.22076,1.22093,1.10,1.58
2015.05.20 22:08:36.655,1.22075,1.22092,1.00,1.08
2015.05.20 22:08:43.548,1.22074,1.22093,1.00,1.15
2015.05.20 22:08:48.058,1.22076,1.22093,1.00,1.28
2015.05.20 22:08:48.160,1.22073,1.2209,1.00,1.45
2015.05.20 22:08:48.670,1.22073,1.2209,1.00,1.45
2015.05.20 22:08:54.347,1.22071,1.2209,1.50,1.95
2015.05.20 22:08:59.199,1.22071,1.2209,1.00,1.55
2015.05.20 22:08:59.671,1.22073,1.22092,1.50,2.03
2015.05.20 22:08:59.976,1.2207,1.22089,1.00,1.20
2015.05.20 22:09:00.379,1.22074,1.22091,1.00,1.53
2015.05.20 22:09:00.481,1.2207,1.22089,1.37,1.08
2015.05.20 22:09:02.538,1.2207,1.22089,1.00,1.45
2015.05.20 22:09:10.827,1.2207,1.22089,1.12,1.45
2015.05.20 22:09:11.958,1.2207,1.22089,1.12,1.58
2015.05.20 22:09:12.546,1.2207,1.22089,1.00,1.08
2015.05.20 22:09:13.369,1.22072,1.22089,1.00,1.08
2015.05.20 22:09:14.286,1.22073,1.2209,1.00,1.18
2015.05.20 22:09:30.715,1.22072,1.22091,1.00,1.98
2015.05.20 22:09:30.817,1.22072,1.22091,1.00,1.57
2015.05.20 22:09:31.250,1.2207,1.22089,1.00,1.08
2015.05.20 22:09:31.301,1.22073,1.2209,1.00,1.57
2015.05.20 22:09:31.403,1.22071,1.2209,1.50,1.57
2015.05.20 22:09:31.505,1.22073,1.2209,1.00,1.07
2015.05.20 22:09:32.810,1.22072,1.22091,1.00,1.44
2015.05.20 22:09:33.330,1.22071,1.22088,1.00,1.03
2015.05.20 22:09:33.832,1.2207,1.22089,1.50,1.57
2015.05.20 22:09:34.432,1.22072,1.22089,1.00,1.45
2015.05.20 22:09:34.534,1.2207,1.22089,1.50,1.94
2015.05.20 22:09:37.559,1.2207,1.22089,1.50,1.94
2015.05.20 22:09:41.471,1.22074,1.22091,1.00,1.00
2015.05.20 22:09:54.240,1.22075,1.22092,1.00,1.00
2015.05.20 22:10:00.289,1.22075,1.22094,1.00,1.00
2015.05.20 22:10:16.025,1.22076,1.22095,1.50,1.50
2015.05.20 22:10:34.210,1.22077,1.22095,1.00,1.00
2015.05.20 22:10:34.762,1.22078,1.22095,1.00,1.00
2015.05.20 22:10:54.246,1.22076,1.22095,1.50,1.50
2015.05.20 22:11:14.210,1.22078,1.22095,1.00,1.00
2015.05.20 22:11:28.968,1.22077,1.22094,1.00,1.00
2015.05.20 22:11:30.053,1.22076,1.22093,1.12,1.00
2015.05.20 22:11:54.260,1.22075,1.22094,1.00,1.00
2015.05.20 22:11:56.765,1.22077,1.22094,1.00,1.00
2015.05.20 22:11:56.816,1.22077,1.22096,1.50,1.50
2015.05.20 22:12:17.832,1.22076,1.22095,1.50,1.50
2015.05.20 22:12:18.376,1.22075,1.22094,1.00,1.00
2015.05.20 22:12:18.944,1.22074,1.22093,1.00,1.00
2015.05.20 22:12:19.046,1.22077,1.22094,1.00,1.00
2015.05.20 22:12:19.553,1.22076,1.22095,1.50,1.50
2015.05.20 22:12:34.264,1.22077,1.22096,1.00,1.37
2015.05.20 22:12:36.288,1.22077,1.22096,1.00,1.12
2015.05.20 22:12:43.846,1.22076,1.22094,1.00,1.00
2015.05.20 22:12:44.434,1.22075,1.22094,1.50,1.50
2015.05.20 22:12:53.902,1.22077,1.22094,1.00,1.00
2015.05.20 22:13:34.417,1.22076,1.22093,1.00,1.00
2015.05.20 22:13:53.127,1.22076,1.22093,1.00,1.37
2015.05.20 22:13:53.279,1.22073,1.22092,1.00,1.37
2015.05.20 22:13:53.330,1.22073,1.22092,1.00,1.87
2015.05.20 22:13:53.432,1.22073,1.2209,1.00,1.00
2015.05.20 22:13:53.483,1.22074,1.22093,1.50,1.87
2015.05.20 22:13:54.026,1.22075,1.22094,1.00,1.00
2015.05.20 22:13:54.577,1.22076,1.22095,1.50,1.50
2015.05.20 22:14:00.571,1.22076,1.22095,1.50,1.87
2015.05.20 22:14:01.580,1.22076,1.22095,1.50,1.87
2015.05.20 22:14:08.607,1.22078,1.22095,1.00,1.00
2015.05.20 22:14:23.779,1.22078,1.22095,1.87,1.00
2015.05.20 22:14:23.830,1.2208,1.22099,2.25,1.50
2015.05.20 22:14:23.931,1.22087,1.221,1.00,1.12
2015.05.20 22:14:26.865,1.22087,1.22099,1.00,1.00
2015.05.20 22:14:44.973,1.22087,1.22102,1.00,1.37
2015.05.20 22:14:45.922,1.22087,1.22102,1.00,1.37
2015.05.20 22:14:51.052,1.22087,1.22102,1.00,1.37
2015.05.20 22:14:51.103,1.22085,1.221,1.00,1.12
2015.05.20 22:14:51.204,1.22082,1.22099,1.00,1.00
2015.05.20 22:14:55.277,1.2208,1.22099,1.12,1.00
2015.05.20 22:14:55.379,1.22078,1.22097,1.75,1.00
2015.05.20 22:14:56.387,1.22079,1.22097,1.00,1.00
2015.05.20 22:15:06.537,1.22078,1.22097,1.00,1.00
2015.05.20 22:15:14.228,1.22079,1.22096,1.00,1.00
2015.05.20 22:15:22.122,1.22079,1.22098,1.00,1.12
2015.05.20 22:15:22.422,1.22081,1.22098,1.00,1.12
2015.05.20 22:15:23.219,1.22081,1.22099,1.00,1.00
2015.05.20 22:15:23.524,1.22083,1.221,1.00,1.00
2015.05.20 22:15:25.321,1.22083,1.22101,1.00,1.00
2015.05.20 22:16:00.345,1.22083,1.22101,1.00,1.87
2015.05.20 22:16:00.447,1.22083,1.22101,1.00,1.50
2015.05.20 22:16:10.794,1.22083,1.22101,1.00,1.50
2015.05.20 22:16:12.192,1.22082,1.22099,1.00,1.12
2015.05.20 22:16:12.243,1.22082,1.22097,1.00,1.37
2015.05.20 22:16:12.294,1.22077,1.22096,1.37,1.12
2015.05.20 22:16:12.345,1.22082,1.22096,1.00,1.12
2015.05.20 22:16:12.550,1.2209,1.22107,1.00,1.37
2015.05.20 22:16:12.702,1.22088,1.22107,1.50,1.87
2015.05.20 22:16:12.804,1.22087,1.22104,1.00,1.00
2015.05.20 22:16:29.360,1.22088,1.22107,1.00,1.00
2015.05.20 22:16:30.689,1.22088,1.22107,1.00,1.37
2015.05.20 22:16:33.667,1.22088,1.22107,1.00,1.12
2015.05.20 22:17:25.325,1.22086,1.22103,1.00,1.00
2015.05.20 22:17:25.427,1.22082,1.22101,1.12,1.00
2015.05.20 22:17:25.934,1.22081,1.221,1.50,1.00
2015.05.20 22:17:27.407,1.22081,1.221,1.00,1.00
2015.05.20 22:17:27.911,1.2208,1.22099,2.25,1.50
2015.05.20 22:17:28.520,1.2208,1.22099,2.25,1.50
2015.05.20 22:17:29.109,1.22082,1.22099,1.00,1.00
2015.05.20 22:17:29.610,1.2208,1.22099,2.25,1.50
2015.05.20 22:17:31.389,1.2208,1.22099,1.50,1.50
2015.05.20 22:17:31.896,1.22081,1.221,1.00,1.00
2015.05.20 22:17:32.468,1.2208,1.22099,1.12,1.00
2015.05.20 22:17:33.572,1.22082,1.22099,1.00,1.00
2015.05.20 22:17:34.450,1.2208,1.22099,1.12,1.00
2015.05.20 22:17:35.542,1.22081,1.221,1.00,1.00
2015.05.20 22:17:39.449,1.22081,1.22098,1.00,1.00
2015.05.20 22:17:54.263,1.22079,1.22098,1.87,1.00
2015.05.20 22:18:14.295,1.2208,1.22097,1.00,1.00
2015.05.20 22:18:34.217,1.22079,1.22098,1.50,1.50
2015.05.20 22:18:54.607,1.22079,1.22098,2.25,1.50
2015.05.20 22:18:55.122,1.22079,1.22098,1.50,1.50
2015.05.20 22:19:04.201,1.2208,1.22097,1.00,1.00
2015.05.20 22:19:05.268,1.22081,1.22098,1.00,1.00
2015.05.20 22:19:08.607,1.22079,1.22098,1.12,1.00
2015.05.20 22:19:08.658,1.22079,1.22098,1.00,1.37
2015.05.20 22:19:09.183,1.22077,1.22096,1.37,1.12
2015.05.20 22:19:12.041,1.22077,1.22096,1.12,1.37
2015.05.20 22:19:14.306,1.22078,1.22095,1.00,1.12
2015.05.20 22:19:23.422,1.22078,1.22097,1.87,1.87
2015.05.20 22:19:34.244,1.22078,1.22095,1.12,1.00
2015.05.20 22:19:35.277,1.22078,1.22095,1.37,1.00
2015.05.20 22:19:36.273,1.22078,1.22095,1.12,1.00
2015.05.20 22:19:38.599,1.22078,1.22095,1.50,1.00
2015.05.20 22:19:41.651,1.22079,1.22096,1.12,1.00
2015.05.20 22:19:52.974,1.22079,1.22094,1.00,1.00
2015.05.20 22:19:54.411,1.22077,1.22096,2.25,1.50
2015.05.20 22:19:56.625,1.22077,1.22096,2.25,1.50
2015.05.20 22:20:02.730,1.22077,1.22096,1.87,1.50
2015.05.20 22:20:03.344,1.22078,1.22096,1.00,1.50
2015.05.20 22:20:04.027,1.22077,1.22096,2.25,1.50
2015.05.20 22:20:09.878,1.22077,1.22094,1.50,1.00
2015.05.20 22:20:09.929,1.22077,1.22094,1.50,1.00
2015.05.20 22:20:14.312,1.22076,1.22095,1.87,1.87
2015.05.20 22:20:38.099,1.22076,1.22095,1.87,1.50
2015.05.20 22:20:42.080,1.22076,1.22092,1.00,1.00
2015.05.20 22:20:42.583,1.22075,1.22092,1.00,1.00
2015.05.20 22:20:44.024,1.22075,1.22094,1.50,1.50
2015.05.20 22:20:52.163,1.22075,1.22094,1.50,3.15
2015.05.20 22:20:52.265,1.22068,1.22085,1.20,1.00
2015.05.20 22:20:52.483,1.22065,1.22082,1.45,1.00
2015.05.20 22:20:52.534,1.22065,1.22082,1.10,1.00
2015.05.20 22:20:54.003,1.22064,1.22081,1.00,1.00
2015.05.20 22:20:54.511,1.22063,1.22082,1.47,1.00
2015.05.20 22:20:57.039,1.22063,1.22082,1.20,1.00
2015.05.20 22:21:02.160,1.22063,1.22082,1.57,1.00
2015.05.20 22:21:04.208,1.22063,1.22082,1.57,1.00
2015.05.20 22:21:05.160,1.22063,1.22082,1.57,1.00
2015.05.20 22:21:06.120,1.22063,1.22082,1.57,1.00
2015.05.20 22:21:09.677,1.22064,1.22081,1.12,1.00
2015.05.20 22:21:10.729,1.22064,1.22081,1.37,1.00
2015.05.20 22:21:14.842,1.22064,1.22081,1.45,1.00
2015.05.20 22:21:16.516,1.22064,1.22083,1.95,1.50
2015.05.20 22:21:40.052,1.22065,1.22082,1.07,1.00
2015.05.20 22:21:41.037,1.22065,1.22084,1.07,1.00
2015.05.20 22:21:41.569,1.22064,1.22083,1.07,1.00
2015.05.20 22:21:42.076,1.22063,1.22082,1.95,1.00
2015.05.20 22:21:51.815,1.22068,1.22082,1.00,1.50
2015.05.20 22:21:51.866,1.22069,1.22085,1.00,1.37
2015.05.20 22:21:52.125,1.22071,1.22087,1.12,1.50
2015.05.20 22:21:52.177,1.22071,1.22087,1.20,1.50
2015.05.20 22:21:53.002,1.22071,1.22087,1.07,1.50
2015.05.20 22:21:53.871,1.22069,1.22085,1.12,1.00
2015.05.20 22:21:53.972,1.22066,1.22083,1.07,1.00
2015.05.20 22:21:54.074,1.22064,1.22081,1.07,1.00
2015.05.20 22:21:54.357,1.22063,1.22082,1.95,1.50
2015.05.20 22:21:55.173,1.22063,1.22082,1.95,1.50
2015.05.20 22:21:56.226,1.22063,1.22082,1.57,1.87
2015.05.20 22:21:56.277,1.22062,1.22079,1.07,1.00
2015.05.20 22:21:57.279,1.22063,1.22082,1.95,1.50
2015.05.20 22:21:57.381,1.22064,1.22083,1.20,1.00
2015.05.20 22:22:07.953,1.22064,1.22083,1.20,1.00
2015.05.20 22:22:13.792,1.22064,1.22083,1.95,1.50
2015.05.20 22:22:29.596,1.22064,1.22082,1.20,1.00
2015.05.20 22:22:30.720,1.22064,1.22083,1.20,1.00
2015.05.20 22:22:42.322,1.22062,1.22081,1.45,1.00
2015.05.20 22:22:42.626,1.22064,1.22077,1.57,1.00
2015.05.20 22:22:42.931,1.22065,1.22077,1.07,1.00
2015.05.20 22:22:42.991,1.22065,1.22082,1.07,1.00
2015.05.20 22:22:43.525,1.22065,1.22082,1.00,1.00
2015.05.20 22:23:14.176,1.22064,1.22083,1.87,1.50
2015.05.20 22:23:47.220,1.22064,1.22081,1.50,1.00
2015.05.20 22:23:47.840,1.22064,1.22081,1.12,1.07
2015.05.20 22:23:50.489,1.22064,1.22081,1.12,1.37
2015.05.20 22:23:52.419,1.22064,1.22081,1.12,1.07
2015.05.20 22:23:52.571,1.22064,1.22081,1.12,1.37
2015.05.20 22:23:53.566,1.22064,1.22081,1.12,1.07
2015.05.20 22:23:54.428,1.22064,1.22081,1.00,1.37
2015.05.20 22:24:10.683,1.22064,1.22081,1.00,1.07
2015.05.20 22:24:11.039,1.22062,1.22079,1.37,1.37
2015.05.20 22:24:11.459,1.22061,1.22079,1.37,2.25
2015.05.20 22:24:11.969,1.2206,1.22079,1.37,2.25
2015.05.20 22:24:27.688,1.22061,1.22078,1.50,1.50
2015.05.20 22:24:29.881,1.22061,1.22078,1.37,1.12
2015.05.20 22:24:29.933,1.22061,1.22078,1.37,1.10
2015.05.20 22:24:30.086,1.22065,1.22082,1.00,1.12
2015.05.20 22:24:30.187,1.22065,1.22084,1.00,1.00
2015.05.20 22:24:31.005,1.22063,1.22082,1.00,1.00
2015.05.20 22:24:38.068,1.22063,1.22082,1.87,1.50
2015.05.20 22:24:39.874,1.22064,1.2208,1.00,1.00
2015.05.20 22:24:41.203,1.22063,1.2208,1.50,1.00
2015.05.20 22:25:01.369,1.22063,1.2208,1.50,1.00
2015.05.20 22:25:01.912,1.22063,1.2208,1.75,1.00
2015.05.20 22:25:02.330,1.22063,1.2208,1.12,1.00
2015.05.20 22:25:11.471,1.22063,1.2208,1.37,1.00
2015.05.20 22:25:11.523,1.22067,1.22084,1.00,1.00
2015.05.20 22:25:11.626,1.22067,1.22086,1.00,1.00
2015.05.20 22:25:24.633,1.22071,1.22086,1.50,1.00
2015.05.20 22:25:24.938,1.2208,1.22099,1.37,1.10
2015.05.20 22:25:24.989,1.22077,1.22094,1.00,1.00
2015.05.20 22:25:25.152,1.22077,1.22092,1.00,1.00
2015.05.20 22:25:25.203,1.2207,1.22089,1.00,1.00
2015.05.20 22:25:25.305,1.22067,1.22086,1.50,1.50
2015.05.20 22:25:31.399,1.22065,1.22084,1.00,1.00
2015.05.20 22:25:32.659,1.22072,1.22084,1.00,1.00
2015.05.20 22:25:32.710,1.22075,1.22092,1.87,1.12
2015.05.20 22:25:32.914,1.22075,1.22092,2.25,1.00
2015.05.20 22:25:33.421,1.22072,1.22091,1.75,1.00
2015.05.20 22:25:34.119,1.22072,1.22091,1.75,1.37
2015.05.20 22:25:34.170,1.22072,1.22091,1.50,1.37
2015.05.20 22:25:34.526,1.22072,1.22091,1.50,1.75
2015.05.20 22:25:44.040,1.22078,1.22091,1.00,1.75
2015.05.20 22:25:44.314,1.22074,1.22093,1.50,1.12
2015.05.20 22:25:44.416,1.22078,1.22095,1.00,1.37
2015.05.20 22:25:44.624,1.22076,1.22095,1.10,1.37
2015.05.20 22:25:46.180,1.22076,1.22095,1.00,1.37
2015.05.20 22:25:46.282,1.22074,1.22093,1.37,1.37
2015.05.20 22:25:46.833,1.22074,1.22091,1.12,1.37
2015.05.20 22:25:47.406,1.22074,1.22091,1.12,1.50
2015.05.20 22:25:47.913,1.22074,1.22091,1.00,1.75
2015.05.20 22:25:48.119,1.22074,1.22091,1.00,1.37
2015.05.20 22:25:59.268,1.22074,1.22091,1.00,1.37
2015.05.20 22:25:59.836,1.22075,1.22094,1.50,2.62
2015.05.20 22:26:00.703,1.22075,1.22094,1.50,1.87
2015.05.20 22:26:06.193,1.22075,1.22094,1.50,3.00
2015.05.20 22:26:06.780,1.22074,1.22091,1.00,1.37
2015.05.20 22:26:09.980,1.22072,1.22091,1.10,1.37
2015.05.20 22:26:16.871,1.22067,1.22078,1.75,1.00
2015.05.20 22:26:16.973,1.22066,1.22078,1.20,1.00
2015.05.20 22:26:17.379,1.22067,1.22078,1.57,1.00
2015.05.20 22:26:17.582,1.22063,1.22078,1.12,1.00
2015.05.20 22:26:18.225,1.22063,1.22078,1.12,1.07
2015.05.20 22:26:28.190,1.2206,1.22076,1.87,1.00
2015.05.20 22:26:30.396,1.2206,1.22076,1.87,1.10
2015.05.20 22:26:32.152,1.22062,1.22076,1.12,1.10
2015.05.20 22:26:32.668,1.22066,1.22076,1.20,1.00
2015.05.20 22:26:33.175,1.22063,1.22076,1.12,1.00
2015.05.20 22:26:33.691,1.22063,1.22076,1.12,1.00
2015.05.20 22:26:41.663,1.22063,1.22076,1.12,1.00
2015.05.20 22:26:41.968,1.22061,1.22076,1.12,1.00
2015.05.20 22:26:42.475,1.2206,1.22076,1.75,1.10
2015.05.20 22:26:44.167,1.22061,1.22076,2.25,1.10
2015.05.20 22:26:44.713,1.22062,1.22076,1.75,1.00
2015.05.20 22:27:28.169,1.22061,1.22078,1.75,1.07
2015.05.20 22:27:36.171,1.22062,1.2208,1.12,1.12
2015.05.20 22:27:36.475,1.22066,1.22083,1.37,1.12
2015.05.20 22:27:40.370,1.22074,1.22089,1.00,1.12
2015.05.20 22:27:40.471,1.22076,1.22092,1.12,1.12
2015.05.20 22:27:40.574,1.22076,1.22093,1.87,1.87
2015.05.20 22:27:41.253,1.22076,1.22093,1.95,1.50
2015.05.20 22:27:41.626,1.22076,1.22093,1.47,1.50
2015.05.20 22:27:41.677,1.22076,1.22093,1.45,1.37
2015.05.20 22:27:42.178,1.22076,1.22093,1.45,1.50
2015.05.20 22:27:50.457,1.22073,1.22092,2.70,2.25
2015.05.20 22:27:50.610,1.22073,1.2209,1.07,1.37
2015.05.20 22:27:51.139,1.22073,1.2209,1.45,1.50
2015.05.20 22:27:51.707,1.22073,1.2209,1.20,1.50
2015.05.20 22:27:58.382,1.22076,1.2209,1.00,1.00
2015.05.20 22:27:58.433,1.22076,1.22092,1.37,1.07
2015.05.20 22:28:25.244,1.22076,1.22093,1.45,1.50
2015.05.20 22:28:25.762,1.22076,1.22093,1.75,1.50
2015.05.20 22:28:26.284,1.22076,1.22093,1.75,1.50
2015.05.20 22:28:28.207,1.22077,1.22093,1.12,1.50
2015.05.20 22:28:34.386,1.22076,1.22094,1.75,1.12
2015.05.20 22:29:13.285,1.22075,1.22094,1.37,1.12
2015.05.20 22:29:14.628,1.22075,1.22094,1.37,1.12
2015.05.20 22:29:14.730,1.22075,1.22094,1.37,1.37
2015.05.20 22:29:15.188,1.22074,1.22093,2.32,1.87
2015.05.20 22:29:29.166,1.22074,1.22093,1.87,2.25
2015.05.20 22:29:29.470,1.22074,1.22092,1.87,4.12
2015.05.20 22:29:29.641,1.22074,1.2209,1.87,1.37
2015.05.20 22:29:29.692,1.22074,1.22093,1.87,2.62
2015.05.20 22:29:32.923,1.22075,1.22092,1.37,1.45
2015.05.20 22:29:43.246,1.22074,1.22091,1.37,1.47
2015.05.20 22:29:47.953,1.22074,1.22091,1.37,1.20
2015.05.20 22:29:58.268,1.22074,1.22091,1.37,1.47
2015.05.20 22:30:00.411,1.22074,1.22091,1.37,1.20
2015.05.20 22:30:00.764,1.22074,1.22093,1.47,1.87
2015.05.20 22:30:01.076,1.22074,1.22093,1.47,1.75
2015.05.20 22:30:01.937,1.22074,1.22093,1.45,1.50
2015.05.20 22:30:02.989,1.22074,1.22093,1.45,1.87
2015.05.20 22:30:03.539,1.22078,1.22093,1.00,1.87
2015.05.20 22:30:03.691,1.22072,1.22083,1.75,1.00
2015.05.20 22:30:03.894,1.22073,1.22092,2.25,1.95
2015.05.20 22:30:03.996,1.22073,1.22092,1.57,1.87
2015.05.20 22:30:04.300,1.22067,1.22081,3.75,1.00
2015.05.20 22:30:04.352,1.22065,1.22081,1.37,1.00
2015.05.20 22:30:04.876,1.22062,1.22081,4.50,1.10
2015.05.20 22:30:04.978,1.22062,1.22079,4.12,1.00
2015.05.20 22:30:05.345,1.22062,1.22079,1.37,1.00
2015.05.20 22:30:07.881,1.22062,1.2208,2.25,1.10
2015.05.20 22:31:00.269,1.22061,1.2208,2.25,1.95
2015.05.20 22:31:22.846,1.22061,1.2208,1.95,2.25
2015.05.20 22:31:43.268,1.2206,1.22079,1.57,2.25
2015.05.20 22:31:47.000,1.2206,1.22079,1.57,2.25
2015.05.20 22:31:50.971,1.2206,1.22079,1.57,2.62
2015.05.20 22:31:53.756,1.2206,1.22079,1.95,1.87
2015.05.20 22:31:53.959,1.2206,1.22079,1.95,1.87
2015.05.20 22:31:54.279,1.22062,1.22079,1.50,1.20
2015.05.20 22:31:55.263,1.22062,1.22079,1.45,1.20
2015.05.20 22:32:03.976,1.2206,1.22079,1.50,1.50
2015.05.20 22:32:04.497,1.2206,1.22079,1.45,1.50
2015.05.20 22:32:05.346,1.2206,1.22079,1.07,1.12
2015.05.20 22:32:07.729,1.2206,1.22079,1.10,1.50
2015.05.20 22:32:10.139,1.2206,1.22079,1.00,1.87
2015.05.20 22:32:14.255,1.22061,1.22078,1.00,1.37
2015.05.20 22:32:15.709,1.22061,1.22078,1.00,1.37
2015.05.20 22:32:34.293,1.2206,1.22079,1.57,2.25
2015.05.20 22:33:03.810,1.22058,1.22075,1.10,1.37
2015.05.20 22:33:04.320,1.22058,1.22075,1.07,1.12
2015.05.20 22:33:05.148,1.22058,1.22075,1.10,1.50
2015.05.20 22:33:05.587,1.22058,1.22075,1.10,1.20
2015.05.20 22:33:20.611,1.22058,1.22076,1.57,1.87
2015.05.20 22:33:20.965,1.22058,1.22076,1.57,1.75
2015.05.20 22:33:21.609,1.22058,1.22076,1.50,1.75
2015.05.20 22:33:29.932,1.22059,1.22075,1.00,1.37
2015.05.20 22:33:30.553,1.2206,1.22075,1.00,1.37
2015.05.20 22:33:54.323,1.22059,1.22077,1.50,2.25
2015.05.20 22:34:03.073,1.22059,1.22077,1.50,1.87
2015.05.20 22:34:04.076,1.22059,1.22077,1.57,1.87
2015.05.20 22:34:07.466,1.22059,1.22078,1.95,2.25
2015.05.20 22:34:07.618,1.2206,1.22079,1.95,3.00
2015.05.20 22:34:13.871,1.2206,1.22079,1.95,3.00
2015.05.20 22:34:39.619,1.2206,1.22078,1.50,1.45
2015.05.20 22:34:43.955,1.22061,1.2208,1.45,1.50
2015.05.20 22:35:00.296,1.22061,1.2208,1.57,1.50
2015.05.20 22:35:08.215,1.22061,1.2208,1.57,1.50
2015.05.20 22:35:19.122,1.22062,1.22081,1.07,1.50
2015.05.20 22:35:26.534,1.2207,1.22082,1.37,1.37
2015.05.20 22:35:26.585,1.2207,1.22085,1.87,1.87
2015.05.20 22:35:26.789,1.22071,1.22086,1.00,1.37
2015.05.20 22:35:27.296,1.22072,1.22089,1.50,5.25
2015.05.20 22:35:27.702,1.22076,1.22089,1.00,4.12
2015.05.20 22:35:28.434,1.22076,1.22091,1.00,3.75
2015.05.20 22:35:30.091,1.22073,1.22091,1.00,3.75
2015.05.20 22:35:34.323,1.22074,1.22091,1.00,4.12
2015.05.20 22:35:43.170,1.22074,1.22092,1.00,6.00
2015.05.20 22:35:49.628,1.22072,1.22086,1.10,1.07
2015.05.20 22:35:54.646,1.22072,1.22086,1.00,1.12
2015.05.20 22:36:14.267,1.22073,1.22086,1.00,1.12
2015.05.20 22:36:34.268,1.22072,1.22086,1.00,1.12
2015.05.20 22:36:45.127,1.22074,1.22086,1.00,1.12
2015.05.20 22:36:45.682,1.22075,1.22086,1.00,1.12
2015.05.20 22:36:54.202,1.22074,1.22088,1.50,1.50
2015.05.20 22:37:14.266,1.22075,1.22089,1.00,1.87
2015.05.20 22:37:22.935,1.22075,1.22089,1.00,1.75
2015.05.20 22:37:54.286,1.22074,1.22088,1.50,1.50
2015.05.20 22:38:02.036,1.22074,1.22088,1.00,1.50
2015.05.20 22:38:26.151,1.22074,1.22086,1.00,1.10
2015.05.20 22:38:28.838,1.22074,1.22086,1.00,1.07
2015.05.20 22:38:30.073,1.22074,1.22086,1.00,1.10
2015.05.20 22:38:32.949,1.22069,1.22083,1.50,1.00
2015.05.20 22:38:33.480,1.22069,1.22083,1.07,1.07
2015.05.20 22:38:33.785,1.22064,1.22078,3.00,1.50
2015.05.20 22:38:34.040,1.22064,1.22078,2.25,1.50
2015.05.20 22:38:34.604,1.22064,1.22076,1.12,1.00
2015.05.20 22:38:53.985,1.22063,1.22077,1.37,1.00
2015.05.20 22:38:54.290,1.22062,1.22074,1.50,1.00
2015.05.20 22:39:02.206,1.22061,1.22073,1.75,1.00
2015.05.20 22:39:02.612,1.22061,1.22073,1.75,1.00
2015.05.20 22:39:03.120,1.22059,1.22073,2.25,1.50
2015.05.20 22:39:04.032,1.22059,1.22073,2.25,1.50
2015.05.20 22:39:14.221,1.2206,1.22072,1.12,1.00
2015.05.20 22:39:20.729,1.22058,1.22072,1.37,1.50
2015.05.20 22:39:20.882,1.22051,1.22063,1.50,1.00
2015.05.20 22:39:21.390,1.2205,1.22064,2.25,1.50
2015.05.20 22:39:22.531,1.22049,1.22061,1.37,1.00
2015.05.20 22:39:33.967,1.22048,1.2206,1.37,1.00
2015.05.20 22:39:36.158,1.22047,1.22059,1.75,1.00
2015.05.20 22:39:45.288,1.22047,1.22059,1.50,1.00
2015.05.20 22:39:54.263,1.22047,1.22058,1.75,1.00
2015.05.20 22:40:34.230,1.22047,1.22056,1.37,1.00
2015.05.20 22:40:35.110,1.22045,1.22056,1.12,1.00
2015.05.20 22:40:37.658,1.22044,1.22056,1.87,1.00
2015.05.20 22:40:38.198,1.22047,1.22056,1.50,1.00
2015.05.20 22:40:45.863,1.22047,1.22058,1.37,1.00
2015.05.20 22:41:00.053,1.22046,1.22059,1.37,1.00
2015.05.20 22:41:00.155,1.22046,1.22056,1.37,1.00
2015.05.20 22:41:14.269,1.22046,1.22057,1.37,1.00
2015.05.20 22:41:32.963,1.22047,1.2206,1.37,1.87
2015.05.20 22:41:33.507,1.22046,1.2206,2.62,1.87
2015.05.20 22:41:34.328,1.22046,1.22059,1.12,1.00
2015.05.20 22:41:40.467,1.22046,1.22059,1.50,1.00
2015.05.20 22:41:55.764,1.22046,1.22059,1.45,1.00
2015.05.20 22:41:58.123,1.22046,1.2206,1.45,1.00
2015.05.20 22:41:58.275,1.22046,1.2206,1.75,1.00
2015.05.20 22:42:08.066,1.22048,1.22061,1.50,1.37
2015.05.20 22:42:14.280,1.22047,1.22059,1.75,1.00
2015.05.20 22:42:14.977,1.22049,1.22061,1.50,1.50
2015.05.20 22:42:15.489,1.22047,1.22061,1.50,1.12
2015.05.20 22:42:19.433,1.22047,1.22061,1.37,1.37
2015.05.20 22:42:54.215,1.22047,1.22059,1.37,1.00
2015.05.20 22:43:14.242,1.22046,1.2206,2.25,1.12
2015.05.20 22:43:19.566,1.22046,1.2206,2.25,1.37
2015.05.20 22:43:29.859,1.22046,1.22057,1.12,1.00
2015.05.20 22:43:34.348,1.22046,1.22058,2.25,1.00
2015.05.20 22:44:06.212,1.22047,1.22058,1.37,1.50
2015.05.20 22:44:14.234,1.22047,1.22057,1.37,1.00
2015.05.20 22:44:23.771,1.22047,1.22059,1.87,1.12
2015.05.20 22:44:39.618,1.22047,1.22057,1.37,1.00
2015.05.20 22:44:40.122,1.22047,1.22058,1.37,1.00
2015.05.20 22:44:44.100,1.22047,1.22059,1.87,1.12
2015.05.20 22:44:44.252,1.22047,1.22059,1.50,1.12
2015.05.20 22:44:50.026,1.22046,1.22058,1.12,1.00
2015.05.20 22:45:10.252,1.22045,1.22055,1.12,1.37
2015.05.20 22:45:10.455,1.22032,1.22046,2.25,1.50
2015.05.20 22:45:10.870,1.22032,1.2204,1.87,1.00
2015.05.20 22:45:11.023,1.22029,1.2204,1.47,1.00
2015.05.20 22:45:11.277,1.22033,1.2204,1.00,1.00
2015.05.20 22:45:11.655,1.22033,1.22047,1.00,1.37
2015.05.20 22:45:12.162,1.22034,1.22046,1.00,1.07
2015.05.20 22:45:12.706,1.22033,1.22045,1.00,1.10
2015.05.20 22:46:09.041,1.22033,1.22045,1.00,1.07
2015.05.20 22:46:09.547,1.22032,1.22046,1.00,1.50
2015.05.20 22:46:46.539,1.22032,1.22046,1.00,1.75
2015.05.20 22:46:54.302,1.22033,1.22045,1.00,1.12
2015.05.20 22:47:03.127,1.22029,1.22043,1.00,1.20
2015.05.20 22:47:03.482,1.22029,1.22043,1.00,1.50
2015.05.20 22:47:34.291,1.2203,1.22042,1.00,1.20
2015.05.20 22:47:54.278,1.22029,1.22043,1.00,1.50
2015.05.20 22:48:01.689,1.22029,1.22043,1.00,1.45
2015.05.20 22:48:14.250,1.22031,1.22043,1.00,1.45
2015.05.20 22:48:34.262,1.22029,1.22043,1.87,1.95
2015.05.20 22:48:43.654,1.22031,1.22043,1.00,1.45
2015.05.20 22:48:45.198,1.22029,1.22043,1.87,1.95
2015.05.20 22:48:45.782,1.22029,1.22043,1.50,1.95
2015.05.20 22:48:57.112,1.22029,1.22043,1.50,2.25
2015.05.20 22:49:34.245,1.2203,1.22042,1.00,1.20
2015.05.20 22:49:54.266,1.22029,1.22041,1.12,1.20
2015.05.20 22:50:01.687,1.2203,1.22044,1.00,1.75
2015.05.20 22:50:10.232,1.22028,1.22042,1.20,1.50
2015.05.20 22:50:10.734,1.2203,1.22042,1.00,1.12
2015.05.20 22:50:10.785,1.2203,1.22042,1.00,1.00
2015.05.20 22:50:11.305,1.22028,1.22042,1.95,1.87
2015.05.20 22:50:11.963,1.22028,1.22042,1.95,1.95
2015.05.20 22:50:14.225,1.22027,1.22041,1.45,1.00
2015.05.20 22:50:20.497,1.22027,1.22041,1.45,1.37
2015.05.20 22:50:45.295,1.2203,1.22042,1.00,1.47
2015.05.20 22:50:46.724,1.2203,1.22042,1.00,1.47
2015.05.20 22:50:46.775,1.22025,1.22039,1.57,1.87
2015.05.20 22:50:47.286,1.22023,1.22037,1.87,1.50
2015.05.20 22:50:54.299,1.22022,1.22036,1.50,1.00
2015.05.20 22:51:02.398,1.2202,1.22033,1.12,1.50
2015.05.20 22:51:02.713,1.22019,1.22031,1.75,1.00
2015.05.20 22:51:03.500,1.22019,1.22031,1.37,1.00
2015.05.20 22:51:04.002,1.22018,1.2203,1.50,1.00
2015.05.20 22:51:34.239,1.22018,1.22032,2.25,1.87
2015.05.20 22:51:53.068,1.22016,1.2203,1.87,1.00
2015.05.20 22:51:54.312,1.22017,1.22031,1.75,1.00
2015.05.20 22:52:04.127,1.22017,1.22031,1.75,1.00
2015.05.20 22:52:05.701,1.22017,1.22031,1.75,1.37
2015.05.20 22:52:31.604,1.22016,1.2203,2.62,1.87
2015.05.20 22:52:32.050,1.22016,1.22028,1.87,1.00
2015.05.20 22:52:54.197,1.22015,1.22029,2.62,1.50
2015.05.20 22:53:34.331,1.22016,1.2203,2.25,1.87
2015.05.20 22:53:54.286,1.22017,1.22029,1.37,1.00
2015.05.20 22:54:11.679,1.22017,1.22029,1.37,1.00
2015.05.20 22:54:14.168,1.22016,1.22028,2.62,1.00
2015.05.20 22:54:32.029,1.22016,1.22028,2.25,1.00
2015.05.20 22:54:34.346,1.22016,1.2203,3.00,1.87
2015.05.20 22:54:37.740,1.22017,1.2203,1.37,1.87
2015.05.20 22:56:11.069,1.22016,1.2203,2.25,1.37
2015.05.20 22:56:11.935,1.22016,1.2203,1.87,1.37
2015.05.20 22:56:12.190,1.22011,1.22022,1.57,1.00
2015.05.20 22:56:12.698,1.22011,1.22025,1.95,1.37
2015.05.20 22:56:12.850,1.22014,1.22028,1.50,1.95
2015.05.20 22:56:13.760,1.22012,1.22026,1.07,1.37
2015.05.20 22:56:14.267,1.22012,1.22026,1.10,1.47
2015.05.20 22:56:14.805,1.22014,1.22026,1.00,1.47
2015.05.20 22:56:15.414,1.22012,1.22026,1.95,1.47
2015.05.20 22:56:15.718,1.2201,1.22024,1.37,1.20
2015.05.20 22:56:17.177,1.22013,1.22025,1.12,1.12
2015.05.20 22:56:17.228,1.22013,1.22025,1.12,1.07
2015.05.20 22:56:22.870,1.22013,1.22025,1.37,1.07
2015.05.20 22:56:23.376,1.22013,1.22025,1.47,1.10
2015.05.20 22:56:31.475,1.22013,1.22025,1.20,1.20
2015.05.20 22:56:34.345,1.22014,1.22026,1.00,1.45
2015.05.20 22:56:42.301,1.22014,1.22026,1.12,1.45
2015.05.20 22:56:42.836,1.22013,1.22025,1.12,1.20
2015.05.20 22:57:16.298,1.22013,1.22025,1.07,1.37
2015.05.20 22:57:29.897,1.22013,1.22025,1.07,1.37
2015.05.20 22:57:33.044,1.22013,1.22025,1.07,1.12
2015.05.20 22:57:36.323,1.22012,1.22026,2.25,1.87
2015.05.20 22:57:39.408,1.22012,1.22026,2.25,1.95
2015.05.20 22:57:41.215,1.22015,1.22029,1.50,3.37
2015.05.20 22:57:49.859,1.22015,1.22029,1.50,2.25
2015.05.20 22:57:50.270,1.22015,1.22029,1.87,1.95
2015.05.20 22:57:50.372,1.22015,1.22029,2.32,1.57
2015.05.20 22:57:50.626,1.22019,1.22032,1.07,1.12
2015.05.20 22:57:50.729,1.22022,1.22033,1.00,1.00
2015.05.20 22:57:51.171,1.22022,1.22034,1.12,1.00
2015.05.20 22:57:52.778,1.22022,1.22034,1.07,1.00
2015.05.20 22:58:00.790,1.22018,1.22038,1.12,1.12
2015.05.20 22:58:07.004,1.22015,1.22038,1.75,1.12
2015.05.20 22:58:09.413,1.22014,1.22037,1.75,1.12
2015.05.20 22:58:09.921,1.22014,1.22037,1.12,1.12
2015.05.20 22:59:30.048,1.22012,1.22036,1.75,1.12
2015.05.20 22:59:31.049,1.22013,1.22037,1.12,1.12
2015.05.20 22:59:31.550,1.22012,1.22036,1.75,1.12
2015.05.20 22:59:31.702,1.22014,1.22036,1.12,1.12
2015.05.20 22:59:32.270,1.22012,1.22035,1.75,1.07
2015.05.20 22:59:32.929,1.22013,1.22037,1.12,1.12
2015.05.20 22:59:32.989,1.22014,1.22036,1.37,1.12
2015.05.20 22:59:34.871,1.22014,1.22035,1.75,1.07
2015.05.20 22:59:34.972,1.22014,1.22035,1.12,1.07
2015.05.20 22:59:36.547,1.22014,1.22037,1.12,1.12
2015.05.20 22:59:37.060,1.22014,1.22037,1.12,1.12
2015.05.20 22:59:41.915,1.22014,1.22037,1.12,1.12
2015.05.20 22:59:42.657,1.22014,1.22037,1.37,1.12
2015.05.20 22:59:44.011,1.22014,1.22037,1.12,1.12
2015.05.20 22:59:44.528,1.22014,1.22037,1.37,1.12
2015.05.20 22:59:47.648,1.22014,1.22035,1.12,1.12
