2009.11.23 08:00:00.744,1.06405,1.06415,1.60,1.00
2009.11.23 08:00:01.084,1.0641,1.06425,1.60,2.40
2009.11.23 08:00:01.484,1.0641,1.0643,1.60,1.00
2009.11.23 08:00:05.283,1.06415,1.06435,1.60,2.40
2009.11.23 08:00:05.943,1.0641,1.06435,1.60,4.00
2009.11.23 08:00:06.663,1.06415,1.06435,1.60,2.40
2009.11.23 08:00:08.573,1.0641,1.06435,1.60,4.00
2009.11.23 08:00:08.733,1.0641,1.06435,2.40,3.20
2009.11.23 08:00:08.843,1.0642,1.06435,2.40,1.60
2009.11.23 08:00:09.023,1.06425,1.06435,1.60,2.40
2009.11.23 08:00:09.193,1.06415,1.0643,2.10,1.00
2009.11.23 08:00:09.362,1.06415,1.0643,1.90,1.00
2009.11.23 08:00:09.643,1.06415,1.0643,1.70,1.00
2009.11.23 08:00:09.993,1.06415,1.0643,1.60,1.00
2009.11.23 08:00:10.332,1.06415,1.06435,1.60,2.40
2009.11.23 08:00:11.032,1.06415,1.0643,1.60,1.00
2009.11.23 08:00:11.372,1.0641,1.06435,1.60,9.20
2009.11.23 08:00:11.542,1.0641,1.06435,1.60,1.00
2009.11.23 08:00:11.892,1.0641,1.0644,1.60,13.40
2009.11.23 08:00:12.172,1.06415,1.0644,1.60,13.40
2009.11.23 08:00:15.171,1.06415,1.0644,1.60,14.20
2009.11.23 08:00:15.461,1.06415,1.0644,1.60,15.00
2009.11.23 08:00:15.981,1.06415,1.0644,1.60,15.40
2009.11.23 08:00:17.551,1.0641,1.0644,1.60,15.40
2009.11.23 08:00:19.110,1.0641,1.0643,1.60,1.00
2009.11.23 08:00:20.490,1.0641,1.06425,1.60,2.40
2009.11.23 08:00:24.729,1.06405,1.06425,1.60,2.40
2009.11.23 08:00:28.488,1.06405,1.06425,1.60,2.30
2009.11.23 08:00:34.087,1.06405,1.06425,1.60,1.60
2009.11.23 08:00:34.426,1.06405,1.06425,1.60,2.00
2009.11.23 08:00:35.126,1.06405,1.0643,1.60,2.40
2009.11.23 08:00:36.276,1.06405,1.06425,1.60,1.00
2009.11.23 08:00:36.566,1.06405,1.06425,1.60,1.00
2009.11.23 08:00:36.856,1.06405,1.06425,1.60,1.00
2009.11.23 08:00:37.086,1.06405,1.06425,1.60,1.00
2009.11.23 08:00:37.376,1.06405,1.0643,1.60,2.40
2009.11.23 08:00:38.555,1.06405,1.06425,1.60,1.00
2009.11.23 08:00:38.895,1.06405,1.06425,1.60,1.00
2009.11.23 08:00:39.825,1.06405,1.06425,1.60,4.90
2009.11.23 08:00:40.125,1.06405,1.06425,1.60,4.40
2009.11.23 08:00:40.345,1.06405,1.06425,1.60,2.80
2009.11.23 08:00:40.635,1.06405,1.06425,1.60,5.20
2009.11.23 08:00:40.995,1.064,1.0642,1.60,3.10
2009.11.23 08:00:41.295,1.06405,1.0642,1.90,3.10
2009.11.23 08:00:42.274,1.06405,1.0642,1.00,4.70
2009.11.23 08:00:43.704,1.06395,1.0642,1.60,9.30
2009.11.23 08:00:45.504,1.0639,1.0641,4.80,5.60
2009.11.23 08:00:45.834,1.0637,1.064,1.60,1.40
2009.11.23 08:00:46.343,1.0637,1.064,1.60,4.60
2009.11.23 08:00:49.323,1.06375,1.06395,1.60,4.60
2009.11.23 08:00:49.553,1.06375,1.06395,1.70,4.60
2009.11.23 08:00:49.833,1.06375,1.06395,1.60,4.60
2009.11.23 08:00:51.982,1.0637,1.06395,2.40,6.20
2009.11.23 08:00:56.481,1.0637,1.06395,2.40,7.00
2009.11.23 08:00:56.591,1.0637,1.06395,2.40,8.70
2009.11.23 08:00:56.771,1.0637,1.06395,1.60,9.50
2009.11.23 08:00:57.121,1.0637,1.0639,1.60,6.20
2009.11.23 08:00:58.510,1.06365,1.0639,4.00,6.20
2009.11.23 08:00:58.901,1.0636,1.06385,2.30,3.00
2009.11.23 08:00:59.240,1.06365,1.06375,1.60,1.40
2009.11.23 08:00:59.620,1.06345,1.06375,1.60,1.40
2009.11.23 08:00:59.960,1.06345,1.06375,1.60,4.60
2009.11.23 08:01:00.520,1.0635,1.06375,1.60,1.40
2009.11.23 08:01:00.740,1.06355,1.06375,1.60,3.00
2009.11.23 08:01:00.960,1.0635,1.06375,1.60,1.40
2009.11.23 08:01:01.430,1.0635,1.06375,1.60,9.50
2009.11.23 08:01:01.730,1.06345,1.06365,1.60,1.40
2009.11.23 08:01:02.360,1.06345,1.06365,1.60,4.60
2009.11.23 08:01:02.929,1.06345,1.0637,3.20,6.20
2009.11.23 08:01:03.549,1.0635,1.0637,1.60,6.20
2009.11.23 08:01:06.449,1.06345,1.0637,3.20,7.00
2009.11.23 08:01:06.628,1.06345,1.06365,1.60,4.60
2009.11.23 08:01:09.388,1.06345,1.06365,1.60,3.00
2009.11.23 08:01:17.288,1.06345,1.06365,1.70,3.00
2009.11.23 08:01:17.576,1.0635,1.0637,1.60,3.00
2009.11.23 08:01:18.636,1.0635,1.0637,1.70,1.40
2009.11.23 08:01:18.986,1.0635,1.06375,2.50,8.60
2009.11.23 08:01:20.076,1.0636,1.0638,1.60,1.60
2009.11.23 08:01:20.195,1.0636,1.06385,1.60,2.00
2009.11.23 08:01:20.535,1.06355,1.06385,7.30,2.00
2009.11.23 08:01:20.825,1.0636,1.06385,1.60,2.00
2009.11.23 08:01:25.704,1.06365,1.06385,2.40,2.00
2009.11.23 08:01:25.864,1.0637,1.06385,4.00,1.00
2009.11.23 08:01:26.024,1.0637,1.06395,6.40,5.00
2009.11.23 08:01:26.504,1.0637,1.06395,6.40,4.60
2009.11.23 08:01:31.802,1.0637,1.0639,5.60,1.00
2009.11.23 08:01:32.192,1.06365,1.06385,1.60,4.10
2009.11.23 08:01:32.492,1.0636,1.06385,7.20,4.70
2009.11.23 08:01:32.842,1.06365,1.06385,1.60,5.50
2009.11.23 08:01:33.502,1.0636,1.06385,7.20,5.80
2009.11.23 08:01:34.202,1.0636,1.06385,7.20,6.50
2009.11.23 08:01:34.492,1.0636,1.06385,7.20,4.90
2009.11.23 08:01:36.461,1.06365,1.06385,1.60,3.30
2009.11.23 08:01:36.522,1.06365,1.06385,1.60,1.80
2009.11.23 08:01:36.641,1.06365,1.0639,2.40,8.50
2009.11.23 08:01:36.981,1.0637,1.0639,1.60,1.60
2009.11.23 08:01:37.381,1.06365,1.06385,1.60,1.60
2009.11.23 08:01:40.620,1.06365,1.06385,1.60,3.00
2009.11.23 08:01:41.051,1.0636,1.06385,8.00,3.00
2009.11.23 08:01:41.390,1.0636,1.06385,8.00,3.10
2009.11.23 08:01:41.850,1.0636,1.06385,8.00,3.20
2009.11.23 08:01:42.195,1.0636,1.06385,8.00,3.00
2009.11.23 08:01:46.109,1.0636,1.0638,6.40,1.60
2009.11.23 08:01:46.229,1.0636,1.0638,4.00,5.60
2009.11.23 08:01:46.629,1.0636,1.06375,4.00,6.20
2009.11.23 08:01:46.969,1.0635,1.06375,1.60,6.20
2009.11.23 08:01:47.669,1.0635,1.06375,1.60,3.00
2009.11.23 08:01:50.978,1.0635,1.0638,1.60,12.60
2009.11.23 08:01:51.268,1.06355,1.06375,1.60,1.60
2009.11.23 08:01:52.128,1.06355,1.0638,1.60,2.40
2009.11.23 08:01:52.508,1.06355,1.06375,1.60,1.60
2009.11.23 08:01:53.100,1.06355,1.06375,1.60,2.40
2009.11.23 08:01:53.399,1.0635,1.06375,1.60,4.00
2009.11.23 08:01:56.769,1.06345,1.0637,1.60,2.40
2009.11.23 08:01:57.109,1.0635,1.0637,1.60,3.80
2009.11.23 08:01:57.398,1.06345,1.0637,1.60,3.80
2009.11.23 08:02:01.807,1.06345,1.06365,1.60,1.60
2009.11.23 08:02:02.098,1.06345,1.06365,1.60,3.00
2009.11.23 08:02:03.427,1.06345,1.06365,1.60,1.40
2009.11.23 08:02:03.818,1.06345,1.0637,1.60,7.00
2009.11.23 08:02:04.847,1.06345,1.06365,1.60,1.40
2009.11.23 08:02:09.485,1.06345,1.0637,1.60,7.00
2009.11.23 08:02:11.455,1.06345,1.06365,1.60,1.40
2009.11.23 08:02:12.405,1.06345,1.0637,1.60,3.80
2009.11.23 08:02:12.755,1.0635,1.0637,1.60,2.40
2009.11.23 08:02:13.055,1.06345,1.0637,1.60,2.40
2009.11.23 08:02:14.264,1.0635,1.0637,1.60,2.40
2009.11.23 08:02:16.124,1.0635,1.0637,1.60,1.00
2009.11.23 08:02:16.824,1.06345,1.0637,1.60,7.00
2009.11.23 08:02:16.994,1.06345,1.06365,1.60,1.40
2009.11.23 08:02:18.024,1.06345,1.06365,1.60,2.20
2009.11.23 08:02:18.383,1.06345,1.0636,1.60,1.40
2009.11.23 08:02:18.743,1.0634,1.0636,1.60,2.20
2009.11.23 08:02:22.683,1.0634,1.0636,1.60,1.00
2009.11.23 08:02:24.992,1.0634,1.0636,1.60,1.60
2009.11.23 08:02:25.332,1.0634,1.0636,1.60,1.00
2009.11.23 08:02:25.972,1.0634,1.0636,1.60,1.60
2009.11.23 08:02:26.992,1.06345,1.0636,1.60,1.00
2009.11.23 08:02:33.160,1.0634,1.0636,1.60,1.60
2009.11.23 08:02:34.020,1.0634,1.0636,1.60,3.20
2009.11.23 08:02:53.615,1.06345,1.06365,1.60,12.70
2009.11.23 08:02:53.915,1.0635,1.0637,1.60,8.10
2009.11.23 08:02:54.255,1.06345,1.0637,1.60,2.40
2009.11.23 08:02:55.345,1.0635,1.0637,1.60,2.40
2009.11.23 08:02:55.705,1.0635,1.0637,1.60,1.60
2009.11.23 08:03:01.113,1.0635,1.0637,1.60,2.40
2009.11.23 08:03:01.403,1.06345,1.06365,1.60,1.60
2009.11.23 08:03:01.643,1.06345,1.0637,1.60,2.40
2009.11.23 08:03:01.993,1.06345,1.06365,1.60,1.60
2009.11.23 08:03:03.053,1.06345,1.06365,1.60,3.00
2009.11.23 08:03:03.403,1.06345,1.06365,1.60,1.60
2009.11.23 08:03:06.922,1.06345,1.0637,1.60,7.00
2009.11.23 08:03:07.212,1.06345,1.0637,2.40,1.60
2009.11.23 08:03:07.432,1.06345,1.0637,4.00,1.60
2009.11.23 08:03:07.722,1.06345,1.0637,4.30,1.60
2009.11.23 08:03:07.952,1.0635,1.0637,1.60,1.60
2009.11.23 08:03:13.580,1.06345,1.0637,4.10,1.60
2009.11.23 08:03:13.920,1.06345,1.06365,1.60,1.60
2009.11.23 08:03:14.910,1.06345,1.06365,1.60,3.00
2009.11.23 08:03:15.590,1.0634,1.0636,1.60,1.00
2009.11.23 08:03:15.760,1.0634,1.0636,1.60,2.40
2009.11.23 08:03:16.280,1.0634,1.0636,1.60,3.80
2009.11.23 08:03:16.450,1.06335,1.06355,4.00,1.60
2009.11.23 08:03:17.029,1.0633,1.06355,1.60,3.00
2009.11.23 08:03:17.389,1.06325,1.0635,1.60,1.60
2009.11.23 08:03:17.729,1.06325,1.06345,1.60,1.00
2009.11.23 08:03:18.439,1.06335,1.06345,1.60,1.00
2009.11.23 08:03:18.789,1.06325,1.06345,1.60,1.00
2009.11.23 08:03:19.589,1.06325,1.06345,1.60,1.00
2009.11.23 08:03:20.209,1.0632,1.06345,1.60,2.40
2009.11.23 08:03:20.969,1.06325,1.06345,4.00,2.40
2009.11.23 08:03:21.079,1.06325,1.06345,4.00,2.00
2009.11.23 08:03:21.258,1.0633,1.06345,1.60,1.00
2009.11.23 08:03:24.308,1.0633,1.06345,1.60,1.00
2009.11.23 08:03:28.397,1.0633,1.06355,1.70,5.40
2009.11.23 08:03:28.617,1.0633,1.06355,1.60,5.40
2009.11.23 08:03:32.896,1.0633,1.06345,1.60,1.00
2009.11.23 08:03:33.235,1.0633,1.06355,1.70,5.40
2009.11.23 08:03:33.755,1.0633,1.06355,1.60,5.40
2009.11.23 08:03:35.385,1.0633,1.0635,1.60,1.60
2009.11.23 08:03:58.699,1.0633,1.06355,1.70,4.60
2009.11.23 08:03:59.040,1.06335,1.06355,1.60,1.60
2009.11.23 08:03:59.329,1.0634,1.0636,1.60,7.00
2009.11.23 08:04:00.399,1.06335,1.0636,1.60,7.80
2009.11.23 08:04:00.629,1.06335,1.06355,1.60,1.40
2009.11.23 08:04:01.269,1.06335,1.06355,1.60,4.60
2009.11.23 08:04:03.168,1.06335,1.06355,1.60,6.20
2009.11.23 08:04:03.469,1.06335,1.06355,1.60,7.00
2009.11.23 08:04:03.798,1.06335,1.06355,1.60,8.60
2009.11.23 08:04:07.157,1.06335,1.06355,1.60,6.20
2009.11.23 08:04:17.005,1.0633,1.06345,1.60,1.00
2009.11.23 08:04:17.295,1.0633,1.0635,1.60,1.00
2009.11.23 08:04:17.535,1.06335,1.06355,1.60,4.60
2009.11.23 08:04:18.105,1.06335,1.06355,1.60,6.20
2009.11.23 08:04:25.543,1.06335,1.06355,1.60,4.60
2009.11.23 08:04:38.890,1.06335,1.06355,1.60,6.20
2009.11.23 08:04:40.969,1.0633,1.06355,1.60,4.60
2009.11.23 08:04:41.370,1.0633,1.06355,1.60,1.40
2009.11.23 08:04:41.589,1.0633,1.0636,1.60,13.40
2009.11.23 08:04:42.339,1.0633,1.0636,2.40,7.80
2009.11.23 08:04:42.729,1.06335,1.06355,1.60,1.60
2009.11.23 08:04:49.887,1.06335,1.0636,1.60,7.80
2009.11.23 08:04:50.417,1.06335,1.06355,1.60,1.60
2009.11.23 08:04:51.357,1.06335,1.0636,1.60,7.80
2009.11.23 08:04:51.477,1.06335,1.0636,1.60,11.80
2009.11.23 08:04:51.867,1.0633,1.0636,1.60,13.40
2009.11.23 08:04:52.217,1.0633,1.0635,1.60,1.00
2009.11.23 08:04:52.556,1.0633,1.0636,1.60,1.60
2009.11.23 08:05:01.434,1.0633,1.06345,1.60,2.00
2009.11.23 08:05:01.714,1.06325,1.06345,1.60,2.30
2009.11.23 08:05:02.795,1.06325,1.06345,1.60,2.80
2009.11.23 08:05:05.193,1.06315,1.06335,13.50,1.00
2009.11.23 08:05:05.484,1.0632,1.06335,1.60,1.00
2009.11.23 08:05:05.783,1.0632,1.06335,1.60,1.30
2009.11.23 08:05:06.084,1.0632,1.06335,1.60,1.60
2009.11.23 08:05:06.943,1.0632,1.06335,1.60,1.70
2009.11.23 08:05:09.253,1.0632,1.06335,1.60,1.60
2009.11.23 08:05:09.552,1.0632,1.06335,1.60,1.60
2009.11.23 08:05:10.022,1.0632,1.06335,1.60,1.20
2009.11.23 08:05:17.061,1.0632,1.06335,1.60,1.20
2009.11.23 08:05:21.689,1.0632,1.06335,1.60,1.40
2009.11.23 08:05:23.169,1.0632,1.06335,1.60,2.20
2009.11.23 08:05:23.449,1.0632,1.06335,1.60,2.40
2009.11.23 08:05:28.928,1.0632,1.06335,1.60,2.90
2009.11.23 08:05:29.981,1.06325,1.06335,1.60,1.00
2009.11.23 08:05:30.268,1.0632,1.06335,1.60,1.00
2009.11.23 08:05:33.447,1.06315,1.06335,4.10,1.00
2009.11.23 08:05:33.626,1.06315,1.0633,1.70,1.00
2009.11.23 08:05:33.857,1.06305,1.06325,17.40,2.40
2009.11.23 08:05:34.076,1.06305,1.06325,4.10,4.00
2009.11.23 08:05:34.247,1.06305,1.06325,4.10,2.40
2009.11.23 08:05:34.416,1.06305,1.06325,4.10,4.00
2009.11.23 08:05:34.816,1.06305,1.06325,1.60,4.40
2009.11.23 08:05:35.166,1.06305,1.06325,1.60,4.80
2009.11.23 08:05:36.166,1.063,1.06325,4.80,4.80
2009.11.23 08:05:36.326,1.063,1.06325,4.80,4.40
2009.11.23 08:05:36.496,1.063,1.06325,4.80,2.60
2009.11.23 08:05:37.746,1.063,1.06325,4.80,2.80
2009.11.23 08:05:38.095,1.063,1.06325,4.80,2.60
2009.11.23 08:05:38.385,1.063,1.06325,4.80,2.50
2009.11.23 08:05:38.615,1.063,1.06325,4.80,2.40
2009.11.23 08:05:39.065,1.063,1.0632,4.80,1.60
2009.11.23 08:05:39.285,1.063,1.0632,1.60,1.60
2009.11.23 08:05:40.825,1.063,1.06325,1.60,4.00
2009.11.23 08:05:41.434,1.063,1.06325,1.70,4.00
2009.11.23 08:05:41.925,1.063,1.06325,1.70,4.80
2009.11.23 08:05:43.414,1.063,1.06325,1.70,5.20
2009.11.23 08:05:43.744,1.063,1.06325,1.70,6.00
2009.11.23 08:05:50.202,1.06295,1.06315,3.30,1.00
2009.11.23 08:05:50.543,1.06285,1.06305,1.60,1.40
2009.11.23 08:05:50.772,1.06285,1.06305,1.60,9.10
2009.11.23 08:05:51.223,1.0628,1.063,1.60,4.80
2009.11.23 08:05:51.452,1.0629,1.063,1.60,6.40
2009.11.23 08:05:51.732,1.06265,1.063,1.60,12.60
2009.11.23 08:05:52.372,1.06275,1.06305,1.60,23.80
2009.11.23 08:05:52.772,1.0627,1.063,1.60,9.40
2009.11.23 08:05:53.172,1.06275,1.06295,1.60,1.20
2009.11.23 08:05:53.402,1.0627,1.0629,1.60,1.00
2009.11.23 08:05:53.632,1.06275,1.0629,1.60,1.00
2009.11.23 08:05:55.001,1.0627,1.0629,1.60,1.00
2009.11.23 08:05:55.341,1.0627,1.0629,1.60,2.40
2009.11.23 08:05:55.861,1.0627,1.0629,1.60,1.00
2009.11.23 08:05:56.561,1.0627,1.0629,1.60,2.40
2009.11.23 08:05:57.131,1.0627,1.0629,1.60,1.00
2009.11.23 08:05:57.481,1.0627,1.0629,1.60,3.80
2009.11.23 08:05:57.831,1.0626,1.06285,1.60,1.40
2009.11.23 08:06:02.170,1.0626,1.06285,1.60,3.00
2009.11.23 08:06:02.409,1.0626,1.06285,1.60,6.20
2009.11.23 08:06:08.498,1.06265,1.06285,1.60,4.60
2009.11.23 08:06:08.678,1.06265,1.06285,1.60,1.40
2009.11.23 08:06:13.397,1.06265,1.0629,1.60,7.00
2009.11.23 08:06:13.907,1.06265,1.0629,1.60,3.80
2009.11.23 08:06:14.257,1.06265,1.0628,1.60,2.00
2009.11.23 08:06:14.597,1.06265,1.0628,1.60,1.00
2009.11.23 08:06:14.827,1.06265,1.0629,1.60,1.60
2009.11.23 08:06:15.346,1.0626,1.0628,1.60,1.00
2009.11.23 08:06:15.566,1.06255,1.0628,1.60,7.10
2009.11.23 08:06:15.736,1.0625,1.06275,2.40,1.60
2009.11.23 08:06:15.906,1.0625,1.06275,1.60,6.20
2009.11.23 08:06:16.087,1.06245,1.0627,2.40,1.40
2009.11.23 08:06:16.256,1.06245,1.0627,1.60,1.40
2009.11.23 08:06:16.596,1.0625,1.0627,1.60,1.40
2009.11.23 08:06:18.286,1.0625,1.0627,1.60,3.80
2009.11.23 08:06:18.516,1.06245,1.0627,1.60,3.80
2009.11.23 08:06:20.365,1.06245,1.06265,1.60,4.60
2009.11.23 08:06:20.705,1.0624,1.06265,1.60,4.60
2009.11.23 08:06:21.525,1.0624,1.06265,1.60,1.40
2009.11.23 08:06:23.324,1.0624,1.06265,1.60,4.60
2009.11.23 08:06:25.024,1.0624,1.0626,1.60,1.00
2009.11.23 08:06:25.744,1.0624,1.0626,1.60,2.40
2009.11.23 08:06:26.094,1.06235,1.06255,1.60,1.00
2009.11.23 08:06:26.734,1.06235,1.06245,1.60,3.10
2009.11.23 08:06:27.024,1.0621,1.06245,1.60,5.50
2009.11.23 08:06:27.364,1.0621,1.06245,1.60,8.70
2009.11.23 08:06:28.403,1.06215,1.06235,1.60,1.00
2009.11.23 08:06:28.683,1.0622,1.06235,1.60,1.00
2009.11.23 08:06:28.973,1.06215,1.06235,1.60,1.00
2009.11.23 08:06:30.073,1.06215,1.06235,1.60,1.10
2009.11.23 08:06:30.303,1.06215,1.06235,1.60,1.40
2009.11.23 08:06:30.753,1.06215,1.06235,1.60,2.10
2009.11.23 08:06:31.213,1.06215,1.06235,1.60,5.10
2009.11.23 08:06:31.673,1.0621,1.06235,1.60,5.90
2009.11.23 08:06:31.972,1.06215,1.0623,1.60,1.60
2009.11.23 08:06:32.372,1.0621,1.0623,1.60,1.00
2009.11.23 08:06:32.702,1.0621,1.0623,1.60,2.40
2009.11.23 08:06:33.052,1.0621,1.0623,1.60,1.00
2009.11.23 08:06:33.682,1.0621,1.06235,1.60,15.00
2009.11.23 08:06:34.332,1.0621,1.06235,1.60,11.80
2009.11.23 08:06:34.662,1.0621,1.0623,1.60,2.40
2009.11.23 08:06:35.002,1.0619,1.0622,4.10,1.60
2009.11.23 08:06:35.362,1.0619,1.06215,1.60,1.80
2009.11.23 08:06:35.651,1.0619,1.06215,1.60,2.20
2009.11.23 08:06:36.001,1.06185,1.06215,1.60,7.00
2009.11.23 08:06:36.172,1.0619,1.06215,1.60,12.40
2009.11.23 08:06:36.621,1.0619,1.0621,1.60,1.60
2009.11.23 08:06:37.351,1.0619,1.062,1.60,3.20
2009.11.23 08:06:37.731,1.0617,1.062,1.60,5.40
2009.11.23 08:06:38.061,1.0617,1.062,1.60,6.20
2009.11.23 08:06:38.411,1.0617,1.06195,1.60,7.80
2009.11.23 08:06:38.741,1.0618,1.06195,1.60,6.20
2009.11.23 08:06:39.091,1.0618,1.06205,1.60,1.70
2009.11.23 08:06:39.211,1.0618,1.06205,1.60,1.60
2009.11.23 08:06:43.240,1.06175,1.06195,1.00,2.40
2009.11.23 08:06:43.650,1.06165,1.0618,1.60,1.60
2009.11.23 08:06:43.990,1.06155,1.06175,1.00,1.60
2009.11.23 08:06:44.339,1.0615,1.0617,1.70,1.00
2009.11.23 08:06:44.680,1.06155,1.06175,1.00,1.80
2009.11.23 08:06:45.029,1.06155,1.06175,1.60,1.80
2009.11.23 08:06:46.019,1.06155,1.06175,1.60,1.00
2009.11.23 08:06:46.359,1.0615,1.06175,2.50,1.80
2009.11.23 08:06:46.649,1.0615,1.06165,1.60,1.00
2009.11.23 08:06:46.889,1.0615,1.06165,1.60,1.00
2009.11.23 08:06:47.059,1.0615,1.06165,1.60,1.00
2009.11.23 08:06:47.289,1.0615,1.06175,1.70,1.80
2009.11.23 08:06:47.509,1.06155,1.06175,1.60,1.80
2009.11.23 08:06:47.839,1.0615,1.06175,1.70,1.80
2009.11.23 08:06:48.189,1.06155,1.06165,1.60,1.00
2009.11.23 08:06:48.528,1.06155,1.06175,1.60,1.00
2009.11.23 08:06:48.918,1.0615,1.06165,1.60,1.00
2009.11.23 08:06:49.279,1.0615,1.06165,3.70,1.00
2009.11.23 08:06:49.618,1.0615,1.06165,1.60,1.40
2009.11.23 08:06:50.088,1.0615,1.06165,1.60,1.20
2009.11.23 08:06:51.168,1.0615,1.0617,1.60,1.60
2009.11.23 08:06:51.578,1.06155,1.0618,3.20,2.40
2009.11.23 08:06:52.288,1.0616,1.0618,1.60,1.00
2009.11.23 08:06:53.447,1.0616,1.0618,1.60,2.40
2009.11.23 08:06:53.667,1.0616,1.06185,1.60,11.20
2009.11.23 08:06:53.937,1.0616,1.06185,1.60,6.40
2009.11.23 08:06:54.237,1.0616,1.0618,1.60,1.00
2009.11.23 08:06:54.467,1.06165,1.06185,1.60,8.60
2009.11.23 08:06:54.987,1.06165,1.06185,1.60,1.60
2009.11.23 08:06:55.327,1.0617,1.06185,2.10,1.60
2009.11.23 08:06:55.727,1.06175,1.0619,1.60,1.00
2009.11.23 08:06:55.947,1.0617,1.0619,1.60,1.00
2009.11.23 08:06:56.467,1.06165,1.0619,1.60,2.40
2009.11.23 08:06:57.046,1.0617,1.0619,1.60,1.00
2009.11.23 08:06:57.746,1.0617,1.0619,1.60,1.60
2009.11.23 08:06:58.476,1.06165,1.06185,1.60,2.40
2009.11.23 08:06:58.706,1.0617,1.06185,1.60,2.40
2009.11.23 08:06:59.336,1.06165,1.06185,1.60,2.40
2009.11.23 08:06:59.726,1.06165,1.06195,1.60,7.50
2009.11.23 08:07:00.076,1.0617,1.06195,1.60,7.10
2009.11.23 08:07:00.416,1.0617,1.06185,1.60,1.00
2009.11.23 08:07:00.796,1.0617,1.0618,1.60,1.00
2009.11.23 08:07:01.016,1.0617,1.0619,1.60,2.20
2009.11.23 08:07:01.475,1.06165,1.0619,1.60,7.00
2009.11.23 08:07:02.345,1.0617,1.0619,1.00,6.20
2009.11.23 08:07:02.685,1.0617,1.0619,4.00,1.60
2009.11.23 08:07:03.015,1.06175,1.062,3.20,11.80
2009.11.23 08:07:03.365,1.06175,1.06205,4.20,22.30
2009.11.23 08:07:05.834,1.0618,1.06195,1.60,1.00
2009.11.23 08:07:06.124,1.06175,1.0619,1.60,2.40
2009.11.23 08:07:06.345,1.0617,1.0619,4.20,2.30
2009.11.23 08:07:06.624,1.0617,1.0619,4.20,3.00
2009.11.23 08:07:08.174,1.0617,1.06195,4.20,10.80
2009.11.23 08:07:08.454,1.0617,1.06195,1.60,10.80
2009.11.23 08:07:08.733,1.0617,1.06195,1.60,15.80
2009.11.23 08:07:10.623,1.06165,1.0619,1.60,3.80
2009.11.23 08:07:10.963,1.06165,1.0619,3.20,3.00
2009.11.23 08:07:11.473,1.0617,1.0619,1.60,1.40
2009.11.23 08:07:12.223,1.0617,1.0618,1.60,1.00
2009.11.23 08:07:12.513,1.06165,1.0618,5.60,1.00
2009.11.23 08:07:12.873,1.0617,1.062,4.00,9.50
2009.11.23 08:07:13.163,1.0617,1.06195,1.60,1.40
2009.11.23 08:07:13.512,1.0617,1.06195,1.60,2.20
2009.11.23 08:07:13.812,1.0617,1.06195,1.60,5.40
2009.11.23 08:07:14.162,1.0617,1.0619,1.60,4.60
2009.11.23 08:07:14.463,1.0617,1.0619,1.60,1.40
2009.11.23 08:07:17.432,1.0617,1.06195,1.60,6.40
2009.11.23 08:07:18.122,1.0617,1.06195,1.60,6.60
2009.11.23 08:07:20.371,1.0617,1.06195,1.60,6.40
2009.11.23 08:07:20.881,1.0617,1.06195,1.60,6.20
2009.11.23 08:07:25.500,1.06165,1.0619,3.20,1.60
2009.11.23 08:07:28.089,1.0617,1.0619,2.30,2.20
2009.11.23 08:07:28.449,1.0617,1.0619,2.30,7.00
2009.11.23 08:07:29.139,1.06165,1.06185,1.00,1.60
2009.11.23 08:07:29.489,1.0616,1.06185,4.90,1.60
2009.11.23 08:07:31.159,1.06165,1.06185,1.60,1.60
2009.11.23 08:07:37.776,1.0616,1.0618,4.10,1.00
2009.11.23 08:07:38.126,1.06155,1.06175,1.60,1.60
2009.11.23 08:07:38.466,1.06155,1.06175,1.60,6.20
2009.11.23 08:07:38.756,1.06155,1.06175,1.60,1.60
2009.11.23 08:07:40.356,1.06155,1.0618,1.60,7.00
2009.11.23 08:07:51.033,1.0615,1.0618,5.10,3.80
2009.11.23 08:07:53.723,1.06155,1.0618,1.60,7.00
2009.11.23 08:07:54.053,1.06155,1.0618,1.60,2.40
2009.11.23 08:07:54.643,1.0616,1.0618,1.60,2.40
2009.11.23 08:07:55.642,1.0616,1.06185,1.60,4.00
2009.11.23 08:07:59.831,1.0616,1.06185,1.60,3.20
2009.11.23 08:08:00.181,1.06165,1.06185,1.60,1.60
2009.11.23 08:08:01.221,1.06165,1.0619,1.60,7.00
2009.11.23 08:08:02.481,1.06165,1.06185,1.60,4.00
2009.11.23 08:08:02.861,1.0616,1.0618,1.60,1.00
2009.11.23 08:08:03.211,1.06155,1.06175,1.60,5.40
2009.11.23 08:08:03.600,1.0615,1.06165,1.60,1.30
2009.11.23 08:08:03.940,1.0615,1.06175,1.60,5.40
2009.11.23 08:08:04.300,1.06155,1.06175,1.60,3.80
2009.11.23 08:08:04.600,1.0615,1.06175,1.60,5.40
2009.11.23 08:08:05.410,1.06145,1.06165,4.10,1.00
2009.11.23 08:08:05.770,1.06135,1.0616,5.30,1.00
2009.11.23 08:08:06.110,1.06135,1.0616,1.60,1.60
2009.11.23 08:08:06.510,1.06135,1.06155,1.60,1.00
2009.11.23 08:08:06.900,1.0613,1.06155,9.40,1.00
2009.11.23 08:08:07.420,1.0614,1.06155,1.60,1.00
2009.11.23 08:08:09.379,1.0614,1.06155,1.60,1.00
2009.11.23 08:08:10.019,1.0614,1.06155,1.60,1.00
2009.11.23 08:08:10.299,1.06135,1.06145,1.60,1.00
2009.11.23 08:08:10.659,1.0613,1.06145,1.60,1.00
2009.11.23 08:08:11.019,1.0613,1.06145,4.40,1.00
2009.11.23 08:08:11.359,1.06125,1.0615,12.70,1.60
2009.11.23 08:08:11.698,1.06135,1.06155,1.60,6.00
2009.11.23 08:08:12.048,1.0613,1.06155,1.70,6.00
2009.11.23 08:08:13.158,1.06135,1.06155,1.60,6.00
2009.11.23 08:08:13.548,1.06135,1.06155,1.60,4.40
2009.11.23 08:08:15.847,1.06135,1.06155,1.60,4.30
2009.11.23 08:08:16.137,1.06135,1.06155,1.60,1.90
2009.11.23 08:08:16.427,1.0614,1.06165,1.60,9.20
2009.11.23 08:08:18.237,1.0614,1.06165,1.60,8.70
2009.11.23 08:08:19.447,1.06145,1.06165,1.60,5.20
2009.11.23 08:08:19.796,1.06145,1.06165,1.60,2.00
2009.11.23 08:08:20.117,1.06145,1.06165,1.60,1.90
2009.11.23 08:08:20.816,1.06145,1.06165,1.60,1.70
2009.11.23 08:08:21.166,1.06145,1.06165,1.60,2.80
2009.11.23 08:08:21.696,1.06145,1.06165,1.60,3.10
2009.11.23 08:08:22.226,1.06145,1.06165,1.60,2.90
2009.11.23 08:08:22.566,1.06145,1.06165,1.60,2.40
2009.11.23 08:08:24.615,1.06145,1.06165,1.60,1.00
2009.11.23 08:08:25.265,1.0614,1.0616,1.60,1.40
2009.11.23 08:08:25.555,1.06135,1.06155,1.60,1.00
2009.11.23 08:08:25.965,1.06135,1.06155,1.60,1.80
2009.11.23 08:08:26.255,1.06135,1.06155,1.60,2.00
2009.11.23 08:08:26.957,1.06135,1.06155,1.60,2.20
2009.11.23 08:08:27.235,1.0614,1.06155,1.60,1.40
2009.11.23 08:08:27.515,1.0614,1.0616,1.60,1.40
2009.11.23 08:08:27.865,1.0614,1.06165,1.60,5.60
2009.11.23 08:08:28.915,1.0614,1.06165,1.60,5.40
2009.11.23 08:08:29.254,1.0614,1.06165,1.60,3.80
2009.11.23 08:08:30.164,1.06135,1.06155,1.60,2.40
2009.11.23 08:08:30.624,1.06135,1.0616,3.20,11.80
2009.11.23 08:08:30.854,1.0614,1.0616,1.60,5.60
2009.11.23 08:08:31.144,1.0614,1.0616,1.60,1.60
2009.11.23 08:08:31.384,1.06145,1.06165,1.60,3.50
2009.11.23 08:08:31.924,1.06145,1.06165,1.60,2.40
2009.11.23 08:08:32.283,1.06145,1.06165,1.60,2.70
2009.11.23 08:08:34.313,1.06145,1.06165,1.60,3.30
2009.11.23 08:08:37.132,1.06145,1.06165,1.60,3.20
2009.11.23 08:08:38.892,1.06145,1.06165,1.60,3.50
2009.11.23 08:08:40.342,1.06145,1.06165,1.60,3.30
2009.11.23 08:08:40.721,1.06145,1.06165,1.60,3.20
2009.11.23 08:08:43.101,1.06145,1.0617,1.60,11.40
2009.11.23 08:08:43.721,1.06145,1.06165,1.60,2.80
2009.11.23 08:08:44.021,1.06145,1.06165,1.60,2.40
2009.11.23 08:08:44.541,1.0615,1.06175,1.60,1.60
2009.11.23 08:08:44.711,1.0615,1.06175,4.90,1.60
2009.11.23 08:08:45.060,1.06155,1.0618,1.60,4.00
2009.11.23 08:08:46.650,1.0616,1.0618,1.60,3.20
2009.11.23 08:08:47.060,1.0616,1.0618,1.60,1.60
2009.11.23 08:08:47.220,1.06165,1.0619,1.60,8.60
2009.11.23 08:08:47.440,1.0616,1.06185,5.70,1.60
2009.11.23 08:08:48.310,1.06165,1.0619,1.60,4.00
2009.11.23 08:08:48.669,1.0616,1.06185,5.70,1.60
2009.11.23 08:08:49.249,1.06165,1.0619,1.60,4.00
2009.11.23 08:08:51.879,1.06165,1.0619,1.70,1.60
2009.11.23 08:08:52.379,1.06165,1.0619,4.90,1.60
2009.11.23 08:08:52.728,1.06165,1.0619,1.70,1.60
2009.11.23 08:08:53.128,1.0617,1.06195,2.40,3.00
2009.11.23 08:08:53.828,1.06175,1.062,1.60,3.80
2009.11.23 08:08:54.128,1.0617,1.06195,1.00,1.60
2009.11.23 08:08:54.508,1.06175,1.062,1.60,3.80
2009.11.23 08:08:56.627,1.06175,1.062,1.60,2.40
2009.11.23 08:08:58.197,1.0618,1.062,1.60,1.00
2009.11.23 08:09:00.187,1.0618,1.062,1.60,2.20
2009.11.23 08:09:00.927,1.0618,1.062,1.60,1.00
2009.11.23 08:09:05.215,1.06185,1.062,1.60,1.00
2009.11.23 08:09:05.435,1.06185,1.06205,2.40,1.20
2009.11.23 08:09:05.655,1.0619,1.0621,1.60,5.60
2009.11.23 08:09:05.995,1.0619,1.06215,1.60,13.10
2009.11.23 08:09:06.295,1.0619,1.06215,1.60,13.90
2009.11.23 08:09:06.645,1.0619,1.06215,1.60,8.40
2009.11.23 08:09:07.055,1.0619,1.06215,1.60,11.60
2009.11.23 08:09:09.085,1.0619,1.06215,1.60,12.10
2009.11.23 08:09:12.664,1.0619,1.062,1.60,1.00
2009.11.23 08:09:12.964,1.0618,1.06195,2.40,1.00
2009.11.23 08:09:13.254,1.06185,1.06195,1.60,1.00
2009.11.23 08:09:13.614,1.06165,1.06195,1.60,1.00
2009.11.23 08:09:13.954,1.0616,1.0619,1.60,11.80
2009.11.23 08:09:14.513,1.06165,1.0619,1.60,13.40
2009.11.23 08:09:14.743,1.06175,1.0619,1.60,11.80
2009.11.23 08:09:15.213,1.0617,1.0619,1.60,13.40
2009.11.23 08:09:15.553,1.06165,1.0619,1.60,8.60
2009.11.23 08:09:16.483,1.0617,1.0619,1.60,8.60
2009.11.23 08:09:16.703,1.06165,1.0619,1.60,8.60
2009.11.23 08:09:17.743,1.06175,1.0619,1.00,4.80
2009.11.23 08:09:18.092,1.06185,1.0621,1.60,6.70
2009.11.23 08:09:18.392,1.06185,1.0621,1.60,4.60
2009.11.23 08:09:19.473,1.06185,1.062,1.60,1.00
2009.11.23 08:09:19.692,1.0618,1.062,3.20,1.00
2009.11.23 08:09:19.972,1.0618,1.062,1.60,1.00
2009.11.23 08:09:21.182,1.0618,1.062,1.60,2.40
2009.11.23 08:09:21.522,1.0618,1.062,1.60,3.80
2009.11.23 08:09:22.081,1.06175,1.062,1.60,3.80
2009.11.23 08:09:23.161,1.06175,1.062,1.60,2.40
2009.11.23 08:09:23.681,1.0618,1.062,1.60,2.40
2009.11.23 08:09:24.321,1.0618,1.062,1.60,7.00
2009.11.23 08:09:24.671,1.0618,1.062,2.30,11.00
2009.11.23 08:09:25.181,1.06175,1.062,1.60,12.60
2009.11.23 08:09:27.270,1.06175,1.062,1.60,13.40
2009.11.23 08:09:30.040,1.06175,1.062,1.60,10.20
2009.11.23 08:09:31.599,1.06175,1.062,1.60,7.80
2009.11.23 08:09:31.779,1.0617,1.062,2.40,3.90
2009.11.23 08:09:32.419,1.06175,1.062,1.60,3.80
2009.11.23 08:09:32.759,1.0618,1.062,1.60,1.60
2009.11.23 08:09:32.999,1.06185,1.06205,1.60,3.00
2009.11.23 08:09:33.289,1.0618,1.06205,2.40,3.00
2009.11.23 08:09:34.188,1.06185,1.06205,1.60,3.00
2009.11.23 08:09:37.278,1.0618,1.06205,1.60,3.00
2009.11.23 08:09:37.678,1.0618,1.06205,1.60,1.40
2009.11.23 08:09:37.958,1.0618,1.06205,1.60,3.00
2009.11.23 08:09:41.797,1.06185,1.06205,1.60,1.60
2009.11.23 08:09:42.187,1.06185,1.0621,4.80,3.80
2009.11.23 08:09:42.307,1.0619,1.06215,2.40,5.60
2009.11.23 08:09:42.367,1.06195,1.06215,1.00,1.60
2009.11.23 08:09:42.487,1.06195,1.0622,1.80,6.40
2009.11.23 08:09:42.607,1.06195,1.0622,1.80,2.40
2009.11.23 08:09:43.706,1.06195,1.06225,2.20,1.80
2009.11.23 08:09:44.276,1.06195,1.06225,2.50,1.60
2009.11.23 08:09:45.886,1.062,1.06225,2.40,1.60
2009.11.23 08:09:48.285,1.06205,1.06225,1.60,1.60
2009.11.23 08:09:48.736,1.062,1.06225,1.60,1.60
2009.11.23 08:09:49.016,1.06195,1.06225,8.40,1.60
2009.11.23 08:09:49.375,1.062,1.06225,2.40,1.60
2009.11.23 08:09:49.735,1.06205,1.06225,1.60,1.60
2009.11.23 08:09:52.654,1.06205,1.0623,2.60,1.60
2009.11.23 08:09:52.934,1.0621,1.06235,4.80,1.60
2009.11.23 08:09:53.264,1.06215,1.0624,1.00,1.60
2009.11.23 08:09:53.554,1.06215,1.06245,1.70,1.70
2009.11.23 08:09:53.794,1.06215,1.06245,4.90,2.00
2009.11.23 08:09:54.024,1.06215,1.0624,4.90,1.60
2009.11.23 08:09:54.304,1.06215,1.06245,7.30,1.60
2009.11.23 08:09:54.534,1.06215,1.06245,8.90,1.60
2009.11.23 08:10:08.240,1.06215,1.0624,2.10,1.60
2009.11.23 08:10:08.531,1.06215,1.06245,2.50,2.00
2009.11.23 08:10:08.830,1.0622,1.06245,2.40,2.00
2009.11.23 08:10:09.110,1.0622,1.06245,2.40,1.00
2009.11.23 08:10:09.520,1.06225,1.0625,1.60,1.60
2009.11.23 08:10:10.040,1.06225,1.0625,1.70,1.60
2009.11.23 08:10:11.760,1.06225,1.0625,1.00,1.60
2009.11.23 08:10:11.820,1.06215,1.0625,15.90,3.00
2009.11.23 08:10:11.880,1.06215,1.06245,11.30,1.00
2009.11.23 08:10:11.940,1.06215,1.06245,9.60,1.90
2009.11.23 08:10:12.123,1.06215,1.0624,5.30,1.60
2009.11.23 08:10:12.241,1.06215,1.0624,2.10,3.00
2009.11.23 08:10:12.350,1.06215,1.06235,1.80,1.00
2009.11.23 08:10:12.409,1.06215,1.06235,1.00,1.00
2009.11.23 08:10:12.580,1.06215,1.0624,1.00,3.00
2009.11.23 08:10:12.920,1.06215,1.06235,1.00,2.80
2009.11.23 08:10:13.323,1.06195,1.06225,1.00,3.90
2009.11.23 08:10:13.819,1.062,1.06215,1.60,1.00
2009.11.23 08:10:14.169,1.0619,1.0622,1.00,1.60
2009.11.23 08:10:14.519,1.06195,1.06225,2.00,6.10
2009.11.23 08:10:14.929,1.062,1.06225,1.00,1.70
2009.11.23 08:10:15.159,1.062,1.06225,1.00,1.60
2009.11.23 08:10:16.078,1.062,1.0623,1.70,9.50
2009.11.23 08:10:16.768,1.062,1.0623,1.70,7.00
2009.11.23 08:10:16.879,1.062,1.0623,1.70,3.00
2009.11.23 08:10:16.988,1.06205,1.0623,1.00,1.60
2009.11.23 08:10:17.208,1.0621,1.0623,1.00,2.40
2009.11.23 08:10:17.319,1.062,1.0623,4.80,4.00
2009.11.23 08:10:17.428,1.062,1.0623,1.60,4.00
2009.11.23 08:10:17.538,1.062,1.0623,1.60,9.40
2009.11.23 08:10:18.868,1.06205,1.0623,1.60,9.40
2009.11.23 08:10:19.159,1.06205,1.0623,1.60,6.40
2009.11.23 08:10:19.328,1.06205,1.0623,1.60,1.60
2009.11.23 08:10:19.507,1.062,1.0623,5.70,4.00
2009.11.23 08:10:19.727,1.062,1.06225,2.50,1.60
2009.11.23 08:10:20.028,1.062,1.0623,7.30,2.40
2009.11.23 08:10:20.248,1.06205,1.0623,1.00,2.40
2009.11.23 08:10:20.598,1.06205,1.0623,1.80,2.40
2009.11.23 08:10:22.917,1.06205,1.0623,1.70,2.40
2009.11.23 08:10:23.257,1.06205,1.0623,1.60,2.40
2009.11.23 08:10:24.546,1.06205,1.0623,1.60,3.80
2009.11.23 08:10:24.717,1.062,1.06225,2.50,1.60
2009.11.23 08:10:25.496,1.06205,1.06225,1.00,1.60
2009.11.23 08:10:25.886,1.06205,1.06225,1.00,1.60
2009.11.23 08:10:26.226,1.06205,1.06225,1.00,1.60
2009.11.23 08:10:26.566,1.06205,1.0623,2.00,2.40
2009.11.23 08:10:31.765,1.06205,1.0623,2.00,1.60
2009.11.23 08:10:31.945,1.0621,1.0623,1.00,1.60
2009.11.23 08:10:32.105,1.0621,1.0623,1.00,1.60
2009.11.23 08:10:32.285,1.0621,1.06235,7.30,1.00
2009.11.23 08:10:32.455,1.0621,1.0624,4.10,1.60
2009.11.23 08:10:32.624,1.0621,1.0624,2.50,1.60
2009.11.23 08:10:32.734,1.06215,1.06245,1.70,3.60
2009.11.23 08:10:33.084,1.06215,1.06245,1.70,2.00
2009.11.23 08:10:33.494,1.06215,1.06235,3.30,1.60
2009.11.23 08:10:33.834,1.06215,1.0624,3.30,1.60
2009.11.23 08:10:34.174,1.06215,1.06235,3.20,4.00
2009.11.23 08:10:34.524,1.0621,1.06235,1.70,4.00
2009.11.23 08:10:34.854,1.06215,1.06235,1.60,2.40
2009.11.23 08:10:34.974,1.0621,1.06235,1.70,4.00
2009.11.23 08:10:48.171,1.06215,1.06235,1.60,2.40
2009.11.23 08:10:52.040,1.06215,1.06235,1.60,5.20
2009.11.23 08:10:52.200,1.06215,1.0623,1.60,1.00
2009.11.23 08:10:52.320,1.0621,1.0623,1.60,1.00
2009.11.23 08:10:52.820,1.0621,1.0623,1.60,2.40
2009.11.23 08:10:53.000,1.06215,1.0623,1.60,1.00
2009.11.23 08:10:53.350,1.06215,1.06235,1.60,4.00
2009.11.23 08:10:53.710,1.06215,1.06235,1.60,2.40
2009.11.23 08:10:55.039,1.06215,1.06235,1.60,1.60
2009.11.23 08:10:55.399,1.0622,1.0624,1.60,1.60
2009.11.23 08:10:56.099,1.0622,1.06245,1.60,7.10
2009.11.23 08:10:56.279,1.0622,1.06245,1.60,7.40
2009.11.23 08:10:57.069,1.0622,1.06245,1.60,7.00
2009.11.23 08:10:57.359,1.0622,1.06245,1.60,6.50
2009.11.23 08:10:58.338,1.0622,1.06245,1.60,6.20
2009.11.23 08:10:58.808,1.0622,1.06245,1.60,6.60
2009.11.23 08:10:58.978,1.0622,1.06245,1.60,6.90
2009.11.23 08:10:59.148,1.0622,1.06245,1.60,7.20
2009.11.23 08:11:01.088,1.0622,1.06245,1.60,7.10
2009.11.23 08:11:03.067,1.06215,1.0624,1.70,2.40
2009.11.23 08:11:03.287,1.06215,1.06235,1.60,1.00
2009.11.23 08:11:03.637,1.06205,1.06225,1.60,1.00
2009.11.23 08:11:03.977,1.06195,1.0622,1.60,1.50
2009.11.23 08:11:04.317,1.06195,1.0622,1.60,1.40
2009.11.23 08:11:05.057,1.06205,1.06215,1.60,1.40
2009.11.23 08:11:05.406,1.06195,1.06215,1.60,1.40
2009.11.23 08:11:10.176,1.06195,1.06215,4.00,1.40
2009.11.23 08:11:10.446,1.062,1.0622,1.60,6.20
2009.11.23 08:11:10.675,1.062,1.06225,1.60,11.90
2009.11.23 08:11:11.195,1.062,1.0622,1.60,1.40
2009.11.23 08:11:21.523,1.062,1.0622,1.60,1.50
2009.11.23 08:11:22.213,1.062,1.0622,1.60,4.70
2009.11.23 08:11:29.961,1.062,1.0622,1.60,4.60
2009.11.23 08:11:31.051,1.062,1.0622,1.60,1.40
2009.11.23 08:11:32.240,1.062,1.06225,1.60,10.70
2009.11.23 08:11:33.450,1.062,1.06225,1.60,6.30
2009.11.23 08:11:34.140,1.062,1.06225,1.60,7.10
2009.11.23 08:11:34.750,1.06205,1.06225,1.60,2.40
2009.11.23 08:11:35.080,1.062,1.06225,1.60,5.60
2009.11.23 08:11:35.429,1.062,1.06225,1.60,7.10
2009.11.23 08:11:36.649,1.062,1.06225,1.60,7.90
2009.11.23 08:11:36.879,1.062,1.0622,1.60,3.10
2009.11.23 08:11:38.189,1.062,1.0622,1.60,3.00
2009.11.23 08:11:38.949,1.062,1.0622,1.60,6.20
2009.11.23 08:11:39.119,1.062,1.0622,1.60,6.30
2009.11.23 08:11:39.978,1.062,1.0622,1.60,6.20
2009.11.23 08:11:40.638,1.062,1.06225,2.40,3.20
2009.11.23 08:11:40.918,1.06205,1.06225,1.60,1.60
2009.11.23 08:11:41.208,1.06205,1.06225,1.60,1.80
2009.11.23 08:11:41.438,1.062,1.06225,1.60,5.20
2009.11.23 08:11:41.669,1.062,1.06225,1.60,6.80
2009.11.23 08:11:46.807,1.062,1.06225,1.60,7.40
2009.11.23 08:11:48.297,1.06205,1.06225,1.60,1.80
2009.11.23 08:11:48.526,1.0621,1.06225,1.60,1.70
2009.11.23 08:11:48.766,1.0621,1.06225,1.60,1.00
2009.11.23 08:11:49.116,1.06205,1.06215,1.60,1.00
2009.11.23 08:11:49.516,1.06185,1.06205,1.00,2.40
2009.11.23 08:11:49.856,1.06175,1.06205,1.60,1.00
2009.11.23 08:11:49.976,1.0617,1.06205,2.00,9.40
2009.11.23 08:11:50.156,1.0617,1.062,1.60,7.80
2009.11.23 08:11:50.266,1.0617,1.062,1.60,3.80
2009.11.23 08:11:50.436,1.06175,1.062,1.60,3.80
2009.11.23 08:11:50.616,1.06175,1.062,1.60,7.00
2009.11.23 08:11:51.795,1.06175,1.062,1.60,7.10
2009.11.23 08:11:52.415,1.06175,1.062,1.60,7.00
2009.11.23 08:11:52.595,1.06175,1.062,1.60,8.60
2009.11.23 08:11:52.765,1.06175,1.06195,1.60,1.40
2009.11.23 08:11:53.975,1.06175,1.06195,1.60,4.60
2009.11.23 08:12:05.163,1.06175,1.06195,1.60,1.40
2009.11.23 08:12:05.462,1.06175,1.062,1.60,11.00
2009.11.23 08:12:05.802,1.06175,1.062,1.60,7.00
2009.11.23 08:12:07.242,1.06175,1.06205,1.60,27.20
2009.11.23 08:12:07.352,1.06175,1.062,1.60,12.60
2009.11.23 08:12:07.462,1.06175,1.062,1.60,12.70
2009.11.23 08:12:08.342,1.06175,1.062,1.60,12.60
2009.11.23 08:12:08.682,1.06175,1.062,1.60,7.00
2009.11.23 08:12:12.720,1.06175,1.062,2.20,7.00
2009.11.23 08:12:12.830,1.0618,1.062,2.40,5.40
2009.11.23 08:12:12.941,1.0618,1.062,2.40,4.60
2009.11.23 08:12:13.051,1.0618,1.06205,2.40,13.00
2009.11.23 08:12:13.441,1.0619,1.0621,2.40,1.60
2009.11.23 08:12:13.780,1.06195,1.0622,1.60,2.00
2009.11.23 08:12:14.120,1.062,1.06225,1.60,11.50
2009.11.23 08:12:14.470,1.06195,1.0622,1.60,2.40
2009.11.23 08:12:22.439,1.06195,1.0622,1.60,1.60
2009.11.23 08:12:22.788,1.06205,1.06225,1.00,4.60
2009.11.23 08:12:23.128,1.06205,1.06225,1.00,1.60
2009.11.23 08:12:23.488,1.06205,1.06225,2.00,1.60
2009.11.23 08:12:23.838,1.06205,1.06225,1.80,1.60
2009.11.23 08:12:24.488,1.06205,1.06225,1.70,1.60
2009.11.23 08:12:24.838,1.06205,1.06225,1.60,1.60
2009.11.23 08:12:25.248,1.062,1.06225,1.60,1.60
2009.11.23 08:12:26.147,1.06195,1.06215,2.00,4.00
2009.11.23 08:12:26.497,1.06195,1.06215,1.60,4.00
2009.11.23 08:12:26.787,1.0619,1.06215,1.60,4.00
2009.11.23 08:12:29.616,1.06195,1.06215,1.60,4.00
2009.11.23 08:12:29.906,1.06195,1.0622,1.60,4.80
2009.11.23 08:12:30.246,1.062,1.06225,1.60,1.60
2009.11.23 08:12:30.596,1.06205,1.0623,1.60,10.20
2009.11.23 08:12:35.195,1.06205,1.0623,1.60,9.40
2009.11.23 08:12:35.635,1.06205,1.06225,1.60,1.60
2009.11.23 08:12:35.845,1.06205,1.0623,1.60,5.40
2009.11.23 08:12:35.965,1.06205,1.0623,1.60,9.40
2009.11.23 08:12:36.355,1.06205,1.06225,1.60,1.60
2009.11.23 08:12:49.202,1.06205,1.0622,1.60,1.00
2009.11.23 08:12:49.502,1.06205,1.06225,1.60,3.60
2009.11.23 08:12:49.801,1.06205,1.06225,1.60,1.60
2009.11.23 08:12:50.091,1.06205,1.0623,1.60,7.10
2009.11.23 08:12:56.430,1.06205,1.0622,1.60,1.00
2009.11.23 08:12:56.600,1.062,1.0622,1.60,1.00
2009.11.23 08:12:57.160,1.062,1.0622,1.60,2.40
2009.11.23 08:12:58.980,1.06205,1.0622,1.60,1.00
2009.11.23 08:12:59.269,1.062,1.0622,1.60,1.00
2009.11.23 08:12:59.729,1.06205,1.0622,1.60,1.00
2009.11.23 08:13:00.019,1.062,1.0622,1.60,1.00
2009.11.23 08:13:01.419,1.06205,1.0622,1.60,1.00
2009.11.23 08:13:01.709,1.06205,1.06225,4.30,1.60
2009.11.23 08:13:01.999,1.0621,1.0623,1.60,7.10
2009.11.23 08:13:02.588,1.0621,1.0623,1.60,7.00
2009.11.23 08:13:02.878,1.062,1.06215,1.60,1.00
2009.11.23 08:13:03.148,1.06195,1.0622,4.00,1.60
2009.11.23 08:13:03.438,1.062,1.06225,1.60,1.00
2009.11.23 08:13:03.618,1.062,1.06225,1.60,1.00
2009.11.23 08:13:07.307,1.06205,1.06225,1.60,5.90
2009.11.23 08:13:07.367,1.06205,1.0623,1.60,13.90
2009.11.23 08:13:07.427,1.06205,1.06225,1.60,2.40
2009.11.23 08:13:07.727,1.06205,1.0622,1.60,1.00
2009.11.23 08:13:07.907,1.06205,1.06225,1.60,1.00
2009.11.23 08:13:08.137,1.06205,1.0623,1.60,7.00
2009.11.23 08:13:17.985,1.0621,1.0623,1.60,1.00
2009.11.23 08:13:18.205,1.0621,1.06235,1.60,17.80
2009.11.23 08:13:18.505,1.06215,1.06235,1.00,7.70
2009.11.23 08:13:18.725,1.06225,1.06255,1.00,6.00
2009.11.23 08:13:19.015,1.06225,1.06255,1.80,1.60
2009.11.23 08:13:19.295,1.0622,1.06255,9.30,1.60
2009.11.23 08:13:19.634,1.06225,1.06245,1.00,1.60
2009.11.23 08:13:20.324,1.06235,1.0625,1.00,1.60
2009.11.23 08:13:20.664,1.0624,1.0627,1.60,3.40
2009.11.23 08:13:21.054,1.0624,1.0627,1.60,3.00
2009.11.23 08:13:21.384,1.06235,1.06265,1.60,1.60
2009.11.23 08:13:22.424,1.06235,1.0626,1.70,1.60
2009.11.23 08:13:22.773,1.06235,1.0626,1.80,1.60
2009.11.23 08:13:23.853,1.06235,1.0626,2.00,1.60
2009.11.23 08:13:24.243,1.06235,1.0626,1.80,1.60
2009.11.23 08:13:28.802,1.0624,1.06265,1.60,6.20
2009.11.23 08:13:29.542,1.06245,1.06265,1.60,6.20
2009.11.23 08:13:29.772,1.06245,1.0627,1.60,8.60
2009.11.23 08:13:30.052,1.06245,1.06265,1.60,1.60
2009.11.23 08:13:33.771,1.06245,1.0627,1.60,3.80
2009.11.23 08:13:34.051,1.0625,1.06275,1.60,3.00
2009.11.23 08:13:34.741,1.0625,1.06275,1.60,6.20
2009.11.23 08:13:35.081,1.06245,1.0627,1.60,1.60
2009.11.23 08:13:37.650,1.06245,1.0627,1.60,1.70
2009.11.23 08:13:38.860,1.06245,1.0627,1.60,1.60
2009.11.23 08:13:41.029,1.06245,1.0627,1.60,1.70
2009.11.23 08:13:41.879,1.06245,1.0627,1.60,3.10
2009.11.23 08:13:46.948,1.06245,1.0627,1.60,1.70
2009.11.23 08:13:47.538,1.06245,1.0627,3.20,1.70
2009.11.23 08:13:48.767,1.0625,1.0627,1.60,1.00
2009.11.23 08:13:49.507,1.0625,1.06275,1.60,3.30
2009.11.23 08:13:49.957,1.06245,1.0627,3.30,1.60
2009.11.23 08:13:51.537,1.06245,1.0627,3.20,1.60
2009.11.23 08:14:05.023,1.06245,1.0626,1.60,1.60
2009.11.23 08:14:05.263,1.0624,1.06255,1.00,1.00
2009.11.23 08:14:05.613,1.0623,1.0625,1.60,1.00
2009.11.23 08:14:05.963,1.06225,1.06255,1.60,1.70
2009.11.23 08:14:06.663,1.06215,1.0625,12.80,3.00
2009.11.23 08:14:07.003,1.0622,1.0625,1.60,3.00
2009.11.23 08:14:07.343,1.06225,1.0625,1.60,3.10
2009.11.23 08:14:07.803,1.06225,1.0625,1.60,3.00
2009.11.23 08:14:08.533,1.06225,1.0625,1.60,3.10
2009.11.23 08:14:10.772,1.06225,1.0625,1.60,7.10
2009.11.23 08:14:10.982,1.0622,1.06245,1.60,1.90
2009.11.23 08:14:11.162,1.0622,1.06245,1.60,6.50
2009.11.23 08:14:11.742,1.06215,1.06235,3.20,1.00
2009.11.23 08:14:12.082,1.06215,1.06235,1.60,1.00
2009.11.23 08:14:12.432,1.06215,1.06235,1.60,3.00
2009.11.23 08:14:12.781,1.0621,1.06225,1.60,1.00
2009.11.23 08:14:13.622,1.06205,1.06225,1.60,1.00
2009.11.23 08:14:13.905,1.062,1.0622,1.60,2.40
2009.11.23 08:14:14.981,1.06205,1.06225,1.60,1.40
2009.11.23 08:14:15.681,1.06205,1.06225,1.60,1.00
2009.11.23 08:14:16.021,1.06195,1.06215,1.00,4.00
2009.11.23 08:14:18.020,1.0619,1.0621,2.90,4.80
2009.11.23 08:14:18.430,1.0619,1.06215,1.60,3.30
2009.11.23 08:14:18.790,1.0619,1.06215,1.60,6.20
2009.11.23 08:14:19.960,1.06195,1.06215,1.00,6.20
2009.11.23 08:14:20.190,1.06195,1.06215,1.00,6.20
2009.11.23 08:14:26.448,1.06195,1.06215,1.00,6.20
2009.11.23 08:14:26.628,1.06185,1.06215,3.20,6.20
2009.11.23 08:14:32.487,1.0619,1.06215,1.60,6.20
2009.11.23 08:14:32.657,1.06185,1.06215,3.20,6.20
2009.11.23 08:14:32.817,1.06185,1.06215,3.20,6.40
2009.11.23 08:14:32.997,1.06185,1.0621,3.20,2.40
2009.11.23 08:14:33.227,1.06185,1.0621,1.60,7.00
2009.11.23 08:14:33.567,1.06185,1.06205,1.60,1.40
2009.11.23 08:14:36.146,1.06185,1.06205,1.60,4.60
2009.11.23 08:14:37.416,1.06185,1.06205,1.60,1.40
2009.11.23 08:14:37.596,1.06185,1.0621,1.60,3.80
2009.11.23 08:14:37.766,1.0619,1.0621,2.40,1.60
2009.11.23 08:14:37.946,1.0619,1.0621,4.00,1.60
2009.11.23 08:14:38.126,1.0619,1.06215,2.10,7.00
2009.11.23 08:14:38.355,1.0619,1.06215,1.60,5.60
2009.11.23 08:14:38.695,1.06185,1.06215,1.70,8.80
2009.11.23 08:14:39.015,1.0619,1.0621,1.60,1.40
2009.11.23 08:14:39.375,1.06185,1.06215,3.20,6.20
2009.11.23 08:14:43.954,1.06185,1.06215,3.20,6.40
2009.11.23 08:14:44.124,1.06185,1.0621,3.20,1.60
2009.11.23 08:14:49.912,1.0619,1.06215,1.60,3.00
2009.11.23 08:14:57.591,1.06185,1.06215,3.60,3.00
2009.11.23 08:14:59.730,1.0619,1.06215,1.60,3.00
2009.11.23 08:15:02.550,1.0619,1.06215,1.60,1.60
2009.11.23 08:15:05.689,1.06195,1.06215,1.00,1.60
2009.11.23 08:15:05.919,1.06195,1.06215,1.00,1.60
2009.11.23 08:15:09.258,1.06195,1.0622,1.00,11.80
2009.11.23 08:15:19.875,1.06195,1.06215,1.00,1.60
2009.11.23 08:15:31.443,1.06195,1.0622,1.00,11.00
2009.11.23 08:15:31.713,1.06195,1.06225,5.80,6.40
2009.11.23 08:15:32.012,1.062,1.06225,1.00,1.60
2009.11.23 08:15:32.233,1.06205,1.0623,2.00,4.60
2009.11.23 08:15:32.523,1.06205,1.0623,2.80,3.80
2009.11.23 08:15:33.082,1.06205,1.0623,1.20,3.80
2009.11.23 08:15:33.362,1.06205,1.0623,2.80,2.40
2009.11.23 08:15:33.592,1.06205,1.0623,2.00,2.40
2009.11.23 08:15:34.172,1.06205,1.06225,1.60,1.00
2009.11.23 08:15:34.462,1.062,1.06225,2.70,1.60
2009.11.23 08:15:34.752,1.062,1.06225,1.70,1.60
2009.11.23 08:15:35.602,1.062,1.0623,1.70,6.40
2009.11.23 08:15:36.271,1.06205,1.06225,1.60,1.60
2009.11.23 08:15:36.611,1.06205,1.0623,1.60,2.40
2009.11.23 08:15:40.161,1.06205,1.06225,1.60,1.60
2009.11.23 08:15:40.620,1.06205,1.0623,1.60,2.40
2009.11.23 08:15:42.490,1.0621,1.0623,1.60,2.40
2009.11.23 08:15:47.109,1.06205,1.0623,1.70,2.40
2009.11.23 08:15:51.558,1.06215,1.0624,3.20,4.60
2009.11.23 08:15:51.908,1.06215,1.06245,3.20,16.20
2009.11.23 08:15:52.137,1.06215,1.06245,3.20,12.50
2009.11.23 08:15:52.607,1.06215,1.06245,3.40,8.30
2009.11.23 08:15:52.887,1.06215,1.06245,3.70,4.80
2009.11.23 08:15:53.167,1.06215,1.06245,3.70,5.10
2009.11.23 08:15:53.707,1.06215,1.06245,3.70,7.90
2009.11.23 08:15:55.487,1.06215,1.06245,3.90,7.00
2009.11.23 08:15:55.547,1.0622,1.06245,1.60,7.00
2009.11.23 08:15:55.707,1.0622,1.0625,1.60,11.80
2009.11.23 08:15:56.177,1.0623,1.0625,1.00,3.00
2009.11.23 08:15:56.536,1.0623,1.06255,1.00,9.40
2009.11.23 08:15:56.927,1.0623,1.06255,1.00,6.20
2009.11.23 08:15:58.096,1.06235,1.06255,1.00,4.80
2009.11.23 08:15:58.436,1.06235,1.06255,1.00,4.00
2009.11.23 08:16:01.695,1.06235,1.06255,1.00,4.20
2009.11.23 08:16:01.995,1.06235,1.06255,1.00,5.00
2009.11.23 08:16:02.285,1.06235,1.0625,1.00,1.60
2009.11.23 08:16:05.844,1.06225,1.0625,5.60,1.60
2009.11.23 08:16:06.144,1.06225,1.0625,1.60,2.40
2009.11.23 08:16:14.303,1.06225,1.0625,5.00,1.60
2009.11.23 08:16:14.472,1.06225,1.0625,5.70,1.60
2009.11.23 08:16:16.122,1.0623,1.0625,1.60,1.60
2009.11.23 08:16:16.352,1.0623,1.06255,1.60,5.40
2009.11.23 08:16:16.932,1.0623,1.06255,1.60,4.00
2009.11.23 08:16:17.282,1.0623,1.06255,1.60,4.20
2009.11.23 08:16:17.572,1.0623,1.06255,1.60,5.60
2009.11.23 08:16:17.981,1.06235,1.06255,1.60,5.60
2009.11.23 08:16:18.491,1.06235,1.06255,1.60,5.50
2009.11.23 08:16:18.771,1.06235,1.06255,1.60,5.40
2009.11.23 08:16:19.181,1.0623,1.06255,1.60,5.40
2009.11.23 08:16:22.001,1.06235,1.06255,1.60,1.40
2009.11.23 08:16:22.171,1.06235,1.06255,1.60,3.80
2009.11.23 08:16:22.401,1.06235,1.06255,1.60,4.00
2009.11.23 08:16:28.109,1.06235,1.0626,1.60,17.90
2009.11.23 08:16:30.378,1.06235,1.06255,1.60,2.40
2009.11.23 08:16:30.539,1.06235,1.06255,1.60,4.00
2009.11.23 08:16:30.888,1.06235,1.06255,1.60,2.60
2009.11.23 08:16:34.247,1.06235,1.06255,1.60,2.50
2009.11.23 08:16:34.467,1.06235,1.06255,1.60,2.40
2009.11.23 08:16:36.417,1.06235,1.06255,1.60,2.80
2009.11.23 08:16:36.827,1.06235,1.06255,1.60,7.70
2009.11.23 08:16:39.526,1.06235,1.06255,1.60,7.50
2009.11.23 08:16:39.816,1.06235,1.06255,1.60,3.90
2009.11.23 08:16:39.986,1.06235,1.06255,1.60,3.80
2009.11.23 08:16:42.885,1.06235,1.06255,1.60,2.40
2009.11.23 08:16:51.784,1.06245,1.06265,1.60,1.40
2009.11.23 08:16:51.963,1.06245,1.0627,1.60,14.20
2009.11.23 08:16:53.063,1.0624,1.0627,1.60,14.20
2009.11.23 08:17:00.031,1.0624,1.0626,1.60,5.60
2009.11.23 08:17:00.261,1.06235,1.0626,1.60,5.60
2009.11.23 08:17:09.879,1.06235,1.0626,1.70,5.60
2009.11.23 08:17:12.838,1.06235,1.06255,1.70,1.00
2009.11.23 08:17:16.177,1.0624,1.06255,1.60,1.00
2009.11.23 08:17:19.007,1.0624,1.06255,1.60,1.00
2009.11.23 08:17:19.277,1.0624,1.0626,1.60,5.60
2009.11.23 08:17:22.106,1.0624,1.0626,4.90,1.60
2009.11.23 08:17:22.346,1.06245,1.06265,1.60,1.60
2009.11.23 08:17:22.576,1.06245,1.0627,1.60,9.40
2009.11.23 08:17:23.096,1.06245,1.0627,1.60,8.60
2009.11.23 08:17:23.266,1.0624,1.06265,2.50,1.60
2009.11.23 08:17:23.436,1.06235,1.06265,6.80,1.60
2009.11.23 08:17:29.544,1.0624,1.06265,1.60,3.00
2009.11.23 08:17:30.994,1.0624,1.0626,1.60,1.00
2009.11.23 08:17:31.674,1.06235,1.0625,1.60,1.00
2009.11.23 08:17:32.014,1.06225,1.0625,1.60,2.40
2009.11.23 08:17:32.414,1.0623,1.0625,1.60,2.20
2009.11.23 08:17:32.583,1.06225,1.0625,1.60,3.80
2009.11.23 08:17:33.623,1.06225,1.0625,1.60,2.40
2009.11.23 08:17:36.282,1.06225,1.0625,2.00,2.40
2009.11.23 08:17:36.633,1.0623,1.0625,1.60,1.00
2009.11.23 08:17:36.972,1.0623,1.0625,1.60,2.40
2009.11.23 08:17:39.762,1.0623,1.06245,1.60,1.00
2009.11.23 08:17:39.922,1.0623,1.0625,1.60,2.40
2009.11.23 08:17:45.970,1.0623,1.06245,1.60,1.00
2009.11.23 08:17:46.030,1.0623,1.06245,1.60,1.00
2009.11.23 08:17:46.390,1.0623,1.0625,1.60,2.40
2009.11.23 08:17:50.959,1.0623,1.0625,1.60,1.00
2009.11.23 08:17:54.198,1.0621,1.0623,1.00,1.00
2009.11.23 08:17:54.478,1.0619,1.06225,2.50,4.80
2009.11.23 08:17:54.778,1.0619,1.0622,1.60,1.00
2009.11.23 08:17:55.068,1.0619,1.0622,1.60,6.20
2009.11.23 08:18:02.506,1.06195,1.0622,1.80,5.60
2009.11.23 08:18:02.726,1.06195,1.0622,1.60,5.60
2009.11.23 08:18:02.906,1.06195,1.0622,1.60,5.60
2009.11.23 08:18:03.616,1.06195,1.0622,1.60,8.60
2009.11.23 08:18:03.846,1.06195,1.0622,1.60,7.20
2009.11.23 08:18:04.916,1.06195,1.0622,1.60,11.80
2009.11.23 08:18:05.395,1.06195,1.06215,1.60,1.00
2009.11.23 08:18:06.075,1.06195,1.06215,1.60,1.00
2009.11.23 08:18:11.944,1.0619,1.06215,1.60,1.00
2009.11.23 08:18:12.224,1.06195,1.06215,1.60,1.00
2009.11.23 08:18:14.083,1.06195,1.06215,1.60,1.00
2009.11.23 08:18:14.373,1.06195,1.0622,1.60,11.80
2009.11.23 08:18:17.872,1.06195,1.0622,1.60,8.60
2009.11.23 08:18:21.922,1.06195,1.0622,1.60,7.20
2009.11.23 08:18:22.431,1.06195,1.0622,1.60,11.80
2009.11.23 08:18:25.661,1.06195,1.06215,1.60,1.00
2009.11.23 08:18:26.011,1.06195,1.06215,1.60,1.00
2009.11.23 08:18:28.800,1.06195,1.06215,1.60,1.60
2009.11.23 08:18:30.370,1.06195,1.06215,1.60,1.80
2009.11.23 08:18:30.780,1.0619,1.06215,1.60,5.00
2009.11.23 08:18:30.899,1.0619,1.0621,1.60,1.00
2009.11.23 08:18:31.000,1.0619,1.0621,1.60,8.00
2009.11.23 08:18:31.169,1.06185,1.0621,1.60,9.40
2009.11.23 08:18:31.519,1.06185,1.06205,1.60,1.40
2009.11.23 08:18:32.799,1.06185,1.062,1.60,1.00
2009.11.23 08:18:33.089,1.0618,1.062,1.60,2.20
2009.11.23 08:18:33.379,1.0618,1.06195,1.60,1.00
2009.11.23 08:18:33.709,1.06175,1.0619,1.60,1.00
2009.11.23 08:18:34.099,1.06185,1.06195,1.60,4.60
2009.11.23 08:18:34.449,1.0618,1.06195,1.60,4.60
2009.11.23 08:18:35.248,1.06175,1.062,1.60,9.40
2009.11.23 08:18:37.418,1.06175,1.06195,1.60,1.40
2009.11.23 08:18:50.275,1.06155,1.06185,4.00,4.60
2009.11.23 08:18:50.575,1.06145,1.0618,2.00,1.60
2009.11.23 08:18:50.695,1.06145,1.0618,1.60,3.00
2009.11.23 08:18:50.925,1.06145,1.0618,1.60,1.40
2009.11.23 08:18:51.205,1.06145,1.0618,1.60,3.00
2009.11.23 08:18:51.535,1.0615,1.06175,1.60,6.20
2009.11.23 08:18:52.265,1.0615,1.06175,1.60,4.60
2009.11.23 08:18:52.564,1.0615,1.06175,1.60,6.20
2009.11.23 08:18:54.224,1.0615,1.0617,1.60,1.40
2009.11.23 08:18:54.974,1.0615,1.06165,1.60,1.00
2009.11.23 08:18:55.324,1.0614,1.06165,4.50,1.00
2009.11.23 08:18:55.614,1.0614,1.0616,1.60,1.00
2009.11.23 08:18:55.944,1.0614,1.0616,1.60,2.20
2009.11.23 08:18:56.334,1.06145,1.06155,1.60,1.00
2009.11.23 08:18:56.675,1.06135,1.06155,1.60,7.90
2009.11.23 08:18:57.005,1.0613,1.06145,1.60,2.40
2009.11.23 08:18:57.355,1.0612,1.06145,1.60,10.20
2009.11.23 08:18:57.755,1.06125,1.0614,1.60,1.40
2009.11.23 08:18:57.925,1.0613,1.0614,1.60,1.40
2009.11.23 08:18:59.844,1.0612,1.06145,1.60,11.20
2009.11.23 08:19:00.174,1.06125,1.06145,1.60,9.60
2009.11.23 08:19:00.474,1.06115,1.06135,1.60,2.40
2009.11.23 08:19:00.764,1.0611,1.06135,4.90,1.00
2009.11.23 08:19:01.104,1.0612,1.0614,1.60,3.80
2009.11.23 08:19:01.444,1.06115,1.0614,1.60,3.80
2009.11.23 08:19:01.794,1.06115,1.06135,1.60,5.40
2009.11.23 08:19:02.534,1.06115,1.06135,1.60,3.80
2009.11.23 08:19:02.773,1.06115,1.06135,1.60,1.60
2009.11.23 08:19:02.894,1.06115,1.0614,1.60,3.50
2009.11.23 08:19:03.253,1.06115,1.06135,1.60,1.80
2009.11.23 08:19:05.883,1.06115,1.06135,1.60,2.00
2009.11.23 08:19:06.003,1.06115,1.06135,1.60,2.00
2009.11.23 08:19:06.353,1.0611,1.0613,1.60,1.60
2009.11.23 08:19:06.983,1.06105,1.06125,4.90,1.60
2009.11.23 08:19:07.143,1.061,1.0612,11.30,2.40
2009.11.23 08:19:07.253,1.061,1.0612,2.40,4.00
2009.11.23 08:19:07.422,1.06095,1.0612,2.00,5.60
2009.11.23 08:19:07.862,1.061,1.0612,1.60,5.60
2009.11.23 08:19:08.102,1.06105,1.0612,1.60,3.20
2009.11.23 08:19:08.433,1.06105,1.06125,1.80,1.60
2009.11.23 08:19:10.852,1.06105,1.0613,1.80,3.80
2009.11.23 08:19:12.131,1.06105,1.06125,1.80,1.60
2009.11.23 08:19:13.991,1.06105,1.06125,1.60,1.60
2009.11.23 08:19:15.761,1.06105,1.06125,1.60,3.00
2009.11.23 08:19:19.360,1.0611,1.06125,1.60,1.40
2009.11.23 08:19:20.169,1.06105,1.06125,1.60,3.80
2009.11.23 08:19:20.559,1.06105,1.06125,1.60,7.00
2009.11.23 08:19:20.909,1.0611,1.06125,1.60,4.60
2009.11.23 08:19:21.259,1.0611,1.0613,1.60,1.40
2009.11.23 08:19:21.610,1.0611,1.0613,1.60,3.00
2009.11.23 08:19:22.349,1.0611,1.0613,1.60,1.40
2009.11.23 08:19:23.908,1.0611,1.0613,2.40,1.40
2009.11.23 08:19:24.139,1.06115,1.06135,1.60,8.70
2009.11.23 08:19:25.398,1.06115,1.06135,2.90,4.60
2009.11.23 08:19:25.508,1.0612,1.0614,1.60,2.40
2009.11.23 08:19:25.678,1.0612,1.06145,1.60,11.90
2009.11.23 08:19:26.128,1.0612,1.06145,2.40,11.10
2009.11.23 08:19:26.188,1.0612,1.06145,4.00,9.50
2009.11.23 08:19:26.548,1.0613,1.0615,1.60,1.60
2009.11.23 08:19:26.898,1.0613,1.06155,1.60,11.20
2009.11.23 08:19:27.248,1.0613,1.06155,1.60,7.60
2009.11.23 08:19:29.437,1.0613,1.06155,1.60,8.00
2009.11.23 08:19:29.847,1.0613,1.06155,1.60,7.60
2009.11.23 08:19:30.747,1.0613,1.06155,1.60,7.50
2009.11.23 08:19:31.666,1.0613,1.06155,1.60,7.70
2009.11.23 08:19:31.907,1.06135,1.06155,1.60,6.10
2009.11.23 08:19:32.076,1.06135,1.06155,1.60,4.70
2009.11.23 08:19:33.007,1.06135,1.06155,1.60,4.30
2009.11.23 08:19:33.466,1.0614,1.06155,4.00,1.90
2009.11.23 08:19:33.586,1.0614,1.06155,1.60,1.10
2009.11.23 08:19:33.816,1.0614,1.06165,2.30,16.70
2009.11.23 08:19:34.056,1.0614,1.0617,1.60,17.10
2009.11.23 08:19:34.286,1.0614,1.06165,1.60,9.50
2009.11.23 08:19:34.516,1.0614,1.06155,1.60,1.00
2009.11.23 08:19:35.036,1.06145,1.06165,4.00,4.00
2009.11.23 08:19:35.266,1.06145,1.06165,4.00,2.40
2009.11.23 08:19:35.496,1.06145,1.06165,4.00,2.30
2009.11.23 08:19:35.726,1.0615,1.06165,1.60,2.30
2009.11.23 08:19:35.966,1.0615,1.06165,1.60,1.00
2009.11.23 08:19:36.316,1.0615,1.06165,1.60,1.00
2009.11.23 08:19:36.675,1.06155,1.06165,1.60,1.00
2009.11.23 08:19:37.025,1.0615,1.06165,1.60,1.00
2009.11.23 08:19:38.305,1.0615,1.06165,2.40,1.00
2009.11.23 08:19:38.485,1.06155,1.06175,1.60,6.60
2009.11.23 08:19:38.535,1.06155,1.06175,1.60,4.60
2009.11.23 08:19:38.595,1.06155,1.06175,2.40,4.60
2009.11.23 08:19:38.765,1.06155,1.06175,4.00,4.60
2009.11.23 08:19:38.825,1.06155,1.06175,4.00,1.40
2009.11.23 08:19:38.885,1.06155,1.0618,4.00,8.50
2009.11.23 08:19:39.225,1.06155,1.0618,4.00,7.80
2009.11.23 08:19:39.865,1.06155,1.0618,4.00,3.00
2009.11.23 08:19:40.164,1.06155,1.0618,4.00,1.60
2009.11.23 08:19:40.395,1.06155,1.06175,1.60,4.60
2009.11.23 08:19:40.625,1.06155,1.0618,1.60,32.60
2009.11.23 08:19:40.915,1.06155,1.0618,1.60,15.00
2009.11.23 08:19:41.145,1.06155,1.0618,1.60,7.00
2009.11.23 08:19:42.544,1.06155,1.06175,1.60,1.40
2009.11.23 08:19:42.784,1.06155,1.0618,1.60,7.00
2009.11.23 08:19:42.834,1.06165,1.0618,1.60,5.40
2009.11.23 08:19:42.944,1.06165,1.0618,1.60,4.60
2009.11.23 08:19:42.994,1.06165,1.06185,1.60,6.30
2009.11.23 08:19:43.104,1.06165,1.06175,1.60,1.00
2009.11.23 08:19:43.274,1.06165,1.06175,1.60,2.40
2009.11.23 08:19:43.504,1.06155,1.0618,1.60,12.10
2009.11.23 08:19:43.734,1.0616,1.0618,1.60,7.00
2009.11.23 08:19:44.194,1.06155,1.06175,1.60,1.40
2009.11.23 08:19:45.164,1.06155,1.0618,1.60,7.00
2009.11.23 08:19:46.103,1.06155,1.0618,1.60,7.80
2009.11.23 08:19:46.603,1.06155,1.0618,1.60,7.00
2009.11.23 08:19:47.063,1.06155,1.0618,1.60,4.60
2009.11.23 08:19:47.413,1.06155,1.0618,1.60,5.40
2009.11.23 08:19:49.282,1.0616,1.0618,1.60,4.60
2009.11.23 08:19:49.642,1.06155,1.0618,1.60,4.60
2009.11.23 08:19:50.032,1.0616,1.0618,1.60,4.60
2009.11.23 08:19:50.792,1.06155,1.0618,1.60,4.60
2009.11.23 08:19:51.922,1.06165,1.0618,1.60,4.60
2009.11.23 08:19:52.402,1.06165,1.06185,1.60,5.30
2009.11.23 08:19:52.622,1.06165,1.06185,1.60,4.80
2009.11.23 08:19:52.962,1.0616,1.0618,1.60,2.40
2009.11.23 08:19:53.311,1.0616,1.0618,1.60,6.10
2009.11.23 08:19:53.661,1.0616,1.0618,1.60,6.90
2009.11.23 08:19:54.011,1.0616,1.0618,1.60,5.30
2009.11.23 08:19:54.701,1.0616,1.0618,1.60,4.50
2009.11.23 08:19:56.321,1.0616,1.0618,1.60,5.30
2009.11.23 08:19:56.661,1.0616,1.0618,1.60,6.90
2009.11.23 08:19:57.021,1.0615,1.06175,5.40,1.60
2009.11.23 08:19:57.361,1.0614,1.0616,1.00,1.00
2009.11.23 08:19:57.770,1.0613,1.0616,1.60,1.00
2009.11.23 08:19:58.300,1.06135,1.0616,1.60,1.00
2009.11.23 08:19:58.690,1.0614,1.0616,1.60,1.00
2009.11.23 08:20:00.090,1.0614,1.06155,1.60,1.00
2009.11.23 08:20:00.430,1.0614,1.06155,1.60,1.00
2009.11.23 08:20:00.780,1.0614,1.0616,1.60,1.00
2009.11.23 08:20:05.238,1.0614,1.06155,1.60,1.00
2009.11.23 08:20:06.098,1.0614,1.06155,1.60,1.00
2009.11.23 08:20:06.448,1.0614,1.0616,1.60,1.00
2009.11.23 08:20:08.488,1.0614,1.06165,1.60,11.80
2009.11.23 08:20:08.768,1.06145,1.06165,1.60,2.40
2009.11.23 08:20:10.527,1.06145,1.06165,1.60,5.60
2009.11.23 08:20:10.697,1.06145,1.06165,1.60,7.00
2009.11.23 08:20:10.977,1.0614,1.06165,1.60,7.00
2009.11.23 08:20:11.088,1.0614,1.06165,1.60,7.50
2009.11.23 08:20:11.267,1.0614,1.06165,1.60,7.90
2009.11.23 08:20:11.607,1.06145,1.06165,1.60,7.90
2009.11.23 08:20:12.637,1.06145,1.06165,1.60,8.10
2009.11.23 08:20:13.607,1.06145,1.06165,1.60,8.00
2009.11.23 08:20:13.887,1.0614,1.06165,1.60,8.00
2009.11.23 08:20:14.697,1.0614,1.06165,1.60,7.90
2009.11.23 08:20:15.286,1.0614,1.06165,1.60,6.80
2009.11.23 08:20:15.566,1.0614,1.0616,1.60,4.60
2009.11.23 08:20:16.116,1.06135,1.06155,1.60,1.00
2009.11.23 08:20:16.286,1.06135,1.06155,1.60,4.00
2009.11.23 08:20:16.406,1.06135,1.0615,1.60,1.40
2009.11.23 08:20:16.756,1.06135,1.0615,1.60,2.20
2009.11.23 08:20:17.116,1.0613,1.0615,1.60,1.00
2009.11.23 08:20:17.456,1.06125,1.0615,1.60,2.40
2009.11.23 08:20:17.805,1.06125,1.0615,1.60,3.80
2009.11.23 08:20:19.765,1.06125,1.0615,1.60,7.00
2009.11.23 08:20:24.704,1.06125,1.0615,1.60,3.80
2009.11.23 08:20:26.863,1.06125,1.0615,1.60,2.40
2009.11.23 08:20:28.413,1.06125,1.0615,1.60,3.80
2009.11.23 08:20:28.873,1.0612,1.0615,1.60,8.60
2009.11.23 08:20:29.153,1.0612,1.0614,1.60,1.00
2009.11.23 08:20:29.383,1.06115,1.0614,1.60,7.00
2009.11.23 08:20:29.673,1.06115,1.0614,1.60,12.60
2009.11.23 08:20:30.183,1.0611,1.06135,1.60,5.00
2009.11.23 08:20:31.123,1.06105,1.06125,1.00,1.60
2009.11.23 08:20:31.462,1.06095,1.06125,4.80,1.60
2009.11.23 08:20:31.812,1.06095,1.0612,4.00,1.00
2009.11.23 08:20:32.212,1.06095,1.06115,1.60,4.60
2009.11.23 08:20:32.562,1.0609,1.0611,2.30,4.60
2009.11.23 08:20:32.672,1.0609,1.0611,1.60,4.60
2009.11.23 08:20:35.031,1.0609,1.0611,1.60,3.20
2009.11.23 08:20:35.271,1.0609,1.06115,1.60,8.60
2009.11.23 08:20:36.131,1.0609,1.06115,2.40,7.80
2009.11.23 08:20:36.471,1.0609,1.0612,2.40,7.00
2009.11.23 08:20:37.961,1.06095,1.06115,1.60,4.60
2009.11.23 08:20:38.481,1.06095,1.0612,4.00,6.20
2009.11.23 08:20:38.701,1.061,1.06125,1.60,6.20
2009.11.23 08:20:38.941,1.061,1.06125,2.40,3.00
2009.11.23 08:20:39.290,1.06105,1.06125,1.60,1.40
2009.11.23 08:20:39.700,1.06105,1.0613,1.60,3.80
2009.11.23 08:20:39.920,1.061,1.06125,2.40,1.60
2009.11.23 08:20:40.150,1.06105,1.0613,1.60,7.00
2009.11.23 08:20:40.620,1.06105,1.06125,1.60,1.00
2009.11.23 08:20:40.860,1.06105,1.06125,1.60,1.80
2009.11.23 08:20:41.610,1.06105,1.06125,1.60,1.40
2009.11.23 08:20:41.940,1.06105,1.0613,1.60,3.80
2009.11.23 08:20:43.089,1.06105,1.06125,1.60,1.00
2009.11.23 08:20:43.309,1.06105,1.06125,1.60,1.00
2009.11.23 08:20:43.599,1.06105,1.06125,1.60,1.00
2009.11.23 08:20:43.839,1.06105,1.0613,1.60,3.80
2009.11.23 08:20:44.579,1.06105,1.0613,1.60,7.00
2009.11.23 08:20:44.869,1.06105,1.06125,1.60,1.00
2009.11.23 08:20:45.149,1.06105,1.06125,1.60,1.00
2009.11.23 08:20:45.769,1.061,1.06125,2.40,3.60
2009.11.23 08:20:46.459,1.061,1.06125,2.40,4.40
2009.11.23 08:20:47.388,1.061,1.06125,2.40,3.60
2009.11.23 08:20:47.678,1.061,1.06125,2.40,3.20
2009.11.23 08:20:48.318,1.061,1.06125,2.40,3.40
2009.11.23 08:20:48.378,1.061,1.06125,2.40,3.20
2009.11.23 08:20:48.619,1.06105,1.06125,1.60,1.40
2009.11.23 08:20:48.678,1.06105,1.0613,1.60,7.00
2009.11.23 08:20:48.788,1.06105,1.0613,1.60,3.80
2009.11.23 08:21:05.414,1.06105,1.06135,4.00,15.90
2009.11.23 08:21:05.584,1.0611,1.06135,1.60,10.30
2009.11.23 08:21:08.723,1.06105,1.0613,3.40,2.40
2009.11.23 08:21:08.934,1.06105,1.0613,1.80,2.40
2009.11.23 08:21:11.723,1.0611,1.06135,1.60,17.70
2009.11.23 08:21:12.063,1.0611,1.06135,1.60,10.30
2009.11.23 08:21:12.182,1.0611,1.06135,1.60,5.70
2009.11.23 08:21:15.652,1.0611,1.06135,1.60,5.50
2009.11.23 08:21:17.162,1.06115,1.06135,2.40,4.40
2009.11.23 08:21:17.511,1.06125,1.06145,1.60,2.80
2009.11.23 08:21:17.781,1.06125,1.06145,1.60,2.40
2009.11.23 08:21:18.771,1.0612,1.06145,1.60,4.00
2009.11.23 08:21:19.451,1.06125,1.06145,1.60,2.40
2009.11.23 08:21:24.959,1.06125,1.06145,1.60,1.60
2009.11.23 08:21:25.309,1.0613,1.06155,1.60,1.10
2009.11.23 08:21:25.689,1.0613,1.06155,1.60,2.50
2009.11.23 08:21:30.298,1.0614,1.06155,1.00,2.50
2009.11.23 08:21:30.588,1.0615,1.06165,1.60,4.80
2009.11.23 08:21:30.888,1.0615,1.06165,2.40,2.00
2009.11.23 08:21:31.068,1.0615,1.06165,2.40,1.20
2009.11.23 08:21:31.298,1.06155,1.06185,1.60,5.40
2009.11.23 08:21:31.458,1.0615,1.0618,2.40,3.00
2009.11.23 08:21:31.678,1.0615,1.0618,2.40,6.20
2009.11.23 08:21:38.546,1.0615,1.06165,2.40,1.00
2009.11.23 08:21:39.246,1.0615,1.06165,1.60,1.00
2009.11.23 08:21:39.366,1.0615,1.06165,1.60,1.00
2009.11.23 08:21:39.596,1.06145,1.0616,1.60,1.00
2009.11.23 08:21:39.756,1.0614,1.0616,2.30,2.40
2009.11.23 08:21:39.876,1.06145,1.06165,1.60,4.70
2009.11.23 08:21:40.046,1.06145,1.0616,1.60,1.00
2009.11.23 08:21:40.156,1.06145,1.06165,1.60,2.80
2009.11.23 08:21:40.506,1.0614,1.06165,1.60,6.00
2009.11.23 08:21:42.165,1.0614,1.06165,1.60,6.30
2009.11.23 08:21:42.665,1.0614,1.06165,1.60,6.30
2009.11.23 08:21:44.075,1.0614,1.06165,1.60,6.20
2009.11.23 08:21:44.305,1.06145,1.06165,1.60,3.00
2009.11.23 08:21:45.555,1.06145,1.06165,1.60,8.30
2009.11.23 08:21:46.064,1.06145,1.06165,1.60,5.10
2009.11.23 08:21:46.304,1.0614,1.06165,1.60,6.70
2009.11.23 08:21:46.534,1.06145,1.06165,1.60,6.70
2009.11.23 08:21:47.244,1.06145,1.06165,1.60,6.60
2009.11.23 08:21:47.644,1.06145,1.06165,1.60,5.10
2009.11.23 08:21:50.073,1.06145,1.06165,1.60,4.30
2009.11.23 08:21:50.243,1.06145,1.06165,1.60,2.70
2009.11.23 08:21:50.603,1.0615,1.06165,1.60,1.00
2009.11.23 08:21:50.893,1.0615,1.06185,1.60,15.00
2009.11.23 08:21:51.473,1.0614,1.0618,11.30,1.40
2009.11.23 08:22:01.740,1.0615,1.06165,1.60,1.00
2009.11.23 08:22:02.090,1.06145,1.06165,1.60,1.00
2009.11.23 08:22:02.880,1.06145,1.06165,1.60,1.00
2009.11.23 08:22:02.990,1.06145,1.06165,1.60,1.20
2009.11.23 08:22:04.030,1.0615,1.06165,1.60,1.00
2009.11.23 08:22:05.420,1.0616,1.06175,4.00,1.20
2009.11.23 08:22:05.700,1.06165,1.06185,1.60,6.20
2009.11.23 08:22:06.629,1.06165,1.06185,1.60,6.40
2009.11.23 08:22:07.369,1.0616,1.0618,7.20,7.00
2009.11.23 08:22:07.479,1.06155,1.0618,4.40,7.00
2009.11.23 08:22:07.720,1.06155,1.0618,2.80,7.00
2009.11.23 08:22:07.840,1.0615,1.0617,2.80,1.80
2009.11.23 08:22:07.959,1.0615,1.0617,1.00,1.80
2009.11.23 08:22:08.070,1.06145,1.0616,1.00,2.10
2009.11.23 08:22:08.191,1.06145,1.0616,1.00,1.40
2009.11.23 08:22:08.299,1.06145,1.0616,2.00,1.40
2009.11.23 08:22:08.409,1.06145,1.0616,1.60,6.00
2009.11.23 08:22:08.759,1.0614,1.0616,1.60,5.90
2009.11.23 08:22:09.160,1.0612,1.06145,2.00,1.00
2009.11.23 08:22:09.499,1.0612,1.0614,1.00,1.00
2009.11.23 08:22:09.849,1.06115,1.0614,2.40,9.40
2009.11.23 08:22:10.249,1.0612,1.06135,1.60,1.00
2009.11.23 08:22:10.598,1.061,1.06135,5.30,2.60
2009.11.23 08:22:10.878,1.061,1.0613,5.30,1.00
2009.11.23 08:22:11.159,1.061,1.0613,6.90,1.00
2009.11.23 08:22:11.388,1.061,1.06135,4.90,5.00
2009.11.23 08:22:11.668,1.06115,1.0613,1.60,1.00
2009.11.23 08:22:12.058,1.0611,1.0613,1.60,5.40
2009.11.23 08:22:12.408,1.06105,1.0613,1.80,5.40
2009.11.23 08:22:12.758,1.06105,1.06125,1.80,1.40
2009.11.23 08:22:12.998,1.06115,1.06125,1.60,1.40
2009.11.23 08:22:13.228,1.0611,1.06125,1.60,1.40
2009.11.23 08:22:13.448,1.06105,1.06125,1.00,1.40
2009.11.23 08:22:13.678,1.06105,1.06125,1.00,1.40
2009.11.23 08:22:14.068,1.06095,1.0612,1.60,2.40
2009.11.23 08:22:14.748,1.06105,1.0612,1.00,2.40
2009.11.23 08:22:15.377,1.06105,1.0612,1.00,7.00
2009.11.23 08:22:15.667,1.06105,1.06115,1.00,1.60
2009.11.23 08:22:16.067,1.06105,1.0612,1.00,1.60
2009.11.23 08:22:17.767,1.06095,1.0612,4.00,1.60
2009.11.23 08:22:18.117,1.061,1.0612,1.60,1.60
2009.11.23 08:22:18.626,1.061,1.0612,2.50,1.60
2009.11.23 08:22:18.806,1.06105,1.0612,1.00,1.60
2009.11.23 08:22:19.486,1.061,1.0612,2.70,1.60
2009.11.23 08:22:19.836,1.061,1.0612,2.50,1.60
2009.11.23 08:22:24.155,1.06105,1.0612,1.00,1.60
2009.11.23 08:22:26.035,1.0611,1.06125,1.60,1.60
2009.11.23 08:22:26.544,1.06115,1.0613,1.60,1.60
2009.11.23 08:22:30.623,1.0612,1.06135,1.60,4.80
2009.11.23 08:22:30.804,1.0612,1.06135,1.60,1.60
2009.11.23 08:22:30.913,1.06125,1.06135,1.60,1.60
2009.11.23 08:22:32.533,1.06115,1.0614,4.30,1.60
2009.11.23 08:22:36.932,1.06125,1.06135,1.60,1.60
2009.11.23 08:22:40.581,1.06125,1.0614,1.60,1.60
2009.11.23 08:22:42.721,1.06115,1.0614,4.80,1.60
2009.11.23 08:22:42.900,1.06115,1.0614,4.00,1.60
2009.11.23 08:22:43.241,1.06115,1.0614,4.00,1.60
2009.11.23 08:22:45.900,1.06115,1.06135,4.00,1.60
2009.11.23 08:22:55.608,1.06115,1.06135,4.00,1.60
2009.11.23 08:22:58.427,1.06115,1.0614,4.00,1.60
2009.11.23 08:22:58.777,1.06115,1.06135,4.00,1.00
2009.11.23 08:22:59.117,1.06115,1.06135,4.00,1.00
2009.11.23 08:23:04.506,1.06115,1.06135,4.00,1.00
2009.11.23 08:23:05.235,1.06115,1.06135,4.00,2.00
2009.11.23 08:23:05.415,1.06115,1.06135,4.00,2.20
2009.11.23 08:23:05.645,1.06115,1.06135,3.20,2.20
2009.11.23 08:23:05.985,1.0612,1.0613,1.60,1.60
2009.11.23 08:23:07.045,1.06115,1.0613,2.40,1.60
2009.11.23 08:23:07.385,1.06115,1.06135,1.00,3.80
2009.11.23 08:23:07.735,1.06105,1.0613,2.40,1.60
2009.11.23 08:23:08.025,1.061,1.06125,3.30,1.80
2009.11.23 08:23:08.305,1.06095,1.0612,1.00,5.60
2009.11.23 08:23:08.594,1.0609,1.0612,1.60,12.60
2009.11.23 08:23:08.874,1.06085,1.0611,1.60,1.40
2009.11.23 08:23:09.574,1.0608,1.061,1.60,1.00
2009.11.23 08:23:09.964,1.0608,1.06105,1.60,4.80
2009.11.23 08:23:10.324,1.0608,1.06105,1.60,4.00
2009.11.23 08:23:14.313,1.0608,1.061,1.60,1.00
2009.11.23 08:23:14.543,1.06075,1.06095,4.90,1.00
2009.11.23 08:23:14.834,1.06075,1.061,1.70,2.40
2009.11.23 08:23:15.183,1.0608,1.061,1.60,2.40
2009.11.23 08:23:17.302,1.06075,1.061,6.50,2.40
2009.11.23 08:23:20.671,1.0608,1.06105,8.10,1.60
2009.11.23 08:23:21.021,1.06095,1.06115,1.00,3.40
2009.11.23 08:23:21.371,1.06085,1.0611,3.00,1.60
2009.11.23 08:23:21.711,1.06095,1.0612,1.00,2.00
2009.11.23 08:23:22.051,1.06105,1.0613,1.60,2.40
2009.11.23 08:23:22.401,1.06105,1.06125,1.00,1.60
2009.11.23 08:23:22.681,1.061,1.0613,7.00,2.40
2009.11.23 08:23:22.911,1.06105,1.0612,1.00,1.60
2009.11.23 08:23:23.151,1.06105,1.0613,1.70,2.40
2009.11.23 08:23:23.381,1.0611,1.0613,1.00,1.60
2009.11.23 08:23:23.801,1.06115,1.0613,1.00,1.60
2009.11.23 08:23:24.161,1.06115,1.0613,1.20,1.60
2009.11.23 08:23:24.521,1.06115,1.0614,1.30,3.80
2009.11.23 08:23:25.550,1.06115,1.06135,1.00,1.60
2009.11.23 08:23:26.070,1.06115,1.06135,1.00,1.60
2009.11.23 08:23:26.350,1.0611,1.06135,2.80,1.60
2009.11.23 08:23:27.410,1.0611,1.06135,1.60,1.60
2009.11.23 08:23:29.949,1.06105,1.06125,1.00,1.50
2009.11.23 08:23:30.289,1.06105,1.06125,1.00,3.10
2009.11.23 08:23:30.579,1.061,1.0612,1.00,1.60
2009.11.23 08:23:31.089,1.061,1.06125,1.60,4.00
2009.11.23 08:23:31.319,1.061,1.06125,1.60,3.20
2009.11.23 08:23:31.819,1.06095,1.0612,1.70,1.60
2009.11.23 08:23:34.698,1.06095,1.0612,4.90,1.60
2009.11.23 08:23:36.468,1.06105,1.0612,1.00,1.60
2009.11.23 08:23:40.717,1.06105,1.06125,1.00,1.60
2009.11.23 08:23:41.227,1.06105,1.0612,1.00,1.60
2009.11.23 08:23:41.756,1.0611,1.0612,1.00,1.60
2009.11.23 08:23:41.928,1.0611,1.06125,1.00,1.60
2009.11.23 08:23:42.756,1.06115,1.06125,1.00,1.60
2009.11.23 08:23:43.106,1.0611,1.06125,1.00,1.60
2009.11.23 08:23:45.625,1.06115,1.0613,1.70,1.60
2009.11.23 08:23:46.006,1.06115,1.06135,3.30,1.60
2009.11.23 08:23:46.475,1.06115,1.06135,2.80,1.60
2009.11.23 08:23:46.635,1.06115,1.06135,1.20,1.60
2009.11.23 08:23:46.975,1.0611,1.06125,1.00,1.60
2009.11.23 08:23:47.375,1.0611,1.0613,1.00,2.40
2009.11.23 08:23:47.735,1.061,1.0612,1.60,1.60
2009.11.23 08:23:48.135,1.061,1.06125,3.20,6.20
2009.11.23 08:23:48.775,1.061,1.06125,1.60,6.20
2009.11.23 08:23:49.105,1.0609,1.0612,9.70,3.00
2009.11.23 08:23:49.465,1.06095,1.0612,1.60,1.60
2009.11.23 08:23:50.324,1.0609,1.0612,1.70,3.00
2009.11.23 08:23:51.784,1.0609,1.06115,1.70,1.60
2009.11.23 08:23:53.124,1.0609,1.0612,8.10,3.00
2009.11.23 08:23:53.184,1.0609,1.0612,11.30,3.00
2009.11.23 08:23:53.294,1.0609,1.0612,11.30,1.60
2009.11.23 08:23:53.464,1.0609,1.06115,11.30,1.60
2009.11.23 08:23:53.643,1.0609,1.06115,9.70,1.60
2009.11.23 08:23:53.754,1.0609,1.06115,2.50,1.60
2009.11.23 08:23:57.483,1.06085,1.0611,8.90,4.00
2009.11.23 08:23:57.943,1.06085,1.06105,3.30,1.60
2009.11.23 08:24:00.572,1.06085,1.06095,1.00,1.60
2009.11.23 08:24:00.792,1.06075,1.06095,6.10,1.60
2009.11.23 08:24:00.962,1.0608,1.061,1.00,1.60
2009.11.23 08:24:01.132,1.0608,1.061,1.00,1.60
2009.11.23 08:24:01.292,1.0608,1.061,2.50,1.60
2009.11.23 08:24:01.512,1.0608,1.06105,2.50,1.60
2009.11.23 08:24:08.790,1.06085,1.0611,4.10,1.60
2009.11.23 08:24:10.530,1.06085,1.06105,4.10,1.60
2009.11.23 08:24:12.839,1.06085,1.0611,4.10,1.60
2009.11.23 08:24:14.939,1.06085,1.06105,4.10,1.60
2009.11.23 08:24:15.159,1.06085,1.06105,4.00,1.60
2009.11.23 08:24:16.208,1.0609,1.0611,2.30,3.00
2009.11.23 08:24:16.728,1.06095,1.06115,1.60,8.80
2009.11.23 08:24:17.018,1.06095,1.06115,1.60,6.70
2009.11.23 08:24:17.318,1.06095,1.06115,1.60,6.20
2009.11.23 08:24:18.358,1.06095,1.06115,1.60,8.60
2009.11.23 08:24:18.708,1.0609,1.06115,1.70,8.80
2009.11.23 08:24:19.047,1.0609,1.0611,2.40,1.40
2009.11.23 08:24:20.547,1.0609,1.06115,2.30,10.40
2009.11.23 08:24:22.067,1.0609,1.06105,2.30,1.00
2009.11.23 08:24:22.287,1.0609,1.0611,2.30,1.40
2009.11.23 08:24:22.527,1.0609,1.06115,2.30,10.40
2009.11.23 08:24:22.697,1.0609,1.06115,2.30,10.50
2009.11.23 08:24:22.876,1.0609,1.06115,2.30,10.40
2009.11.23 08:24:23.516,1.0609,1.0611,2.30,1.60
2009.11.23 08:24:23.746,1.0609,1.0611,2.30,3.00
2009.11.23 08:24:30.245,1.0609,1.06105,1.00,1.60
2009.11.23 08:24:30.585,1.06085,1.06105,4.40,1.60
2009.11.23 08:24:30.915,1.06085,1.0611,4.40,3.00
2009.11.23 08:24:31.195,1.0609,1.0611,1.60,1.60
2009.11.23 08:24:31.594,1.06095,1.06115,1.60,9.30
2009.11.23 08:24:31.814,1.061,1.06115,1.00,9.30
2009.11.23 08:24:40.822,1.061,1.06115,1.00,8.80
2009.11.23 08:24:42.972,1.061,1.06115,1.00,10.40
2009.11.23 08:24:43.312,1.06095,1.0611,1.00,1.60
2009.11.23 08:24:43.432,1.0609,1.0611,1.00,1.60
2009.11.23 08:24:43.612,1.06085,1.0611,4.10,1.60
2009.11.23 08:24:43.791,1.06085,1.06105,4.10,1.60
2009.11.23 08:24:43.901,1.06085,1.06105,3.20,1.60
2009.11.23 08:24:44.011,1.06085,1.06105,1.60,1.60
2009.11.23 08:24:48.900,1.06085,1.0611,1.60,7.00
2009.11.23 08:24:54.199,1.06085,1.0611,1.60,8.60
2009.11.23 08:24:54.539,1.06085,1.0611,1.60,12.60
2009.11.23 08:24:56.379,1.06085,1.0611,1.60,7.00
2009.11.23 08:24:56.718,1.06085,1.0611,1.60,3.80
2009.11.23 08:24:57.388,1.06085,1.0611,1.60,12.60
2009.11.23 08:25:00.747,1.06085,1.0611,1.60,9.40
2009.11.23 08:25:00.857,1.06085,1.0611,1.60,7.00
2009.11.23 08:25:01.017,1.06085,1.0611,1.60,3.80
2009.11.23 08:25:02.397,1.0608,1.0611,1.60,12.60
2009.11.23 08:25:02.557,1.0608,1.06105,1.60,1.40
2009.11.23 08:25:03.567,1.06085,1.0611,1.70,9.40
2009.11.23 08:25:03.807,1.06085,1.0611,1.70,2.40
2009.11.23 08:25:05.596,1.0609,1.0611,1.00,2.40
2009.11.23 08:25:05.876,1.0609,1.0611,1.00,1.60
2009.11.23 08:25:06.046,1.0609,1.06115,1.70,1.40
2009.11.23 08:25:06.216,1.06095,1.06115,1.00,1.40
2009.11.23 08:25:06.386,1.06095,1.0612,1.00,10.20
2009.11.23 08:25:07.256,1.06095,1.0612,1.00,13.40
2009.11.23 08:25:07.586,1.0609,1.0612,1.70,13.40
2009.11.23 08:25:08.926,1.0609,1.06115,1.70,1.00
2009.11.23 08:25:09.095,1.0609,1.06115,1.60,1.00
2009.11.23 08:25:10.495,1.0609,1.0612,1.60,13.40
2009.11.23 08:25:10.845,1.0609,1.0612,1.70,10.20
2009.11.23 08:25:19.204,1.0609,1.06115,1.60,4.60
2009.11.23 08:25:19.783,1.0609,1.0612,1.60,13.40
2009.11.23 08:25:23.762,1.0609,1.06115,1.60,6.20
2009.11.23 08:25:23.822,1.0609,1.0611,1.60,1.00
2009.11.23 08:25:25.941,1.06095,1.06105,1.60,1.60
2009.11.23 08:25:26.281,1.06095,1.06105,1.60,2.40
2009.11.23 08:25:26.621,1.06075,1.06105,1.60,5.40
2009.11.23 08:25:26.911,1.06075,1.061,1.60,1.00
2009.11.23 08:25:29.950,1.0607,1.061,7.30,2.40
2009.11.23 08:25:30.181,1.0607,1.06105,1.70,20.70
2009.11.23 08:25:30.400,1.0607,1.06095,1.00,1.60
2009.11.23 08:25:30.620,1.06065,1.06095,1.60,3.00
2009.11.23 08:25:31.200,1.06065,1.0609,1.60,1.40
2009.11.23 08:25:31.490,1.06065,1.0609,1.60,3.80
2009.11.23 08:25:31.770,1.06065,1.06095,1.60,18.20
2009.11.23 08:25:32.060,1.06065,1.0609,1.60,3.00
2009.11.23 08:25:32.410,1.06065,1.06095,1.60,10.60
2009.11.23 08:25:32.690,1.0606,1.06085,1.00,1.60
2009.11.23 08:25:32.980,1.06055,1.0609,9.70,3.00
2009.11.23 08:25:34.149,1.06055,1.06085,10.70,1.60
2009.11.23 08:25:34.550,1.0606,1.0608,1.00,1.60
2009.11.23 08:25:34.899,1.06055,1.0608,1.00,6.20
2009.11.23 08:25:35.239,1.0605,1.06075,1.60,1.70
2009.11.23 08:25:35.589,1.0605,1.06065,1.60,3.20
2009.11.23 08:25:35.919,1.0604,1.06055,4.00,1.80
2009.11.23 08:25:36.209,1.0604,1.0606,4.10,1.00
2009.11.23 08:25:36.479,1.06035,1.0606,1.60,3.90
2009.11.23 08:25:36.779,1.0604,1.0606,1.00,1.00
2009.11.23 08:25:37.069,1.06035,1.06065,1.70,4.50
2009.11.23 08:25:37.409,1.06045,1.06065,2.00,3.20
2009.11.23 08:25:37.758,1.06045,1.06065,1.00,7.00
2009.11.23 08:25:38.268,1.06045,1.06065,2.00,6.20
2009.11.23 08:25:38.489,1.06045,1.06065,2.00,4.60
2009.11.23 08:25:38.659,1.06045,1.06065,1.00,4.60
2009.11.23 08:25:39.009,1.06045,1.06065,2.00,4.50
2009.11.23 08:25:39.418,1.06045,1.0606,1.00,1.60
2009.11.23 08:25:39.768,1.06045,1.0606,1.00,6.20
2009.11.23 08:25:40.408,1.06045,1.0606,1.00,3.00
2009.11.23 08:25:40.748,1.0604,1.06055,1.00,8.60
2009.11.23 08:25:41.078,1.0603,1.0605,1.60,1.60
2009.11.23 08:25:41.318,1.0602,1.0604,1.60,1.60
2009.11.23 08:25:43.267,1.0602,1.06045,1.60,1.60
2009.11.23 08:25:47.616,1.0603,1.0605,2.40,6.20
2009.11.23 08:25:47.906,1.06035,1.06055,1.60,6.20
2009.11.23 08:25:48.196,1.0604,1.0606,1.00,3.00
2009.11.23 08:25:48.436,1.0604,1.0606,2.40,1.60
2009.11.23 08:25:48.666,1.06045,1.0606,1.00,1.60
2009.11.23 08:25:49.066,1.06045,1.0606,1.20,1.60
2009.11.23 08:25:49.276,1.06045,1.06065,2.80,3.30
2009.11.23 08:25:49.616,1.06045,1.06065,2.00,3.30
2009.11.23 08:25:49.906,1.06045,1.06065,1.00,4.70
2009.11.23 08:25:50.185,1.06045,1.06065,2.00,4.70
2009.11.23 08:25:50.545,1.06045,1.06065,1.00,4.70
2009.11.23 08:25:50.895,1.06045,1.06065,1.20,4.70
2009.11.23 08:25:51.245,1.06045,1.06065,2.10,2.90
2009.11.23 08:25:53.585,1.06045,1.06065,2.10,1.30
2009.11.23 08:25:54.584,1.06045,1.06065,2.10,1.20
2009.11.23 08:25:54.864,1.06045,1.06065,2.10,1.00
2009.11.23 08:25:55.725,1.06055,1.06065,2.40,1.00
2009.11.23 08:25:56.054,1.0606,1.06075,1.60,2.70
2009.11.23 08:25:56.344,1.06055,1.06075,4.00,2.70
2009.11.23 08:25:56.684,1.06055,1.06075,4.00,5.30
2009.11.23 08:25:57.304,1.0605,1.06065,2.40,1.00
2009.11.23 08:25:57.654,1.0605,1.06065,1.60,1.00
2009.11.23 08:25:58.124,1.06045,1.06065,3.20,1.00
2009.11.23 08:25:58.474,1.06045,1.06065,1.60,1.80
2009.11.23 08:25:58.714,1.0604,1.06065,1.60,1.80
2009.11.23 08:26:01.183,1.0604,1.06065,1.60,2.00
2009.11.23 08:26:04.482,1.0604,1.06065,1.60,8.20
2009.11.23 08:26:04.832,1.0604,1.06065,1.60,7.40
2009.11.23 08:26:07.441,1.06045,1.06065,2.40,5.80
2009.11.23 08:26:07.781,1.06045,1.06065,4.00,1.10
2009.11.23 08:26:08.491,1.06045,1.06065,1.70,1.10
2009.11.23 08:26:08.661,1.06045,1.06065,1.60,1.10
2009.11.23 08:26:09.041,1.0604,1.06065,4.10,4.10
2009.11.23 08:26:09.161,1.0604,1.06065,5.60,4.10
2009.11.23 08:26:09.501,1.0603,1.06055,2.00,5.40
2009.11.23 08:26:09.951,1.06025,1.06055,2.00,7.00
2009.11.23 08:26:10.341,1.0603,1.06055,2.40,4.80
2009.11.23 08:26:10.571,1.06035,1.06055,1.60,7.60
2009.11.23 08:26:11.091,1.06035,1.06055,1.60,8.30
2009.11.23 08:26:11.550,1.0603,1.06055,4.70,8.30
2009.11.23 08:26:11.841,1.06035,1.06055,1.60,8.70
2009.11.23 08:26:12.190,1.0603,1.0605,2.30,2.40
2009.11.23 08:26:12.540,1.06025,1.0605,1.60,2.40
2009.11.23 08:26:12.820,1.06025,1.0605,1.60,7.00
2009.11.23 08:26:15.469,1.0602,1.0604,1.60,1.00
2009.11.23 08:26:15.819,1.0602,1.06045,1.60,6.60
2009.11.23 08:26:16.099,1.0602,1.0604,1.60,1.00
2009.11.23 08:26:18.329,1.06025,1.06045,1.60,4.40
2009.11.23 08:26:18.729,1.0602,1.0604,1.60,2.40
2009.11.23 08:26:19.058,1.06025,1.0604,1.60,1.00
2009.11.23 08:26:19.389,1.06025,1.06045,1.00,2.80
2009.11.23 08:26:19.728,1.06025,1.0604,1.00,1.00
2009.11.23 08:26:20.008,1.06025,1.06045,1.60,4.00
2009.11.23 08:26:25.167,1.06025,1.06045,1.60,3.20
2009.11.23 08:26:25.497,1.06025,1.0605,1.60,4.50
2009.11.23 08:26:25.737,1.06025,1.0605,1.60,3.80
2009.11.23 08:26:28.397,1.06025,1.06045,1.60,1.60
2009.11.23 08:26:28.456,1.06025,1.06045,1.60,1.80
2009.11.23 08:26:28.516,1.06025,1.06045,1.60,2.00
2009.11.23 08:26:28.976,1.06025,1.06045,1.60,2.50
2009.11.23 08:26:29.218,1.0602,1.0604,1.60,1.00
2009.11.23 08:26:29.986,1.06025,1.0604,1.60,1.00
2009.11.23 08:26:30.626,1.0602,1.0604,1.60,1.00
2009.11.23 08:26:31.655,1.0602,1.06045,1.60,11.10
2009.11.23 08:26:31.775,1.0602,1.0604,1.60,1.00
2009.11.23 08:26:32.336,1.0602,1.0604,1.60,2.40
2009.11.23 08:26:33.566,1.0602,1.0604,1.60,1.00
2009.11.23 08:26:34.565,1.0602,1.0604,1.60,2.40
2009.11.23 08:26:34.905,1.0602,1.0604,1.60,3.80
2009.11.23 08:26:44.973,1.0602,1.0604,1.60,2.20
2009.11.23 08:26:47.162,1.0602,1.0604,1.60,1.40
2009.11.23 08:26:47.462,1.0602,1.06045,1.60,11.40
2009.11.23 08:26:48.801,1.0602,1.0604,1.60,1.00
2009.11.23 08:26:49.032,1.0602,1.0604,1.60,2.20
2009.11.23 08:26:51.941,1.0602,1.06045,1.60,11.80
2009.11.23 08:26:52.121,1.0602,1.06045,1.60,11.40
2009.11.23 08:26:54.910,1.0602,1.06045,1.60,13.90
2009.11.23 08:26:56.310,1.0602,1.06045,2.40,14.40
2009.11.23 08:26:56.660,1.0603,1.0605,1.60,7.50
2009.11.23 08:26:57.009,1.06025,1.0605,2.00,5.40
2009.11.23 08:26:57.360,1.06025,1.0605,4.40,1.60
2009.11.23 08:26:57.649,1.0603,1.0605,1.60,1.60
2009.11.23 08:26:58.059,1.0603,1.06055,1.60,14.70
2009.11.23 08:26:59.189,1.0603,1.06055,1.60,15.00
2009.11.23 08:26:59.589,1.06025,1.0605,2.00,2.40
2009.11.23 08:26:59.929,1.0602,1.0605,1.70,4.90
2009.11.23 08:27:00.219,1.06025,1.06045,1.60,1.60
2009.11.23 08:27:00.619,1.06025,1.0605,1.60,4.90
2009.11.23 08:27:00.849,1.06025,1.06045,1.60,1.60
2009.11.23 08:27:02.478,1.06025,1.06045,1.60,6.50
2009.11.23 08:27:02.778,1.06025,1.06045,1.60,4.90
2009.11.23 08:27:03.238,1.0602,1.0604,1.70,1.60
2009.11.23 08:27:04.238,1.0602,1.0604,2.50,1.60
2009.11.23 08:27:04.708,1.06025,1.06045,1.60,1.60
2009.11.23 08:27:05.108,1.06015,1.06035,5.30,1.60
2009.11.23 08:27:05.407,1.06015,1.0604,1.60,6.00
2009.11.23 08:27:05.738,1.06015,1.0604,1.60,6.10
2009.11.23 08:27:06.258,1.06015,1.06035,1.60,4.80
2009.11.23 08:27:06.887,1.06015,1.06035,1.60,4.70
2009.11.23 08:27:07.447,1.06015,1.06035,1.60,4.50
2009.11.23 08:27:10.236,1.0601,1.0603,4.90,1.00
2009.11.23 08:27:10.756,1.0601,1.06035,4.90,6.00
2009.11.23 08:27:11.046,1.0601,1.06035,4.90,6.10
2009.11.23 08:27:12.146,1.0601,1.06035,4.90,6.90
2009.11.23 08:27:12.426,1.0601,1.06035,4.90,7.30
2009.11.23 08:27:12.806,1.06015,1.0603,4.90,1.00
2009.11.23 08:27:13.146,1.06015,1.0603,3.70,1.60
2009.11.23 08:27:13.496,1.06015,1.06035,3.90,5.60
2009.11.23 08:27:13.845,1.0601,1.0603,4.90,2.40
2009.11.23 08:27:14.145,1.0601,1.0603,4.90,1.60
2009.11.23 08:27:14.725,1.06015,1.06035,1.60,4.90
2009.11.23 08:27:15.025,1.06015,1.0603,1.60,2.40
2009.11.23 08:27:15.375,1.0601,1.0603,3.30,2.40
2009.11.23 08:27:15.665,1.0601,1.0603,4.90,1.00
2009.11.23 08:27:17.525,1.06015,1.0603,1.00,1.00
2009.11.23 08:27:17.694,1.06015,1.0603,3.30,3.10
2009.11.23 08:27:18.034,1.0601,1.06025,4.90,1.60
2009.11.23 08:27:18.385,1.06015,1.06045,4.90,2.70
2009.11.23 08:27:18.784,1.06015,1.0605,4.90,3.50
2009.11.23 08:27:19.014,1.0602,1.0605,1.00,3.20
2009.11.23 08:27:19.244,1.0602,1.06045,1.70,1.60
2009.11.23 08:27:19.424,1.0602,1.06045,1.70,3.20
2009.11.23 08:27:22.963,1.0602,1.06045,1.00,3.20
2009.11.23 08:27:33.850,1.0602,1.06045,1.70,3.20
2009.11.23 08:27:33.910,1.0602,1.06045,2.50,3.20
2009.11.23 08:27:34.141,1.0602,1.06045,1.70,1.60
2009.11.23 08:27:34.591,1.0602,1.06045,1.00,3.30
2009.11.23 08:27:34.881,1.0602,1.06045,2.50,1.70
2009.11.23 08:27:35.400,1.0602,1.06045,1.00,1.70
2009.11.23 08:27:35.740,1.0602,1.06045,1.00,3.30
2009.11.23 08:27:36.450,1.0602,1.06045,1.70,3.20
2009.11.23 08:27:37.720,1.0602,1.06045,2.50,1.60
2009.11.23 08:27:38.710,1.0602,1.06045,1.70,1.60
2009.11.23 08:27:38.999,1.0602,1.06045,1.70,3.20
2009.11.23 08:27:48.947,1.06025,1.06045,1.00,3.20
2009.11.23 08:27:49.117,1.06025,1.06045,1.00,1.60
2009.11.23 08:27:49.237,1.06025,1.06045,2.40,1.60
2009.11.23 08:27:49.407,1.06025,1.0605,4.00,3.00
2009.11.23 08:27:51.276,1.06025,1.0605,2.40,3.00
2009.11.23 08:27:54.486,1.06025,1.0605,1.60,3.80
2009.11.23 08:27:54.786,1.0603,1.0605,1.60,1.60
2009.11.23 08:27:55.757,1.06035,1.0606,5.70,1.00
2009.11.23 08:27:56.115,1.0604,1.06065,1.60,4.30
2009.11.23 08:27:57.025,1.0604,1.06055,1.60,1.00
2009.11.23 08:27:57.195,1.0604,1.06055,1.60,1.00
2009.11.23 08:27:57.355,1.06035,1.06055,1.60,1.00
2009.11.23 08:27:57.735,1.06035,1.06055,1.60,5.60
2009.11.23 08:27:58.925,1.06035,1.06055,1.60,6.00
2009.11.23 08:28:01.364,1.06035,1.0605,1.60,1.00
2009.11.23 08:28:01.544,1.0603,1.0605,1.60,1.00
2009.11.23 08:28:02.324,1.06025,1.06045,1.60,1.00
2009.11.23 08:28:02.714,1.06025,1.06045,1.60,1.90
2009.11.23 08:28:03.643,1.06025,1.06045,1.60,1.70
2009.11.23 08:28:06.343,1.06025,1.06045,1.60,1.00
2009.11.23 08:28:07.153,1.06025,1.0605,1.60,8.10
2009.11.23 08:28:07.612,1.06025,1.0605,1.60,8.90
2009.11.23 08:28:08.752,1.06025,1.06045,1.60,1.00
2009.11.23 08:28:18.290,1.06025,1.0605,1.60,8.90
2009.11.23 08:28:18.860,1.06025,1.0605,1.60,8.80
2009.11.23 08:28:19.670,1.0603,1.0605,2.40,5.60
2009.11.23 08:28:20.020,1.0603,1.06055,3.10,6.30
2009.11.23 08:28:20.380,1.0603,1.0605,1.60,1.60
2009.11.23 08:28:25.678,1.06025,1.06045,1.60,1.00
2009.11.23 08:28:26.018,1.06025,1.06045,1.60,4.10
2009.11.23 08:28:28.998,1.0602,1.0604,1.70,2.40
2009.11.23 08:28:29.347,1.06015,1.06035,1.00,3.30
2009.11.23 08:28:29.687,1.0601,1.06035,4.90,5.40
2009.11.23 08:28:30.097,1.06015,1.06035,1.60,5.40
2009.11.23 08:28:31.657,1.06015,1.06035,1.60,5.90
2009.11.23 08:28:31.937,1.06015,1.06035,1.60,5.10
2009.11.23 08:28:32.176,1.06015,1.06035,1.60,4.90
2009.11.23 08:28:32.756,1.06015,1.06035,1.60,4.50
2009.11.23 08:28:33.306,1.06015,1.06035,1.60,4.40
2009.11.23 08:28:34.086,1.06015,1.06035,1.60,5.30
2009.11.23 08:28:34.306,1.06015,1.06035,1.60,4.50
2009.11.23 08:28:34.666,1.06015,1.06035,1.60,5.30
2009.11.23 08:28:35.016,1.06015,1.06035,1.60,5.60
2009.11.23 08:28:36.165,1.06015,1.06035,1.60,5.10
2009.11.23 08:28:36.455,1.06015,1.06035,1.60,4.30
2009.11.23 08:28:36.905,1.06015,1.06035,1.60,4.80
2009.11.23 08:28:37.315,1.06015,1.06035,1.60,4.40
2009.11.23 08:28:38.175,1.0601,1.06035,4.90,4.40
2009.11.23 08:28:40.505,1.0601,1.06035,4.90,4.10
2009.11.23 08:28:40.725,1.0601,1.06035,4.90,4.00
2009.11.23 08:28:48.773,1.0601,1.06035,4.90,4.10
2009.11.23 08:28:49.682,1.0601,1.06035,4.90,4.00
2009.11.23 08:28:50.492,1.0601,1.06035,4.90,4.10
2009.11.23 08:28:51.002,1.0601,1.06035,4.90,4.00
2009.11.23 08:28:51.802,1.06015,1.06035,1.60,4.00
2009.11.23 08:28:52.032,1.06015,1.06035,1.60,4.10
2009.11.23 08:28:52.592,1.0602,1.06035,1.00,3.20
2009.11.23 08:28:52.932,1.06025,1.06055,2.00,9.70
2009.11.23 08:28:53.342,1.06025,1.06055,1.80,2.40
2009.11.23 08:28:53.732,1.06025,1.06055,1.60,2.40
2009.11.23 08:28:54.081,1.06025,1.0605,2.00,2.40
2009.11.23 08:28:54.751,1.0603,1.0605,1.60,2.40
2009.11.23 08:28:56.291,1.06025,1.0605,2.80,1.00
2009.11.23 08:28:56.581,1.0603,1.0605,1.60,2.40
2009.11.23 08:28:56.861,1.0603,1.0605,1.60,3.80
2009.11.23 08:29:06.368,1.0603,1.0605,1.60,2.40
2009.11.23 08:29:07.338,1.0603,1.0605,1.60,3.80
2009.11.23 08:29:09.508,1.0603,1.0605,1.60,2.40
2009.11.23 08:29:14.806,1.06035,1.06055,1.00,4.00
2009.11.23 08:29:14.976,1.06035,1.0606,1.00,1.60
2009.11.23 08:29:16.006,1.06035,1.0606,1.00,1.60
2009.11.23 08:29:16.346,1.06045,1.0606,1.00,3.00
2009.11.23 08:29:16.587,1.06045,1.06065,4.00,1.20
2009.11.23 08:29:16.926,1.0605,1.06065,1.60,1.20
2009.11.23 08:29:19.065,1.06045,1.06065,4.00,1.20
2009.11.23 08:29:21.515,1.0605,1.06065,1.00,1.20
2009.11.23 08:29:22.184,1.0605,1.06065,2.20,1.10
2009.11.23 08:29:27.743,1.0605,1.06065,1.00,2.70
2009.11.23 08:29:28.643,1.0605,1.06065,1.00,11.80
2009.11.23 08:29:28.984,1.0605,1.0606,1.00,1.60
2009.11.23 08:29:29.333,1.0605,1.0606,1.00,3.00
2009.11.23 08:29:29.623,1.0605,1.06065,1.00,4.40
2009.11.23 08:29:30.033,1.06055,1.06065,1.60,4.00
2009.11.23 08:29:30.313,1.0606,1.0609,1.60,6.60
2009.11.23 08:29:30.592,1.06055,1.06085,1.60,1.60
2009.11.23 08:29:30.942,1.0606,1.06085,1.60,1.40
2009.11.23 08:29:37.521,1.06065,1.06085,3.20,4.60
2009.11.23 08:29:37.881,1.06075,1.0609,1.60,2.20
2009.11.23 08:29:38.271,1.06075,1.06095,1.60,4.60
2009.11.23 08:29:38.441,1.0607,1.06095,1.60,6.20
2009.11.23 08:29:38.681,1.0607,1.0609,1.60,4.60
2009.11.23 08:29:39.150,1.0607,1.0609,1.60,1.40
2009.11.23 08:29:43.229,1.0607,1.06095,1.60,6.20
2009.11.23 08:29:44.079,1.0607,1.06095,1.60,3.00
2009.11.23 08:29:45.399,1.0607,1.0609,1.60,1.00
2009.11.23 08:29:46.099,1.0606,1.0609,8.80,1.50
2009.11.23 08:29:46.909,1.0607,1.0609,1.60,4.70
2009.11.23 08:29:47.299,1.0607,1.0609,1.60,1.50
2009.11.23 08:29:48.518,1.0607,1.0609,1.60,1.00
2009.11.23 08:29:48.918,1.0607,1.06085,1.60,1.00
2009.11.23 08:29:53.467,1.0607,1.06085,1.60,1.50
2009.11.23 08:29:53.927,1.0607,1.06085,1.60,4.70
2009.11.23 08:29:55.346,1.06065,1.0608,1.60,1.40
2009.11.23 08:29:55.686,1.06065,1.06075,1.60,1.00
2009.11.23 08:29:56.396,1.0606,1.06075,1.60,1.00
2009.11.23 08:29:56.746,1.0606,1.06075,1.60,1.00
2009.11.23 08:29:57.046,1.06065,1.06075,1.60,1.00
2009.11.23 08:29:57.736,1.06065,1.06075,1.60,1.00
2009.11.23 08:29:58.306,1.0607,1.0608,4.00,1.40
2009.11.23 08:29:58.596,1.0607,1.06085,2.30,2.40
2009.11.23 08:29:58.876,1.06065,1.0608,1.60,1.00
2009.11.23 08:29:59.166,1.0607,1.06085,1.60,4.60
2009.11.23 08:29:59.446,1.06065,1.06085,1.60,4.60
2009.11.23 08:29:59.725,1.06065,1.0608,1.60,1.40
2009.11.23 08:30:00.475,1.06065,1.0608,1.60,2.20
2009.11.23 08:30:00.705,1.06065,1.0608,1.60,5.50
2009.11.23 08:30:00.986,1.0606,1.0608,1.60,5.50
2009.11.23 08:30:02.015,1.0606,1.06075,1.60,1.00
2009.11.23 08:30:02.365,1.0606,1.06075,1.60,1.00
2009.11.23 08:30:02.715,1.0606,1.0608,1.60,5.50
2009.11.23 08:30:06.224,1.0606,1.06075,1.60,1.00
2009.11.23 08:30:14.662,1.0606,1.06075,1.60,1.00
2009.11.23 08:30:15.062,1.0606,1.06075,1.60,1.00
2009.11.23 08:30:17.591,1.0606,1.06075,1.60,1.00
2009.11.23 08:30:18.691,1.06055,1.06075,1.60,7.30
2009.11.23 08:30:19.031,1.06055,1.06075,1.60,7.70
2009.11.23 08:30:19.371,1.06055,1.0607,1.60,1.00
2009.11.23 08:30:22.560,1.06065,1.06075,1.60,1.00
2009.11.23 08:30:22.970,1.0606,1.0608,1.60,7.00
2009.11.23 08:30:37.506,1.06055,1.06075,1.60,2.40
2009.11.23 08:30:37.786,1.06055,1.06075,1.60,2.60
2009.11.23 08:30:38.016,1.06055,1.06075,1.60,2.80
2009.11.23 08:30:39.876,1.06055,1.06075,1.60,2.60
2009.11.23 08:30:41.095,1.06055,1.06075,1.60,1.80
2009.11.23 08:30:41.316,1.0606,1.06075,1.60,1.00
2009.11.23 08:30:41.676,1.0606,1.06075,1.60,1.00
2009.11.23 08:30:42.015,1.0606,1.0608,1.60,6.10
2009.11.23 08:30:43.645,1.0606,1.0608,1.60,1.40
2009.11.23 08:30:44.045,1.0606,1.06085,1.60,8.60
2009.11.23 08:30:44.385,1.0607,1.06085,1.00,8.60
2009.11.23 08:30:46.604,1.0606,1.06085,1.60,8.60
2009.11.23 08:30:48.455,1.06065,1.06085,1.60,5.40
2009.11.23 08:30:49.014,1.06065,1.06085,1.60,3.80
2009.11.23 08:30:49.294,1.06065,1.06085,1.60,2.40
2009.11.23 08:30:50.053,1.06065,1.06085,1.60,5.40
2009.11.23 08:30:50.763,1.06065,1.06085,1.60,3.00
2009.11.23 08:30:50.993,1.06065,1.0609,1.60,7.80
2009.11.23 08:30:51.723,1.06065,1.0609,1.60,13.40
2009.11.23 08:30:52.073,1.06065,1.0609,1.60,7.00
2009.11.23 08:30:52.293,1.06065,1.0609,1.60,3.80
2009.11.23 08:30:53.043,1.0607,1.0609,1.60,3.80
2009.11.23 08:30:53.213,1.0607,1.0609,1.60,2.40
2009.11.23 08:30:53.393,1.0607,1.06095,1.60,15.10
2009.11.23 08:30:53.573,1.0607,1.06095,1.60,8.80
2009.11.23 08:30:53.743,1.06075,1.06095,1.60,4.00
2009.11.23 08:30:54.103,1.06075,1.06095,1.60,2.40
2009.11.23 08:30:55.362,1.0607,1.0609,1.60,2.40
2009.11.23 08:30:55.593,1.06075,1.0609,1.60,1.00
2009.11.23 08:30:55.832,1.0608,1.06095,1.60,1.00
2009.11.23 08:30:56.172,1.06075,1.06095,1.60,2.40
2009.11.23 08:30:56.522,1.0607,1.06095,1.60,5.40
2009.11.23 08:30:58.491,1.0607,1.0609,1.60,1.00
2009.11.23 08:30:58.711,1.06065,1.0609,2.50,4.70
2009.11.23 08:30:58.821,1.06065,1.0609,2.50,6.10
2009.11.23 08:30:58.931,1.06065,1.06085,1.60,2.40
2009.11.23 08:31:05.890,1.06065,1.0608,1.60,1.00
2009.11.23 08:31:06.130,1.0606,1.0608,1.60,1.00
2009.11.23 08:31:24.885,1.06065,1.06085,1.60,2.40
2009.11.23 08:31:25.585,1.06065,1.0609,1.60,7.80
2009.11.23 08:31:25.935,1.06075,1.0609,1.60,2.20
2009.11.23 08:31:26.325,1.0606,1.0609,2.40,1.00
2009.11.23 08:31:26.625,1.0607,1.0609,1.60,1.00
2009.11.23 08:31:30.504,1.0607,1.06095,1.60,16.30
2009.11.23 08:31:30.624,1.0607,1.06095,1.60,11.40
2009.11.23 08:31:30.784,1.06075,1.06095,1.60,3.80
2009.11.23 08:31:31.064,1.06075,1.06095,1.60,2.40
2009.11.23 08:31:40.431,1.0608,1.061,1.60,10.10
2009.11.23 08:31:40.601,1.0608,1.061,1.60,2.80
2009.11.23 08:31:40.831,1.0608,1.061,1.60,2.40
2009.11.23 08:31:47.639,1.0608,1.06105,1.60,5.40
2009.11.23 08:31:47.929,1.0608,1.06105,1.60,4.00
2009.11.23 08:32:00.877,1.0608,1.06105,2.40,3.20
2009.11.23 08:32:01.046,1.0608,1.06105,2.40,1.60
2009.11.23 08:32:01.276,1.06085,1.06105,1.60,1.60
2009.11.23 08:32:03.986,1.06085,1.0611,1.60,7.00
2009.11.23 08:32:04.096,1.06085,1.0611,1.60,3.80
2009.11.23 08:32:05.175,1.06085,1.0611,1.60,7.00
2009.11.23 08:32:07.245,1.06085,1.0611,1.60,6.20
2009.11.23 08:32:07.525,1.0609,1.0611,1.60,1.40
2009.11.23 08:32:07.805,1.0609,1.06115,1.60,1.40
2009.11.23 08:32:09.114,1.0609,1.0612,1.60,13.40
2009.11.23 08:32:09.784,1.0609,1.06115,1.60,1.40
2009.11.23 08:32:17.263,1.0609,1.0612,1.60,13.40
2009.11.23 08:32:19.282,1.06095,1.0612,1.60,11.80
2009.11.23 08:32:19.562,1.06095,1.0612,1.60,8.60
2009.11.23 08:32:19.672,1.061,1.0612,1.60,1.00
2009.11.23 08:32:20.022,1.061,1.0612,1.60,2.40
2009.11.23 08:32:20.722,1.06095,1.0612,1.60,3.80
2009.11.23 08:32:22.201,1.06095,1.0612,1.60,7.00
2009.11.23 08:32:22.821,1.06095,1.0612,1.60,8.60
2009.11.23 08:32:23.091,1.0609,1.0612,1.60,12.60
2009.11.23 08:32:23.381,1.0609,1.0612,3.20,11.00
2009.11.23 08:32:23.661,1.06095,1.0612,1.60,7.00
2009.11.23 08:32:24.411,1.0609,1.0612,2.40,8.60
2009.11.23 08:32:24.701,1.0609,1.0612,1.60,12.60
2009.11.23 08:32:25.341,1.0609,1.06115,1.60,4.60
2009.11.23 08:32:26.052,1.0609,1.0611,1.60,1.00
2009.11.23 08:32:26.400,1.06085,1.0611,1.60,7.00
2009.11.23 08:32:26.741,1.0609,1.0611,1.60,5.40
2009.11.23 08:32:27.090,1.0609,1.0611,1.60,7.00
2009.11.23 08:32:29.580,1.0609,1.0611,1.60,1.40
2009.11.23 08:32:30.109,1.0609,1.06115,1.60,4.60
2009.11.23 08:32:31.359,1.0609,1.0611,1.60,1.40
2009.11.23 08:32:32.369,1.0609,1.06115,1.60,4.60
2009.11.23 08:32:37.787,1.0609,1.0611,1.60,1.40
2009.11.23 08:32:38.008,1.0609,1.06115,1.60,4.60
2009.11.23 08:32:46.366,1.06085,1.0611,1.60,1.60
2009.11.23 08:32:46.655,1.06085,1.0611,1.60,18.60
2009.11.23 08:32:47.005,1.0608,1.06105,1.60,5.40
2009.11.23 08:32:47.715,1.0608,1.06105,1.60,8.60
2009.11.23 08:32:49.505,1.06085,1.06105,1.60,7.00
2009.11.23 08:32:49.795,1.06085,1.06105,1.60,2.40
2009.11.23 08:32:50.494,1.0609,1.06105,1.60,2.40
2009.11.23 08:32:50.834,1.06085,1.06105,1.70,2.40
2009.11.23 08:32:51.136,1.06085,1.06105,1.60,2.40
2009.11.23 08:32:53.144,1.06085,1.06105,1.60,5.40
2009.11.23 08:32:55.803,1.0608,1.06105,1.60,5.40
2009.11.23 08:32:56.913,1.06085,1.06105,1.60,5.40
2009.11.23 08:32:57.183,1.06085,1.06105,1.60,4.60
2009.11.23 08:32:57.473,1.0609,1.06115,1.60,6.20
2009.11.23 08:32:57.873,1.0609,1.06115,1.60,3.00
2009.11.23 08:33:02.161,1.0609,1.06115,1.60,1.60
2009.11.23 08:33:10.220,1.0609,1.0611,1.60,1.00
2009.11.23 08:33:12.329,1.0609,1.06115,1.60,4.80
2009.11.23 08:33:12.620,1.0609,1.06115,1.60,4.00
2009.11.23 08:33:15.199,1.06095,1.06115,1.60,1.60
2009.11.23 08:33:15.538,1.06095,1.0612,1.60,2.40
2009.11.23 08:33:16.169,1.061,1.0612,1.60,2.40
2009.11.23 08:33:16.698,1.06095,1.0612,1.60,2.40
2009.11.23 08:33:29.265,1.06095,1.0612,1.60,11.00
2009.11.23 08:33:29.615,1.06095,1.0612,1.60,12.60
2009.11.23 08:33:29.785,1.06095,1.0612,1.60,9.40
2009.11.23 08:33:31.444,1.06095,1.0612,1.60,10.20
2009.11.23 08:33:32.184,1.06095,1.0612,1.60,13.40
2009.11.23 08:33:36.193,1.06095,1.0611,1.60,1.00
2009.11.23 08:33:39.632,1.0609,1.0611,1.60,1.00
2009.11.23 08:33:39.973,1.06095,1.0611,1.60,1.00
2009.11.23 08:33:44.382,1.06095,1.06115,1.60,11.20
2009.11.23 08:33:44.612,1.06095,1.06115,1.60,5.60
2009.11.23 08:33:44.791,1.06095,1.06115,1.60,2.40
2009.11.23 08:33:44.961,1.061,1.06115,1.60,1.60
2009.11.23 08:33:45.132,1.06105,1.0612,1.00,1.00
2009.11.23 08:33:45.481,1.0611,1.0612,1.00,1.60
2009.11.23 08:33:45.831,1.06115,1.06125,4.40,1.60
2009.11.23 08:33:46.221,1.06115,1.06135,2.00,1.60
2009.11.23 08:33:46.561,1.06115,1.06135,1.80,1.60
2009.11.23 08:33:46.951,1.06115,1.06135,1.70,1.60
2009.11.23 08:33:47.341,1.06115,1.0613,1.00,1.60
2009.11.23 08:33:47.681,1.0611,1.06135,4.90,1.60
2009.11.23 08:33:48.391,1.0611,1.06135,4.90,2.10
2009.11.23 08:33:48.670,1.0611,1.06135,1.00,2.10
2009.11.23 08:33:49.650,1.0611,1.06135,1.70,2.10
2009.11.23 08:33:50.110,1.06105,1.06135,7.20,2.40
2009.11.23 08:33:50.390,1.06105,1.0613,2.80,8.00
2009.11.23 08:33:50.610,1.06105,1.06125,1.20,1.60
2009.11.23 08:33:56.398,1.06105,1.0613,2.10,8.80
2009.11.23 08:33:56.509,1.06105,1.0613,2.10,4.00
2009.11.23 08:33:56.679,1.06105,1.0613,2.30,2.40
2009.11.23 08:33:57.078,1.06105,1.0613,5.50,2.40
2009.11.23 08:34:01.577,1.06105,1.0613,5.20,2.40
2009.11.23 08:34:01.967,1.06105,1.0613,1.60,2.40
2009.11.23 08:34:04.537,1.06105,1.0613,1.60,3.80
2009.11.23 08:34:04.756,1.0611,1.0613,1.60,2.20
2009.11.23 08:34:04.976,1.0612,1.06135,1.00,3.00
2009.11.23 08:34:05.306,1.0612,1.0613,2.30,2.40
2009.11.23 08:34:05.656,1.0611,1.0613,2.40,2.40
2009.11.23 08:34:05.946,1.0611,1.06135,2.50,1.60
2009.11.23 08:34:06.286,1.0611,1.0613,1.70,1.60
2009.11.23 08:34:06.626,1.0611,1.06135,1.70,1.00
2009.11.23 08:34:07.326,1.0611,1.06135,1.60,1.00
2009.11.23 08:34:08.196,1.06115,1.0614,1.00,9.40
2009.11.23 08:34:08.416,1.06115,1.0614,2.00,3.80
2009.11.23 08:34:08.646,1.0612,1.06145,1.70,3.10
2009.11.23 08:34:08.806,1.0612,1.06145,1.70,1.00
2009.11.23 08:34:09.026,1.0612,1.0614,1.70,1.60
2009.11.23 08:34:09.375,1.0612,1.0615,4.90,1.60
2009.11.23 08:34:10.065,1.0612,1.06155,4.90,17.10
2009.11.23 08:34:11.665,1.0612,1.06145,4.90,1.00
2009.11.23 08:34:11.945,1.0612,1.06145,1.70,1.00
2009.11.23 08:34:12.565,1.06115,1.0614,2.30,2.40
2009.11.23 08:34:12.904,1.06115,1.06135,1.90,1.00
2009.11.23 08:34:13.194,1.06115,1.06135,1.60,1.00
2009.11.23 08:34:29.710,1.0612,1.06145,1.60,1.00
2009.11.23 08:34:30.610,1.0612,1.06145,1.70,1.00
2009.11.23 08:34:33.420,1.0612,1.06145,1.70,2.00
2009.11.23 08:34:33.700,1.0612,1.0614,1.60,1.00
2009.11.23 08:34:34.269,1.0612,1.0614,1.60,2.40
2009.11.23 08:34:40.428,1.0612,1.06145,1.60,5.80
2009.11.23 08:34:40.778,1.06125,1.0615,1.60,5.60
2009.11.23 08:34:41.128,1.06125,1.06155,1.80,6.10
2009.11.23 08:34:41.808,1.06125,1.0616,1.70,17.90
2009.11.23 08:34:42.107,1.06125,1.06155,1.60,13.90
2009.11.23 08:34:44.187,1.06125,1.06155,1.60,13.60
2009.11.23 08:34:44.357,1.06125,1.06155,1.60,13.20
2009.11.23 08:34:45.317,1.06125,1.06155,1.60,13.10
2009.11.23 08:34:46.397,1.06125,1.06155,1.60,13.10
2009.11.23 08:34:47.586,1.06125,1.06155,1.60,7.90
2009.11.23 08:34:47.886,1.06125,1.06155,1.70,3.30
2009.11.23 08:34:48.176,1.06125,1.06155,1.70,4.70
2009.11.23 08:34:48.456,1.06125,1.06155,1.60,4.70
2009.11.23 08:34:48.746,1.06125,1.06155,1.60,11.90
2009.11.23 08:34:49.096,1.06125,1.06155,1.60,12.70
2009.11.23 08:34:57.784,1.06125,1.06155,1.60,12.30
2009.11.23 08:35:07.362,1.06125,1.0615,1.60,1.60
2009.11.23 08:35:07.761,1.06125,1.06155,1.70,4.30
2009.11.23 08:35:08.771,1.0613,1.06145,1.60,1.00
2009.11.23 08:35:15.569,1.0613,1.06145,1.60,1.00
2009.11.23 08:35:15.730,1.0613,1.0615,1.60,2.40
2009.11.23 08:35:20.438,1.0613,1.06145,1.60,1.00
2009.11.23 08:35:22.398,1.0613,1.0615,1.60,2.40
2009.11.23 08:35:22.678,1.0613,1.06155,1.60,10.70
2009.11.23 08:35:22.968,1.0613,1.06155,1.60,6.70
2009.11.23 08:35:23.268,1.0613,1.0615,1.60,1.00
2009.11.23 08:35:24.127,1.0613,1.06145,1.60,1.00
2009.11.23 08:35:25.277,1.0613,1.06145,1.60,1.00
2009.11.23 08:35:25.507,1.0613,1.0615,1.60,1.00
2009.11.23 08:35:28.157,1.06135,1.06155,1.60,5.30
2009.11.23 08:35:28.396,1.06135,1.06155,1.60,3.70
2009.11.23 08:35:28.746,1.06135,1.06155,1.60,3.40
2009.11.23 08:35:30.776,1.06135,1.06155,4.00,2.00
2009.11.23 08:35:31.126,1.0614,1.06155,1.60,2.00
2009.11.23 08:35:31.466,1.06135,1.06155,1.60,2.00
2009.11.23 08:35:36.604,1.06135,1.06155,1.60,2.60
2009.11.23 08:35:39.304,1.06135,1.06155,1.60,2.50
2009.11.23 08:35:45.023,1.0613,1.0615,1.60,1.40
2009.11.23 08:35:45.142,1.06125,1.06145,1.60,1.00
2009.11.23 08:35:46.862,1.06125,1.06145,1.60,1.00
2009.11.23 08:35:49.231,1.06125,1.06145,1.60,1.00
2009.11.23 08:35:49.641,1.06125,1.0615,1.60,5.40
2009.11.23 08:35:49.921,1.0613,1.0615,1.60,1.40
2009.11.23 08:35:54.030,1.06125,1.0615,1.60,1.40
2009.11.23 08:35:54.150,1.06125,1.0615,1.60,2.20
2009.11.23 08:35:54.270,1.06125,1.06155,1.60,25.30
2009.11.23 08:35:54.570,1.06125,1.0615,1.60,12.60
2009.11.23 08:35:54.680,1.06125,1.06145,1.60,1.00
2009.11.23 08:35:57.599,1.06125,1.0615,1.60,12.60
2009.11.23 08:35:57.879,1.06125,1.0615,1.60,3.80
2009.11.23 08:36:02.340,1.0613,1.0615,1.60,3.80
2009.11.23 08:36:02.690,1.06125,1.0615,1.60,3.80
2009.11.23 08:36:05.339,1.0613,1.0615,1.60,3.80
2009.11.23 08:36:05.689,1.0613,1.0615,1.60,1.60
2009.11.23 08:36:06.079,1.06125,1.0615,1.80,3.80
2009.11.23 08:36:06.349,1.0613,1.0615,1.60,1.60
2009.11.23 08:36:06.639,1.0613,1.06155,1.60,11.90
2009.11.23 08:36:08.108,1.0613,1.06155,1.60,11.50
2009.11.23 08:36:08.818,1.0613,1.0615,1.60,1.60
2009.11.23 08:36:09.108,1.0613,1.0615,1.60,2.20
2009.11.23 08:36:09.288,1.0613,1.0615,1.60,3.80
2009.11.23 08:36:10.158,1.0613,1.0615,1.60,2.20
2009.11.23 08:36:10.328,1.0613,1.0615,1.60,3.80
2009.11.23 08:36:11.487,1.06125,1.0615,1.60,3.80
2009.11.23 08:36:13.447,1.06125,1.0615,1.60,5.40
2009.11.23 08:36:13.797,1.06125,1.0615,1.60,12.60
2009.11.23 08:36:16.597,1.06125,1.06145,1.60,1.00
2009.11.23 08:36:16.946,1.0612,1.06145,1.60,2.00
2009.11.23 08:36:17.327,1.0612,1.0614,1.60,1.00
2009.11.23 08:36:17.686,1.0612,1.06135,1.60,1.00
2009.11.23 08:36:17.906,1.06115,1.06135,1.60,1.00
2009.11.23 08:36:18.126,1.0611,1.0613,1.60,1.00
2009.11.23 08:36:18.306,1.06115,1.0613,1.60,1.00
2009.11.23 08:36:18.606,1.06115,1.06135,1.60,1.00
2009.11.23 08:36:18.836,1.06115,1.06135,1.60,1.40
2009.11.23 08:36:19.526,1.0612,1.0614,1.60,11.00
2009.11.23 08:36:19.875,1.06115,1.0614,1.60,12.60
2009.11.23 08:36:21.515,1.06115,1.0614,1.60,9.40
2009.11.23 08:36:21.805,1.0612,1.0614,1.60,7.80
2009.11.23 08:36:21.965,1.0612,1.0614,1.60,3.80
2009.11.23 08:36:22.305,1.06115,1.0614,1.60,5.40
2009.11.23 08:36:22.705,1.06115,1.0614,1.60,9.40
2009.11.23 08:36:24.424,1.06115,1.0614,1.60,10.20
2009.11.23 08:36:29.633,1.06115,1.0614,1.60,13.40
2009.11.23 08:36:29.873,1.06115,1.0614,1.60,10.20
2009.11.23 08:36:30.573,1.06115,1.0614,1.60,2.40
2009.11.23 08:36:31.163,1.06115,1.0614,1.60,1.00
2009.11.23 08:36:31.453,1.0612,1.0614,1.60,2.40
2009.11.23 08:36:32.313,1.0612,1.0614,1.60,1.00
2009.11.23 08:36:32.673,1.06125,1.06145,1.60,6.70
2009.11.23 08:36:33.003,1.06125,1.0615,1.60,7.00
2009.11.23 08:36:34.053,1.0613,1.06145,1.60,1.00
2009.11.23 08:36:34.162,1.0613,1.06145,1.60,1.00
2009.11.23 08:36:36.042,1.0613,1.06145,1.60,1.50
2009.11.23 08:36:36.212,1.06125,1.06145,1.60,4.60
2009.11.23 08:36:36.442,1.0612,1.06145,1.60,7.60
2009.11.23 08:36:36.782,1.0612,1.06145,1.60,8.10
2009.11.23 08:36:37.751,1.0612,1.0615,1.60,23.30
2009.11.23 08:36:38.451,1.0612,1.0614,1.60,1.60
2009.11.23 08:36:38.811,1.0611,1.06135,9.00,1.60
2009.11.23 08:36:39.161,1.06115,1.0613,1.60,7.00
2009.11.23 08:36:39.381,1.06095,1.06125,2.00,9.40
2009.11.23 08:36:39.611,1.06095,1.0612,1.60,1.60
2009.11.23 08:36:41.740,1.061,1.06125,4.00,6.30
2009.11.23 08:36:42.040,1.061,1.06125,4.70,3.90
2009.11.23 08:36:42.380,1.06105,1.06125,1.60,2.40
