2017.10.25 23:00:00.104,1.28016,1.28029,1.25,2.70
2017.10.25 23:00:00.613,1.28016,1.28028,1.00,2.06
2017.10.25 23:00:00.867,1.28013,1.28028,1.68,2.81
2017.10.25 23:00:01.335,1.28011,1.28024,1.00,1.50
2017.10.25 23:00:01.642,1.2801,1.28021,1.68,1.25
2017.10.25 23:00:01.946,1.28009,1.28019,1.50,1.00
2017.10.25 23:00:02.259,1.2801,1.28022,2.41,1.69
2017.10.25 23:00:02.463,1.28016,1.28027,1.62,1.00
2017.10.25 23:00:03.088,1.28015,1.28027,1.69,1.00
2017.10.25 23:00:03.599,1.28016,1.28026,1.21,1.00
2017.10.25 23:00:03.813,1.28016,1.28028,1.00,1.50
2017.10.25 23:00:04.356,1.28015,1.28027,2.59,1.00
2017.10.25 23:00:05.206,1.28015,1.28028,1.83,2.25
2017.10.25 23:00:05.918,1.28015,1.28027,2.56,1.00
2017.10.25 23:00:06.715,1.28015,1.28028,1.50,1.50
2017.10.25 23:00:07.115,1.28017,1.28029,1.05,1.12
2017.10.25 23:00:07.812,1.28018,1.2803,1.05,1.00
2017.10.25 23:00:08.512,1.28018,1.28029,1.00,1.00
2017.10.25 23:00:09.132,1.28018,1.28028,1.10,1.00
2017.10.25 23:00:10.072,1.28017,1.28028,1.30,1.00
2017.10.25 23:00:10.772,1.28017,1.28027,1.17,1.00
2017.10.25 23:00:11.459,1.28017,1.28027,1.23,1.00
2017.10.25 23:00:12.613,1.28017,1.28028,1.00,1.00
2017.10.25 23:00:15.000,1.28017,1.28027,1.23,1.00
2017.10.25 23:00:15.737,1.28017,1.28028,1.00,1.00
2017.10.25 23:00:18.745,1.28017,1.28027,1.22,1.00
2017.10.25 23:00:22.357,1.28016,1.28026,1.00,1.00
2017.10.25 23:00:22.896,1.28017,1.28027,1.22,1.00
2017.10.25 23:00:26.093,1.28017,1.28027,1.41,1.00
2017.10.25 23:00:29.268,1.28017,1.28027,1.10,1.00
2017.10.25 23:00:30.586,1.28016,1.28026,1.31,1.00
2017.10.25 23:00:31.297,1.28016,1.28026,1.85,1.00
2017.10.25 23:00:32.879,1.28016,1.28027,1.10,1.50
2017.10.25 23:00:36.915,1.28016,1.28026,1.17,1.00
2017.10.25 23:00:36.966,1.28015,1.28027,3.19,1.00
2017.10.25 23:00:37.473,1.28016,1.28027,1.10,1.87
2017.10.25 23:00:38.219,1.28016,1.28027,1.10,3.00
2017.10.25 23:00:50.612,1.28015,1.28027,1.22,1.00
2017.10.25 23:00:51.183,1.28015,1.28028,1.10,1.87
2017.10.25 23:00:51.845,1.28016,1.28027,1.10,1.12
2017.10.25 23:00:52.365,1.28015,1.28028,1.10,1.87
2017.10.25 23:00:52.957,1.28016,1.28027,1.01,1.12
2017.10.25 23:00:53.491,1.28015,1.28028,1.01,1.12
2017.10.25 23:00:56.909,1.28017,1.28027,1.01,1.12
2017.10.25 23:01:00.075,1.28017,1.28026,1.01,1.00
2017.10.25 23:01:00.824,1.28016,1.28026,1.76,1.00
2017.10.25 23:01:01.385,1.28016,1.28026,1.76,1.00
2017.10.25 23:01:04.967,1.28016,1.28026,1.76,1.00
2017.10.25 23:01:08.232,1.28017,1.28026,1.25,1.00
2017.10.25 23:01:09.372,1.28016,1.28026,1.95,1.00
2017.10.25 23:01:13.136,1.28017,1.28026,1.13,1.00
2017.10.25 23:01:18.444,1.28016,1.28028,2.53,1.87
2017.10.25 23:01:18.496,1.28019,1.28029,1.37,1.00
2017.10.25 23:01:18.802,1.28021,1.2803,1.44,1.00
2017.10.25 23:01:19.315,1.2802,1.2803,1.87,1.00
2017.10.25 23:01:19.742,1.28022,1.28032,1.00,1.00
2017.10.25 23:01:22.067,1.28022,1.28032,1.44,1.50
2017.10.25 23:01:26.394,1.28022,1.28032,1.00,1.00
2017.10.25 23:01:26.899,1.28022,1.28032,1.44,1.50
2017.10.25 23:01:27.800,1.28022,1.28031,1.00,1.50
2017.10.25 23:01:47.024,1.28022,1.2803,1.00,1.00
2017.10.25 23:01:51.534,1.28023,1.2803,1.19,1.00
2017.10.25 23:01:51.586,1.28022,1.28033,2.62,1.00
2017.10.25 23:01:51.637,1.28024,1.28033,1.69,1.00
2017.10.25 23:01:52.578,1.28024,1.28033,1.00,1.00
2017.10.25 23:01:55.556,1.28024,1.28033,1.19,1.00
2017.10.25 23:01:56.112,1.28024,1.28034,1.87,1.00
2017.10.25 23:01:56.772,1.28025,1.28034,1.37,1.00
2017.10.25 23:01:57.307,1.28025,1.28035,1.44,1.00
2017.10.25 23:01:58.206,1.28024,1.28035,2.62,1.00
2017.10.25 23:01:59.252,1.28025,1.28035,1.44,1.00
2017.10.25 23:02:01.485,1.28024,1.28035,1.87,1.00
2017.10.25 23:02:03.262,1.28024,1.28035,1.87,1.00
2017.10.25 23:02:03.566,1.28024,1.28033,1.25,1.00
2017.10.25 23:02:04.213,1.28024,1.28033,1.44,1.00
2017.10.25 23:02:07.947,1.28024,1.28034,1.44,1.00
2017.10.25 23:02:08.766,1.28024,1.28034,1.37,1.00
2017.10.25 23:02:12.227,1.28024,1.28034,1.87,1.00
2017.10.25 23:02:12.751,1.28024,1.28033,1.25,1.00
2017.10.25 23:02:13.713,1.28024,1.28034,1.44,1.00
2017.10.25 23:02:14.290,1.28024,1.28034,1.12,1.00
2017.10.25 23:02:17.594,1.28024,1.28034,1.69,1.00
2017.10.25 23:02:18.178,1.28024,1.28033,1.00,1.00
2017.10.25 23:02:25.153,1.28023,1.28033,1.25,1.00
2017.10.25 23:02:27.238,1.28023,1.28033,1.44,1.00
2017.10.25 23:02:27.641,1.28021,1.2803,1.69,1.00
2017.10.25 23:02:30.471,1.28018,1.28028,1.50,1.50
2017.10.25 23:02:30.574,1.28017,1.28026,1.00,1.25
2017.10.25 23:02:30.923,1.28014,1.28025,1.00,1.00
2017.10.25 23:02:31.855,1.28014,1.28024,1.00,1.00
2017.10.25 23:02:32.392,1.28013,1.28024,1.00,1.00
2017.10.25 23:02:32.893,1.28012,1.28024,1.25,1.50
2017.10.25 23:02:33.528,1.28012,1.28024,1.69,1.50
2017.10.25 23:02:34.612,1.28012,1.28024,1.69,1.50
2017.10.25 23:02:35.220,1.28012,1.28024,3.37,1.50
2017.10.25 23:02:36.655,1.28012,1.28023,1.50,1.00
2017.10.25 23:02:37.243,1.28012,1.28023,3.56,1.00
2017.10.25 23:02:37.862,1.28014,1.28023,1.00,1.00
2017.10.25 23:02:42.244,1.28014,1.28023,1.87,1.00
2017.10.25 23:02:43.069,1.28014,1.28023,1.25,1.00
2017.10.25 23:02:46.792,1.28015,1.28023,1.25,1.00
2017.10.25 23:02:47.316,1.28016,1.28024,1.00,1.00
2017.10.25 23:02:47.856,1.28015,1.28024,1.00,1.00
2017.10.25 23:02:51.188,1.28016,1.28024,1.00,1.00
2017.10.25 23:02:53.516,1.28014,1.28025,1.25,1.00
2017.10.25 23:02:53.567,1.28014,1.28023,1.25,1.00
2017.10.25 23:02:57.414,1.28013,1.28021,1.00,1.00
2017.10.25 23:02:57.466,1.2801,1.28021,1.00,1.00
2017.10.25 23:02:57.517,1.28008,1.28018,1.50,1.00
2017.10.25 23:02:58.180,1.28008,1.28019,1.00,1.25
2017.10.25 23:03:01.923,1.28008,1.28019,1.44,1.00
2017.10.25 23:03:02.996,1.28009,1.28019,1.19,1.00
2017.10.25 23:03:03.541,1.28008,1.28019,3.37,1.00
2017.10.25 23:03:04.183,1.28009,1.28019,1.87,1.00
2017.10.25 23:03:04.754,1.2801,1.2802,1.87,1.00
2017.10.25 23:03:05.506,1.2801,1.2802,1.87,1.00
2017.10.25 23:03:05.676,1.2801,1.28022,1.12,2.25
2017.10.25 23:03:06.468,1.2801,1.28021,2.62,1.00
2017.10.25 23:03:07.866,1.28011,1.28021,1.12,1.00
2017.10.25 23:03:08.477,1.28012,1.28021,1.00,1.00
2017.10.25 23:03:12.358,1.2801,1.2802,1.00,1.00
2017.10.25 23:03:20.861,1.28011,1.2802,1.00,1.50
2017.10.25 23:03:25.678,1.2801,1.2802,1.50,1.00
2017.10.25 23:03:38.744,1.28011,1.28021,1.00,1.87
2017.10.25 23:03:39.353,1.2801,1.28021,1.69,1.00
2017.10.25 23:03:48.148,1.28011,1.28021,1.50,1.00
2017.10.25 23:03:49.925,1.28012,1.28021,1.00,1.00
2017.10.25 23:03:51.281,1.28012,1.28022,1.00,1.69
2017.10.25 23:03:51.784,1.28011,1.28022,2.43,1.69
2017.10.25 23:03:52.291,1.28012,1.28022,1.50,1.00
2017.10.25 23:03:55.995,1.28011,1.28021,3.37,1.00
2017.10.25 23:03:56.611,1.28011,1.28021,1.50,1.00
2017.10.25 23:03:57.292,1.28012,1.28021,1.12,1.00
2017.10.25 23:03:57.895,1.28011,1.28021,2.62,1.00
2017.10.25 23:03:58.543,1.28012,1.28021,1.00,1.00
2017.10.25 23:03:59.690,1.28011,1.28021,2.44,1.00
2017.10.25 23:04:02.783,1.28011,1.2802,2.44,1.00
2017.10.25 23:04:03.597,1.28011,1.2802,3.37,1.00
2017.10.25 23:04:05.905,1.28011,1.2802,2.62,1.00
2017.10.25 23:04:07.885,1.28012,1.2802,1.00,1.00
2017.10.25 23:04:08.551,1.28011,1.2802,2.43,1.00
2017.10.25 23:04:13.456,1.28012,1.2802,1.00,1.00
2017.10.25 23:04:14.227,1.28011,1.2802,2.43,1.00
2017.10.25 23:04:14.889,1.28012,1.2802,1.00,1.00
2017.10.25 23:04:15.517,1.28011,1.2802,2.43,1.00
2017.10.25 23:04:18.684,1.28012,1.2802,1.00,1.00
2017.10.25 23:04:22.785,1.28011,1.2802,2.43,1.00
2017.10.25 23:04:23.542,1.28011,1.28021,2.43,1.00
2017.10.25 23:04:24.075,1.28012,1.28021,1.00,1.00
2017.10.25 23:04:24.863,1.28011,1.28021,2.25,1.00
2017.10.25 23:04:28.191,1.28012,1.28021,1.00,1.00
2017.10.25 23:04:28.706,1.28011,1.28021,2.25,1.00
2017.10.25 23:04:29.930,1.28012,1.28021,1.00,1.00
2017.10.25 23:04:30.509,1.28011,1.28021,2.25,1.00
2017.10.25 23:04:30.813,1.28017,1.28022,1.19,1.50
2017.10.25 23:04:30.865,1.28018,1.28024,1.25,1.00
2017.10.25 23:04:31.019,1.28015,1.28024,1.43,1.00
2017.10.25 23:04:31.222,1.28014,1.28022,1.00,1.00
2017.10.25 23:04:32.765,1.28012,1.28022,1.69,1.00
2017.10.25 23:04:37.067,1.28012,1.28021,1.00,1.00
2017.10.25 23:04:50.853,1.28013,1.28021,1.25,1.00
2017.10.25 23:04:51.775,1.28012,1.28021,1.69,1.00
2017.10.25 23:05:04.841,1.28013,1.28021,1.00,1.00
2017.10.25 23:05:05.449,1.28012,1.28021,2.05,1.00
2017.10.25 23:05:10.795,1.28012,1.28022,1.00,1.50
2017.10.25 23:05:10.847,1.28011,1.28021,1.00,2.44
2017.10.25 23:05:11.411,1.2801,1.28021,1.50,1.25
2017.10.25 23:05:12.895,1.28011,1.28021,1.00,2.44
2017.10.25 23:05:17.852,1.2801,1.28021,1.50,1.00
2017.10.25 23:05:25.811,1.28011,1.28021,1.00,2.44
2017.10.25 23:05:26.596,1.2801,1.28021,1.50,1.00
2017.10.25 23:05:31.653,1.28011,1.28021,1.00,1.69
2017.10.25 23:05:33.972,1.2801,1.28021,1.50,1.50
2017.10.25 23:05:36.034,1.28011,1.28021,1.00,2.44
2017.10.25 23:05:39.095,1.2801,1.28021,1.50,1.50
2017.10.25 23:05:53.001,1.28011,1.28021,1.00,2.44
2017.10.25 23:05:54.745,1.2801,1.28021,1.50,1.50
2017.10.25 23:05:56.960,1.28011,1.28018,1.00,1.00
2017.10.25 23:05:57.062,1.28009,1.28018,1.00,1.25
2017.10.25 23:05:57.113,1.28005,1.28013,1.00,1.95
2017.10.25 23:05:57.418,1.28003,1.28008,1.00,1.45
2017.10.25 23:05:58.121,1.28002,1.28007,1.00,1.20
2017.10.25 23:05:58.734,1.28001,1.28007,1.00,1.45
2017.10.25 23:06:00.365,1.28,1.28006,1.00,1.20
2017.10.25 23:06:00.468,1.27996,1.28003,1.00,1.95
2017.10.25 23:06:01.092,1.27997,1.28004,1.25,1.95
2017.10.25 23:06:01.806,1.27998,1.28004,1.00,1.95
2017.10.25 23:06:02.415,1.27998,1.28003,1.00,1.45
2017.10.25 23:06:02.946,1.27997,1.28003,1.00,1.45
2017.10.25 23:06:03.427,1.27997,1.28004,1.00,1.20
2017.10.25 23:06:03.970,1.27997,1.28004,1.00,1.95
2017.10.25 23:06:05.822,1.27998,1.28004,1.00,1.95
2017.10.25 23:06:08.616,1.27994,1.28003,1.00,1.95
2017.10.25 23:06:08.668,1.27992,1.27998,2.25,1.20
2017.10.25 23:06:09.027,1.27995,1.27998,1.00,1.12
2017.10.25 23:06:09.079,1.27996,1.28003,1.00,1.57
2017.10.25 23:06:09.593,1.27995,1.28004,1.69,1.45
2017.10.25 23:06:10.100,1.27995,1.28004,1.87,1.45
2017.10.25 23:06:10.613,1.27995,1.28004,1.69,1.95
2017.10.25 23:06:11.115,1.27995,1.28003,1.50,1.20
2017.10.25 23:06:11.699,1.27996,1.28003,1.00,1.20
2017.10.25 23:06:14.118,1.27995,1.28003,1.69,1.45
2017.10.25 23:06:15.806,1.27996,1.28003,1.25,1.45
2017.10.25 23:06:18.653,1.27995,1.28003,1.69,1.45
2017.10.25 23:06:19.776,1.27996,1.28003,1.00,1.45
2017.10.25 23:06:20.376,1.27995,1.28003,1.69,1.45
2017.10.25 23:06:20.923,1.27996,1.28004,1.00,1.95
2017.10.25 23:06:21.932,1.27995,1.28003,1.50,1.20
2017.10.25 23:06:22.775,1.27996,1.28003,1.00,1.20
2017.10.25 23:06:23.346,1.27995,1.28003,1.50,1.20
2017.10.25 23:06:24.006,1.27996,1.28003,1.00,1.20
2017.10.25 23:06:24.715,1.27995,1.28003,1.69,1.45
2017.10.25 23:06:25.325,1.27996,1.28003,1.00,1.45
2017.10.25 23:06:26.323,1.27995,1.28003,1.69,1.45
2017.10.25 23:06:26.879,1.27994,1.28003,1.00,1.95
2017.10.25 23:06:26.930,1.27993,1.27999,1.50,1.95
2017.10.25 23:06:27.033,1.27993,1.28001,1.69,1.20
2017.10.25 23:06:27.085,1.27996,1.28001,1.00,1.20
2017.10.25 23:06:27.136,1.27995,1.28003,1.25,1.45
2017.10.25 23:06:27.844,1.27996,1.28003,1.00,1.45
2017.10.25 23:06:28.349,1.27995,1.28003,1.25,1.45
2017.10.25 23:06:28.896,1.27995,1.28002,1.25,1.20
2017.10.25 23:06:29.617,1.27996,1.28002,1.00,1.20
2017.10.25 23:06:30.375,1.27995,1.28002,1.25,1.20
2017.10.25 23:06:31.447,1.27996,1.28002,1.00,1.20
2017.10.25 23:06:32.055,1.27995,1.28002,1.25,1.20
2017.10.25 23:06:32.897,1.27996,1.28002,1.00,1.20
2017.10.25 23:06:33.431,1.27995,1.28003,1.00,1.20
2017.10.25 23:06:34.881,1.27996,1.28003,1.00,1.45
2017.10.25 23:06:35.559,1.27995,1.28003,1.25,1.45
2017.10.25 23:06:36.703,1.27996,1.28002,1.00,1.45
2017.10.25 23:06:37.208,1.27995,1.28002,1.00,1.45
2017.10.25 23:06:38.912,1.27996,1.28002,1.00,1.45
2017.10.25 23:06:39.903,1.27995,1.28002,1.25,1.45
2017.10.25 23:06:41.555,1.27996,1.28003,1.00,1.20
2017.10.25 23:06:42.607,1.27995,1.28003,1.00,1.45
2017.10.25 23:06:43.886,1.27996,1.28003,1.00,1.45
2017.10.25 23:06:44.475,1.27995,1.28003,1.00,1.45
2017.10.25 23:06:45.513,1.27994,1.28002,1.25,1.45
2017.10.25 23:06:45.565,1.27992,1.28002,3.94,1.95
2017.10.25 23:06:45.616,1.27992,1.27999,2.44,1.20
2017.10.25 23:06:45.923,1.27995,1.28003,1.69,1.45
2017.10.25 23:06:46.589,1.27998,1.28003,1.25,1.45
2017.10.25 23:06:47.110,1.27999,1.28004,1.25,1.45
2017.10.25 23:06:48.154,1.27998,1.28005,1.69,1.45
2017.10.25 23:06:48.721,1.27999,1.28005,1.00,1.45
2017.10.25 23:06:49.269,1.27998,1.28005,1.69,1.45
2017.10.25 23:06:52.615,1.27999,1.28005,1.00,1.45
2017.10.25 23:06:59.216,1.27998,1.28003,1.50,1.45
2017.10.25 23:07:06.594,1.27997,1.28003,1.50,1.45
2017.10.25 23:07:07.161,1.27997,1.28003,1.50,1.20
2017.10.25 23:07:08.062,1.27998,1.28003,1.25,1.45
2017.10.25 23:07:08.827,1.27997,1.28003,1.69,1.45
2017.10.25 23:07:09.332,1.27998,1.28003,1.25,1.20
2017.10.25 23:07:09.887,1.27998,1.28004,1.25,1.45
2017.10.25 23:07:10.602,1.27997,1.28003,1.69,1.45
2017.10.25 23:07:11.548,1.27998,1.28003,1.00,1.45
2017.10.25 23:07:12.549,1.27997,1.28003,1.50,1.45
2017.10.25 23:07:13.067,1.27998,1.28003,1.00,1.45
2017.10.25 23:07:13.789,1.27997,1.28003,1.50,1.45
2017.10.25 23:07:14.562,1.27998,1.28003,1.00,1.45
2017.10.25 23:07:15.221,1.27997,1.28003,1.50,1.45
2017.10.25 23:07:17.279,1.27998,1.28003,1.00,1.45
2017.10.25 23:07:18.354,1.27997,1.28003,1.50,1.45
2017.10.25 23:07:18.958,1.27998,1.28003,1.00,1.45
2017.10.25 23:07:19.510,1.27997,1.28003,1.50,1.45
2017.10.25 23:07:20.020,1.27998,1.28003,1.00,1.45
2017.10.25 23:07:20.626,1.27997,1.28003,1.50,1.45
2017.10.25 23:07:23.779,1.27998,1.28003,1.00,1.20
2017.10.25 23:07:24.594,1.27997,1.28003,1.69,1.20
2017.10.25 23:07:25.868,1.27997,1.28004,1.69,1.95
2017.10.25 23:07:27.057,1.27997,1.28003,1.00,1.45
2017.10.25 23:07:28.655,1.27997,1.28003,1.50,1.45
2017.10.25 23:07:28.937,1.27997,1.28004,1.00,1.45
2017.10.25 23:07:29.819,1.27997,1.28003,1.00,1.20
2017.10.25 23:07:30.911,1.27997,1.28004,1.00,1.45
2017.10.25 23:07:34.532,1.27997,1.28002,1.50,1.20
2017.10.25 23:07:35.095,1.27996,1.28003,1.69,1.45
2017.10.25 23:07:43.690,1.27996,1.28003,4.69,1.45
2017.10.25 23:07:44.231,1.27996,1.28003,2.62,1.20
2017.10.25 23:07:50.581,1.27997,1.28003,2.62,1.45
2017.10.25 23:07:52.353,1.27996,1.28004,4.69,1.45
2017.10.25 23:07:53.779,1.27997,1.28003,1.87,1.20
2017.10.25 23:07:57.947,1.27997,1.28005,1.87,1.45
2017.10.25 23:08:00.544,1.27996,1.28005,2.62,1.45
2017.10.25 23:08:01.067,1.27996,1.28004,2.62,1.45
2017.10.25 23:08:01.620,1.27996,1.28005,3.37,1.45
2017.10.25 23:08:02.052,1.27996,1.28003,2.62,1.20
2017.10.25 23:08:02.599,1.27996,1.28005,2.62,1.45
2017.10.25 23:08:03.132,1.27997,1.28005,1.69,1.45
2017.10.25 23:08:03.750,1.27996,1.28005,2.44,1.45
2017.10.25 23:08:05.772,1.27997,1.28005,1.69,1.45
2017.10.25 23:08:06.280,1.27996,1.28004,4.12,1.45
2017.10.25 23:08:07.091,1.27997,1.28004,1.37,1.45
2017.10.25 23:08:08.268,1.27996,1.28004,2.62,1.45
2017.10.25 23:08:09.286,1.27997,1.28003,1.87,1.20
2017.10.25 23:08:09.739,1.27996,1.28005,2.62,1.45
2017.10.25 23:08:10.342,1.27997,1.28004,1.87,1.45
2017.10.25 23:08:10.959,1.27996,1.28004,2.62,1.45
2017.10.25 23:08:11.713,1.27996,1.28004,2.62,1.45
2017.10.25 23:08:12.320,1.27996,1.28004,2.44,1.45
2017.10.25 23:08:12.856,1.27997,1.28004,1.69,1.45
2017.10.25 23:08:14.277,1.27996,1.28003,2.44,1.45
2017.10.25 23:08:15.342,1.27997,1.28003,1.87,1.45
2017.10.25 23:08:15.464,1.27997,1.28005,1.87,1.45
2017.10.25 23:08:16.077,1.27996,1.28005,2.62,1.45
2017.10.25 23:08:18.778,1.27997,1.28005,1.87,1.45
2017.10.25 23:08:23.778,1.27997,1.28005,1.87,1.45
2017.10.25 23:08:24.338,1.27996,1.28004,2.62,1.20
2017.10.25 23:08:26.878,1.27997,1.28004,1.87,1.45
2017.10.25 23:08:27.618,1.27996,1.28004,2.62,1.45
2017.10.25 23:08:28.299,1.27997,1.28004,1.87,1.45
2017.10.25 23:08:30.509,1.27996,1.28004,2.62,1.45
2017.10.25 23:08:32.594,1.27997,1.28004,1.87,1.45
2017.10.25 23:08:37.698,1.27996,1.28004,1.87,1.45
2017.10.25 23:08:38.774,1.27996,1.28003,1.87,1.20
2017.10.25 23:08:43.620,1.27997,1.28005,1.87,1.45
2017.10.25 23:08:45.109,1.27997,1.28004,1.87,1.45
2017.10.25 23:08:45.776,1.27996,1.28004,2.62,1.45
2017.10.25 23:08:52.101,1.27997,1.28004,1.87,1.45
2017.10.25 23:08:53.747,1.27997,1.28003,1.87,1.20
2017.10.25 23:08:54.293,1.27997,1.28004,1.87,1.45
2017.10.25 23:08:54.899,1.27996,1.28005,2.62,1.45
2017.10.25 23:08:55.457,1.27997,1.28003,1.87,1.20
2017.10.25 23:08:55.970,1.27996,1.28003,2.62,1.20
2017.10.25 23:09:00.484,1.27996,1.28005,1.87,1.45
2017.10.25 23:09:01.017,1.27997,1.28005,1.87,1.45
2017.10.25 23:09:01.821,1.27996,1.28005,2.62,1.45
2017.10.25 23:09:02.709,1.27997,1.28004,1.69,1.45
2017.10.25 23:09:03.280,1.27996,1.28004,1.69,1.45
2017.10.25 23:09:03.839,1.27996,1.28004,1.69,1.45
2017.10.25 23:09:08.401,1.27996,1.28004,2.19,1.20
2017.10.25 23:09:12.153,1.27996,1.28003,1.12,1.20
2017.10.25 23:09:14.466,1.27996,1.28003,1.69,1.20
2017.10.25 23:09:15.113,1.27996,1.28003,1.69,1.20
2017.10.25 23:09:19.079,1.27996,1.28003,1.69,1.20
2017.10.25 23:09:22.021,1.27996,1.28004,1.25,1.45
2017.10.25 23:09:23.246,1.27997,1.28004,1.25,1.45
2017.10.25 23:09:23.778,1.27996,1.28004,1.25,1.45
2017.10.25 23:09:29.793,1.27996,1.28004,2.19,1.45
2017.10.25 23:09:30.401,1.27995,1.28004,2.19,1.45
2017.10.25 23:09:32.006,1.27996,1.28004,1.25,1.45
2017.10.25 23:09:32.422,1.27997,1.28004,1.44,1.45
2017.10.25 23:09:35.761,1.27996,1.28004,1.12,1.45
2017.10.25 23:09:36.867,1.27996,1.28004,1.12,1.45
2017.10.25 23:09:37.972,1.27997,1.28004,1.12,1.45
2017.10.25 23:09:41.632,1.27996,1.28004,1.87,1.45
2017.10.25 23:09:42.526,1.27996,1.28004,1.44,1.45
2017.10.25 23:09:48.169,1.27996,1.28003,1.44,1.45
2017.10.25 23:09:48.656,1.27996,1.28005,1.87,1.45
2017.10.25 23:09:54.930,1.27996,1.28004,2.62,1.20
2017.10.25 23:09:55.657,1.27997,1.28003,1.12,1.45
2017.10.25 23:10:00.606,1.27996,1.28003,1.25,1.45
2017.10.25 23:10:02.223,1.27996,1.28004,2.44,1.45
2017.10.25 23:10:04.212,1.27997,1.28004,1.12,1.45
2017.10.25 23:10:04.929,1.27996,1.28004,1.50,1.45
2017.10.25 23:10:07.828,1.27996,1.28003,1.25,1.20
2017.10.25 23:10:12.480,1.27997,1.28003,1.00,1.20
2017.10.25 23:10:13.851,1.27997,1.28004,1.00,1.45
2017.10.25 23:10:26.705,1.27997,1.28002,1.00,1.20
2017.10.25 23:10:27.918,1.27997,1.28003,1.00,1.45
2017.10.25 23:10:28.700,1.27997,1.28002,1.00,1.45
2017.10.25 23:10:29.877,1.27997,1.28004,1.00,1.45
2017.10.25 23:10:40.316,1.27997,1.28004,1.00,1.95
2017.10.25 23:10:41.863,1.27997,1.28004,1.00,1.95
2017.10.25 23:10:43.861,1.27997,1.28002,1.00,1.20
2017.10.25 23:10:45.373,1.27997,1.28004,1.00,1.95
2017.10.25 23:10:45.477,1.27995,1.28004,2.44,1.95
2017.10.25 23:10:46.012,1.27996,1.28004,1.50,1.95
2017.10.25 23:10:46.818,1.27995,1.28004,2.44,1.95
2017.10.25 23:10:49.146,1.27996,1.28004,1.87,1.95
2017.10.25 23:10:49.685,1.27995,1.28004,3.00,1.95
2017.10.25 23:10:50.258,1.27996,1.28004,1.50,1.95
2017.10.25 23:10:50.965,1.27995,1.28004,2.62,1.95
2017.10.25 23:10:51.514,1.27996,1.28004,1.50,1.95
2017.10.25 23:10:52.119,1.27995,1.28004,2.62,1.95
2017.10.25 23:10:53.051,1.27996,1.28004,1.50,1.95
2017.10.25 23:10:53.559,1.27995,1.28004,2.44,1.95
2017.10.25 23:10:55.072,1.27996,1.28004,1.50,1.95
2017.10.25 23:10:55.843,1.27996,1.28003,1.00,1.45
2017.10.25 23:10:56.382,1.27997,1.28003,1.00,1.95
2017.10.25 23:10:56.434,1.2799,1.27998,1.00,1.20
2017.10.25 23:10:56.485,1.27994,1.27998,1.69,1.20
2017.10.25 23:10:56.538,1.27994,1.28002,3.94,1.45
2017.10.25 23:10:56.591,1.27996,1.28002,1.00,1.45
2017.10.25 23:10:56.643,1.27996,1.28004,1.50,1.45
2017.10.25 23:10:57.158,1.27995,1.28003,1.00,1.20
2017.10.25 23:10:57.983,1.27996,1.28003,1.00,1.45
2017.10.25 23:10:58.952,1.28,1.28005,3.19,1.45
2017.10.25 23:10:59.004,1.28003,1.2801,1.00,2.32
2017.10.25 23:10:59.362,1.28001,1.28008,1.69,1.20
2017.10.25 23:10:59.826,1.28,1.28006,1.00,1.45
2017.10.25 23:11:00.157,1.27998,1.28006,1.69,1.20
2017.10.25 23:11:00.775,1.27998,1.28007,1.69,1.20
2017.10.25 23:11:01.615,1.27998,1.28006,1.69,1.45
2017.10.25 23:11:02.287,1.27999,1.28007,1.00,1.45
2017.10.25 23:11:03.633,1.27998,1.28007,1.69,1.45
2017.10.25 23:11:04.685,1.27998,1.28007,2.62,1.45
2017.10.25 23:11:06.572,1.27999,1.28007,1.87,1.45
2017.10.25 23:11:07.900,1.27999,1.28007,1.25,1.45
2017.10.25 23:11:12.345,1.27999,1.28007,1.31,1.45
2017.10.25 23:11:12.859,1.27999,1.28005,1.00,1.20
2017.10.25 23:11:13.383,1.27999,1.28006,1.00,1.45
2017.10.25 23:11:15.390,1.27999,1.28009,1.00,1.87
2017.10.25 23:11:23.726,1.27999,1.28009,1.25,2.06
2017.10.25 23:11:24.241,1.27999,1.28009,1.00,1.87
2017.10.25 23:11:31.304,1.27999,1.28009,1.00,2.25
2017.10.25 23:11:31.826,1.27999,1.28009,1.00,2.62
2017.10.25 23:11:33.093,1.27999,1.2801,1.00,1.50
2017.10.25 23:11:33.398,1.28002,1.28009,1.00,1.00
2017.10.25 23:11:43.005,1.27999,1.28009,1.87,1.00
2017.10.25 23:11:43.210,1.27998,1.28009,1.12,1.00
2017.10.25 23:11:43.783,1.27998,1.28009,1.00,1.37
2017.10.25 23:11:45.387,1.27998,1.28009,1.00,1.12
2017.10.25 23:11:51.003,1.27998,1.28009,1.25,1.37
2017.10.25 23:11:51.583,1.27998,1.28009,1.44,1.12
2017.10.25 23:11:54.523,1.27998,1.28009,1.12,1.00
2017.10.25 23:11:54.574,1.27998,1.28009,1.87,1.00
2017.10.25 23:11:56.965,1.27998,1.28009,1.44,1.00
2017.10.25 23:11:57.483,1.27998,1.28009,1.25,1.50
2017.10.25 23:11:58.700,1.27998,1.28009,1.37,1.00
2017.10.25 23:11:58.751,1.27998,1.28009,1.00,1.00
2017.10.25 23:12:00.535,1.27998,1.28009,1.25,1.50
2017.10.25 23:12:01.044,1.27998,1.28009,1.25,1.00
2017.10.25 23:12:16.129,1.27998,1.28009,1.00,1.87
2017.10.25 23:12:22.888,1.27998,1.28009,1.00,1.12
2017.10.25 23:12:23.395,1.27998,1.28009,1.00,2.32
2017.10.25 23:12:23.649,1.27997,1.28006,1.50,1.00
2017.10.25 23:12:24.752,1.27997,1.28005,1.00,1.00
2017.10.25 23:12:26.984,1.27997,1.28007,1.00,1.50
2017.10.25 23:12:30.157,1.27997,1.28007,1.00,1.12
2017.10.25 23:12:36.421,1.27995,1.28001,1.00,1.00
2017.10.25 23:12:36.524,1.27995,1.28004,1.00,1.00
2017.10.25 23:12:36.575,1.27996,1.28004,1.87,1.00
2017.10.25 23:12:36.626,1.27996,1.28006,1.50,1.12
2017.10.25 23:12:38.715,1.27996,1.28006,2.62,1.00
2017.10.25 23:12:39.238,1.27996,1.28006,2.44,1.00
2017.10.25 23:12:42.054,1.27996,1.28006,1.37,1.00
2017.10.25 23:12:44.764,1.27996,1.28006,1.44,1.50
2017.10.25 23:12:45.362,1.27996,1.28007,2.62,2.62
2017.10.25 23:12:47.163,1.27996,1.28007,1.87,2.62
2017.10.25 23:12:52.767,1.27996,1.28007,1.37,2.62
2017.10.25 23:12:53.282,1.27996,1.28007,2.25,1.87
2017.10.25 23:12:53.781,1.27996,1.28007,1.00,1.50
2017.10.25 23:12:54.324,1.27996,1.28007,1.00,1.50
2017.10.25 23:12:54.992,1.27996,1.28007,1.37,1.50
2017.10.25 23:12:55.044,1.27996,1.28007,1.25,1.12
2017.10.25 23:12:55.548,1.27996,1.28007,1.44,1.12
2017.10.25 23:12:59.633,1.27996,1.28007,2.81,1.12
2017.10.25 23:13:13.888,1.27996,1.28008,1.87,3.00
2017.10.25 23:13:15.465,1.27996,1.28008,1.44,1.87
2017.10.25 23:13:20.519,1.27999,1.28008,1.00,1.00
2017.10.25 23:13:24.338,1.27999,1.28009,1.00,2.25
2017.10.25 23:13:27.245,1.27999,1.28009,1.00,2.06
2017.10.25 23:13:27.918,1.27999,1.28009,1.00,2.25
2017.10.25 23:13:29.016,1.27999,1.28009,1.00,3.19
2017.10.25 23:13:41.902,1.27999,1.28009,1.00,2.25
2017.10.25 23:13:43.001,1.27999,1.28009,1.00,2.62
2017.10.25 23:13:43.987,1.27999,1.28009,1.00,2.62
2017.10.25 23:13:47.004,1.27999,1.28008,1.00,1.00
2017.10.25 23:13:51.942,1.27998,1.28008,1.00,1.87
2017.10.25 23:14:00.775,1.27998,1.28008,1.25,1.87
2017.10.25 23:14:01.466,1.27998,1.28008,1.25,1.87
2017.10.25 23:14:09.029,1.27998,1.28008,1.44,1.50
2017.10.25 23:14:09.549,1.27998,1.28008,1.00,1.50
2017.10.25 23:14:10.478,1.27998,1.28008,1.44,1.87
2017.10.25 23:14:11.049,1.27998,1.28008,1.25,1.50
2017.10.25 23:14:11.633,1.27998,1.28008,1.44,1.50
2017.10.25 23:14:12.204,1.27998,1.28008,1.25,1.50
2017.10.25 23:14:13.208,1.27998,1.28008,1.19,1.50
2017.10.25 23:14:13.742,1.27998,1.28008,1.00,1.50
2017.10.25 23:14:14.382,1.27998,1.28008,1.44,1.50
2017.10.25 23:14:14.954,1.27998,1.28008,1.25,1.50
2017.10.25 23:14:16.733,1.27998,1.28008,1.19,1.50
2017.10.25 23:14:17.237,1.27998,1.28008,1.00,1.50
2017.10.25 23:14:23.883,1.27998,1.28008,1.00,3.37
2017.10.25 23:14:24.883,1.27998,1.28008,1.00,2.62
2017.10.25 23:14:24.934,1.27998,1.28007,1.00,1.00
2017.10.25 23:14:27.481,1.27998,1.28008,1.00,4.87
2017.10.25 23:14:28.535,1.27998,1.28008,1.00,3.75
2017.10.25 23:14:30.514,1.27998,1.28008,1.25,1.87
2017.10.25 23:14:34.552,1.27998,1.28008,1.44,1.12
2017.10.25 23:14:39.432,1.27998,1.28008,1.25,1.00
2017.10.25 23:14:45.517,1.27998,1.28008,1.44,1.37
2017.10.25 23:14:46.178,1.27998,1.28008,1.44,1.12
2017.10.25 23:14:47.591,1.27998,1.28008,1.25,1.12
2017.10.25 23:14:52.281,1.27998,1.28008,1.44,1.00
2017.10.25 23:14:53.535,1.27998,1.28008,1.75,1.00
2017.10.25 23:14:55.157,1.27998,1.28008,1.25,1.00
2017.10.25 23:14:55.259,1.27998,1.28008,1.37,1.00
2017.10.25 23:14:55.776,1.27998,1.28008,1.44,1.87
2017.10.25 23:14:56.278,1.27998,1.28008,1.69,1.00
2017.10.25 23:14:57.898,1.27998,1.28008,1.44,1.00
2017.10.25 23:14:58.607,1.27998,1.28008,1.69,1.00
2017.10.25 23:15:00.997,1.27998,1.28007,1.00,1.00
2017.10.25 23:15:01.646,1.28001,1.2801,1.00,4.50
2017.10.25 23:15:01.749,1.28002,1.28011,1.00,1.00
2017.10.25 23:15:03.209,1.28002,1.2801,1.00,1.00
2017.10.25 23:15:04.999,1.28002,1.2801,1.87,1.00
2017.10.25 23:15:06.999,1.28002,1.2801,2.62,1.00
2017.10.25 23:15:07.593,1.28002,1.2801,2.62,1.00
2017.10.25 23:15:08.289,1.28003,1.2801,2.06,1.00
2017.10.25 23:15:08.878,1.28004,1.28011,1.00,1.00
2017.10.25 23:15:23.724,1.28004,1.28012,1.25,1.00
2017.10.25 23:15:26.283,1.28004,1.28012,1.44,1.00
2017.10.25 23:15:26.861,1.28004,1.28012,1.00,1.00
2017.10.25 23:15:28.619,1.28004,1.28012,1.44,1.00
2017.10.25 23:15:29.171,1.28004,1.28012,1.00,1.00
2017.10.25 23:15:31.441,1.28002,1.28012,2.81,1.00
2017.10.25 23:15:32.201,1.28002,1.28012,2.06,1.12
2017.10.25 23:15:34.660,1.28002,1.2801,2.06,1.00
2017.10.25 23:15:40.000,1.28002,1.2801,2.06,1.00
2017.10.25 23:15:41.987,1.28002,1.2801,1.69,1.00
2017.10.25 23:15:44.010,1.28003,1.2801,1.25,1.00
2017.10.25 23:15:51.876,1.28002,1.2801,2.06,1.00
2017.10.25 23:15:52.968,1.28003,1.2801,1.25,1.00
2017.10.25 23:15:54.020,1.28003,1.2801,1.19,1.00
2017.10.25 23:15:54.699,1.28003,1.2801,1.25,1.00
2017.10.25 23:15:56.339,1.28002,1.2801,2.06,1.00
2017.10.25 23:15:56.757,1.28004,1.2801,1.25,1.00
2017.10.25 23:16:12.016,1.28004,1.28011,1.00,1.00
2017.10.25 23:16:19.415,1.28009,1.28014,1.12,1.00
2017.10.25 23:16:19.468,1.28016,1.28024,1.00,1.12
2017.10.25 23:16:19.571,1.28016,1.28025,1.87,2.25
2017.10.25 23:16:19.622,1.28016,1.28024,1.00,1.12
2017.10.25 23:16:20.139,1.28015,1.28024,3.56,1.12
2017.10.25 23:16:20.747,1.28016,1.28024,1.50,1.00
2017.10.25 23:16:21.290,1.28017,1.28027,2.44,1.00
2017.10.25 23:16:21.471,1.28017,1.28026,1.25,2.62
2017.10.25 23:16:21.829,1.28019,1.28027,1.12,1.00
2017.10.25 23:16:22.272,1.28023,1.28027,1.00,1.00
2017.10.25 23:16:22.325,1.28024,1.2803,1.50,1.50
2017.10.25 23:16:22.377,1.28024,1.28033,1.50,1.00
2017.10.25 23:16:24.112,1.28025,1.28033,1.29,1.00
2017.10.25 23:16:24.811,1.28024,1.28034,1.25,1.87
2017.10.25 23:16:25.352,1.28025,1.28034,1.25,1.00
2017.10.25 23:16:25.455,1.28026,1.28038,1.25,3.19
2017.10.25 23:16:25.507,1.28027,1.28039,1.50,1.25
2017.10.25 23:16:26.041,1.28028,1.28039,1.12,1.00
2017.10.25 23:16:28.485,1.28028,1.28039,1.12,1.00
2017.10.25 23:16:30.348,1.28027,1.28039,1.87,1.00
2017.10.25 23:16:31.019,1.28028,1.28039,1.50,1.00
2017.10.25 23:16:31.243,1.28028,1.28039,1.31,1.00
2017.10.25 23:16:31.747,1.28028,1.28039,1.31,1.00
2017.10.25 23:16:32.444,1.28028,1.28039,1.00,1.00
2017.10.25 23:16:32.497,1.28028,1.28039,1.50,1.00
2017.10.25 23:16:32.989,1.28028,1.28039,1.00,1.00
2017.10.25 23:16:33.765,1.28027,1.28039,1.87,1.00
2017.10.25 23:16:35.509,1.28028,1.28039,1.00,1.00
2017.10.25 23:16:41.792,1.28034,1.28039,1.00,1.00
2017.10.25 23:16:41.997,1.28039,1.28048,1.25,1.00
2017.10.25 23:16:42.354,1.28042,1.28053,1.75,1.12
2017.10.25 23:16:42.903,1.28044,1.28053,1.40,1.25
2017.10.25 23:16:43.109,1.28041,1.28051,1.12,1.25
2017.10.25 23:16:43.646,1.28039,1.28051,2.78,2.62
2017.10.25 23:16:43.906,1.28039,1.28051,2.03,2.62
2017.10.25 23:16:44.469,1.28039,1.2805,2.03,1.25
2017.10.25 23:16:44.640,1.28041,1.2805,1.00,1.00
2017.10.25 23:16:45.173,1.28041,1.28051,1.00,1.25
2017.10.25 23:16:45.677,1.28042,1.2805,1.00,1.00
2017.10.25 23:16:45.998,1.28044,1.28055,1.00,1.69
2017.10.25 23:16:46.305,1.28046,1.28055,1.00,1.31
2017.10.25 23:16:46.815,1.28045,1.28056,1.25,4.31
2017.10.25 23:16:47.121,1.28051,1.2806,1.12,1.00
2017.10.25 23:16:47.637,1.28051,1.28061,1.12,1.50
2017.10.25 23:16:48.097,1.28051,1.28058,1.00,1.00
2017.10.25 23:16:48.432,1.28051,1.28061,1.00,3.19
2017.10.25 23:16:49.935,1.28051,1.28062,1.00,1.12
2017.10.25 23:16:50.736,1.28053,1.28062,1.00,1.00
2017.10.25 23:16:51.692,1.28053,1.28061,1.00,1.00
2017.10.25 23:16:52.211,1.28053,1.28062,1.00,1.00
2017.10.25 23:16:52.721,1.28053,1.28062,1.00,3.19
2017.10.25 23:16:53.774,1.28053,1.28062,1.00,1.25
2017.10.25 23:16:54.642,1.28053,1.28064,1.00,1.00
2017.10.25 23:16:54.693,1.28054,1.28066,1.00,1.87
2017.10.25 23:16:54.897,1.28057,1.28065,1.00,1.00
2017.10.25 23:16:58.976,1.28057,1.28066,1.00,1.12
2017.10.25 23:16:59.230,1.28055,1.28065,1.00,1.25
2017.10.25 23:16:59.888,1.28055,1.28066,1.00,1.50
2017.10.25 23:17:00.109,1.28055,1.28066,1.00,1.50
2017.10.25 23:17:00.262,1.28055,1.28067,1.00,2.62
2017.10.25 23:17:00.789,1.28055,1.28066,1.00,1.44
2017.10.25 23:17:02.719,1.28055,1.28067,1.00,2.62
2017.10.25 23:17:02.895,1.28055,1.28066,1.00,1.37
2017.10.25 23:17:03.382,1.28052,1.28062,1.31,1.25
2017.10.25 23:17:03.435,1.28048,1.2806,4.39,1.31
2017.10.25 23:17:03.487,1.28047,1.2806,1.12,3.56
2017.10.25 23:17:03.539,1.28044,1.28055,2.51,1.00
2017.10.25 23:17:03.912,1.28043,1.28053,1.31,1.00
2017.10.25 23:17:04.416,1.28042,1.28053,1.69,1.00
2017.10.25 23:17:05.099,1.28042,1.28053,1.87,1.00
2017.10.25 23:17:05.737,1.28044,1.28053,1.87,1.00
2017.10.25 23:17:05.942,1.28047,1.28056,1.50,1.00
2017.10.25 23:17:06.830,1.28048,1.28056,1.31,1.00
2017.10.25 23:17:06.882,1.28047,1.28058,1.50,1.00
2017.10.25 23:17:06.985,1.28048,1.28058,1.44,1.00
2017.10.25 23:17:07.591,1.28047,1.28058,1.50,1.00
2017.10.25 23:17:13.792,1.28048,1.28058,1.44,1.00
2017.10.25 23:17:14.294,1.28047,1.28058,1.44,1.00
2017.10.25 23:17:15.185,1.28047,1.28058,1.87,1.00
2017.10.25 23:17:16.637,1.28047,1.28058,2.00,1.00
2017.10.25 23:17:17.806,1.28048,1.28058,1.69,1.00
2017.10.25 23:17:18.486,1.28049,1.28059,1.00,1.00
2017.10.25 23:17:19.040,1.28048,1.28059,1.31,1.00
2017.10.25 23:17:20.569,1.28047,1.28059,1.69,1.00
2017.10.25 23:17:21.703,1.28051,1.28062,1.00,1.25
2017.10.25 23:17:21.939,1.28054,1.28063,1.00,2.44
2017.10.25 23:17:25.512,1.28054,1.28062,1.00,1.00
2017.10.25 23:17:27.918,1.28054,1.28061,1.00,1.19
2017.10.25 23:17:27.969,1.2805,1.28059,1.00,1.69
2017.10.25 23:17:28.021,1.28048,1.28058,1.00,3.00
2017.10.25 23:17:28.151,1.28048,1.28059,1.00,1.00
2017.10.25 23:17:28.661,1.28049,1.28059,1.00,1.44
2017.10.25 23:17:29.339,1.2805,1.28059,1.00,1.44
2017.10.25 23:17:30.352,1.28049,1.28059,1.00,2.06
2017.10.25 23:17:30.403,1.2805,1.2806,1.00,1.00
2017.10.25 23:17:31.274,1.2805,1.28062,1.00,2.25
2017.10.25 23:17:31.580,1.28052,1.28062,1.00,1.25
2017.10.25 23:17:32.090,1.28052,1.28064,1.00,3.19
2017.10.25 23:17:32.714,1.28052,1.28063,1.00,2.81
2017.10.25 23:17:35.521,1.28052,1.28059,1.00,1.25
2017.10.25 23:17:35.573,1.28045,1.28056,1.00,1.25
2017.10.25 23:17:35.625,1.28047,1.28058,1.69,1.50
2017.10.25 23:17:35.816,1.28048,1.2806,1.00,2.06
2017.10.25 23:17:36.897,1.28048,1.2806,1.00,1.87
2017.10.25 23:17:38.041,1.28049,1.2806,1.00,1.87
2017.10.25 23:17:38.777,1.2805,1.2806,1.00,1.44
2017.10.25 23:17:42.108,1.28051,1.28058,1.00,1.00
2017.10.25 23:17:42.699,1.28051,1.28059,1.00,1.50
2017.10.25 23:17:44.279,1.28051,1.2806,1.00,2.25
2017.10.25 23:17:45.651,1.28047,1.28057,1.69,1.50
2017.10.25 23:17:46.650,1.28047,1.28057,1.00,1.50
2017.10.25 23:17:48.102,1.28047,1.28057,1.00,1.37
2017.10.25 23:17:48.431,1.28048,1.28058,1.25,1.69
2017.10.25 23:17:48.738,1.28046,1.28058,2.44,2.62
2017.10.25 23:17:49.492,1.28047,1.28058,1.25,3.00
2017.10.25 23:17:52.054,1.28046,1.28058,2.44,1.50
2017.10.25 23:17:57.179,1.28047,1.28058,1.25,2.44
2017.10.25 23:18:00.123,1.28047,1.28056,1.25,1.00
2017.10.25 23:18:00.626,1.28046,1.28055,1.69,1.00
2017.10.25 23:18:04.020,1.28047,1.28055,1.00,1.00
2017.10.25 23:18:04.692,1.28046,1.28055,1.25,1.00
2017.10.25 23:18:06.737,1.28054,1.28061,1.12,1.00
2017.10.25 23:18:06.896,1.28059,1.28071,1.47,1.00
2017.10.25 23:18:07.409,1.2806,1.28072,1.57,1.00
2017.10.25 23:18:08.309,1.2806,1.28071,1.00,1.69
2017.10.25 23:18:08.740,1.28058,1.28068,1.50,1.25
2017.10.25 23:18:09.199,1.28057,1.28065,1.12,1.25
2017.10.25 23:18:09.250,1.28054,1.28064,1.00,1.25
2017.10.25 23:18:09.353,1.28052,1.28062,1.00,1.00
2017.10.25 23:18:09.885,1.2805,1.28061,2.44,1.00
2017.10.25 23:18:10.412,1.2805,1.28061,2.62,1.00
2017.10.25 23:18:10.991,1.28053,1.28061,1.62,1.00
2017.10.25 23:18:11.332,1.28051,1.28061,1.69,1.00
2017.10.25 23:18:12.019,1.28051,1.28063,2.44,1.00
2017.10.25 23:18:12.223,1.28051,1.28063,3.19,1.00
2017.10.25 23:18:12.899,1.28054,1.28063,1.44,1.00
2017.10.25 23:18:13.001,1.28053,1.28063,1.31,1.00
2017.10.25 23:18:13.467,1.28051,1.28061,2.62,1.00
2017.10.25 23:18:13.971,1.28051,1.28061,1.69,1.00
2017.10.25 23:18:14.890,1.28054,1.28062,1.25,1.00
2017.10.25 23:18:15.493,1.28054,1.28062,1.62,1.00
2017.10.25 23:18:17.472,1.28051,1.2806,1.00,1.00
2017.10.25 23:18:18.159,1.2805,1.2806,1.50,1.00
2017.10.25 23:18:18.773,1.28051,1.28061,1.37,1.00
2017.10.25 23:18:19.313,1.28052,1.28062,1.12,1.00
2017.10.25 23:18:19.534,1.28055,1.28062,1.00,1.00
2017.10.25 23:18:19.636,1.28053,1.28062,1.50,1.00
2017.10.25 23:18:20.138,1.28053,1.28062,1.37,1.00
2017.10.25 23:18:20.528,1.28053,1.28064,1.52,1.00
2017.10.25 23:18:21.536,1.28053,1.28064,1.27,1.00
2017.10.25 23:18:22.126,1.28053,1.28064,1.69,1.00
2017.10.25 23:18:23.699,1.28055,1.28064,1.25,1.00
2017.10.25 23:18:24.363,1.28055,1.28064,1.69,1.00
2017.10.25 23:18:25.068,1.28055,1.28064,1.25,1.00
2017.10.25 23:18:26.347,1.28055,1.28067,1.19,2.44
2017.10.25 23:18:26.960,1.28055,1.28067,1.19,1.69
2017.10.25 23:18:28.861,1.28054,1.28064,2.06,1.00
2017.10.25 23:18:29.168,1.28052,1.28062,2.06,1.50
2017.10.25 23:18:29.587,1.28055,1.28064,1.00,1.00
2017.10.25 23:18:30.021,1.28052,1.28063,2.44,1.00
2017.10.25 23:18:30.123,1.28054,1.28064,1.31,1.00
2017.10.25 23:18:30.709,1.28053,1.28064,2.44,1.00
2017.10.25 23:18:31.314,1.28054,1.28064,1.31,1.00
2017.10.25 23:18:33.984,1.28054,1.28064,1.25,1.00
2017.10.25 23:18:35.291,1.28053,1.28064,2.06,1.12
2017.10.25 23:18:36.703,1.28053,1.28064,2.06,1.12
2017.10.25 23:18:37.308,1.28053,1.28064,1.12,1.50
2017.10.25 23:18:39.672,1.28053,1.28063,1.31,1.00
2017.10.25 23:18:40.280,1.28053,1.28063,1.31,1.00
2017.10.25 23:18:42.146,1.28053,1.28062,1.12,1.00
2017.10.25 23:18:46.201,1.28053,1.28062,1.56,1.00
2017.10.25 23:18:46.303,1.28053,1.28064,1.62,1.31
2017.10.25 23:18:46.887,1.28053,1.28064,1.31,1.25
2017.10.25 23:18:48.580,1.28053,1.28064,1.62,1.25
2017.10.25 23:18:48.682,1.28056,1.28065,1.00,1.00
2017.10.25 23:18:48.940,1.28056,1.28067,1.31,1.00
2017.10.25 23:18:52.224,1.28054,1.28067,3.19,1.25
2017.10.25 23:18:52.379,1.28062,1.28074,1.00,2.81
2017.10.25 23:18:52.482,1.28062,1.28073,1.31,2.06
2017.10.25 23:18:52.993,1.28062,1.28073,1.16,1.50
2017.10.25 23:18:53.577,1.28062,1.28073,1.28,2.06
2017.10.25 23:18:54.165,1.28061,1.28073,1.16,1.87
2017.10.25 23:18:54.688,1.28061,1.28073,1.16,3.19
2017.10.25 23:18:55.110,1.28061,1.28073,1.19,3.19
2017.10.25 23:18:56.799,1.28061,1.28073,1.19,2.44
2017.10.25 23:18:57.395,1.28061,1.28073,1.19,2.44
2017.10.25 23:18:58.986,1.28061,1.28073,1.19,2.44
2017.10.25 23:18:59.355,1.28061,1.28073,1.19,3.19
2017.10.25 23:19:00.207,1.2806,1.28073,1.31,2.25
2017.10.25 23:19:00.839,1.2806,1.28073,1.19,2.06
2017.10.25 23:19:02.630,1.2806,1.28073,1.31,2.06
2017.10.25 23:19:03.531,1.2806,1.28073,1.19,2.44
2017.10.25 23:19:03.735,1.28078,1.28082,1.00,1.42
2017.10.25 23:19:03.897,1.28088,1.28095,1.12,1.00
2017.10.25 23:19:04.054,1.28085,1.28094,3.19,1.00
2017.10.25 23:19:04.207,1.28084,1.28089,1.00,1.50
2017.10.25 23:19:04.360,1.28071,1.28078,1.00,1.00
2017.10.25 23:19:04.514,1.28071,1.28076,1.00,1.00
2017.10.25 23:19:04.617,1.28068,1.28076,1.25,1.00
2017.10.25 23:19:05.167,1.28067,1.28077,1.25,1.00
2017.10.25 23:19:05.612,1.28064,1.28074,1.66,1.00
2017.10.25 23:19:05.714,1.28062,1.28073,1.25,1.00
2017.10.25 23:19:05.816,1.2806,1.2807,1.28,1.00
2017.10.25 23:19:06.123,1.28052,1.2806,1.00,1.00
2017.10.25 23:19:06.233,1.28049,1.2806,1.50,1.00
2017.10.25 23:19:06.284,1.28049,1.28057,1.03,1.00
2017.10.25 23:19:06.438,1.28047,1.28057,1.00,1.00
2017.10.25 23:19:06.540,1.28045,1.28057,1.69,1.00
2017.10.25 23:19:06.591,1.28056,1.2806,1.00,1.69
2017.10.25 23:19:06.643,1.28067,1.28074,1.50,1.50
2017.10.25 23:19:06.695,1.28067,1.28078,2.62,1.00
2017.10.25 23:19:06.747,1.28072,1.28079,1.00,1.00
2017.10.25 23:19:06.799,1.2807,1.2808,1.00,1.00
2017.10.25 23:19:07.055,1.28068,1.28081,1.57,1.00
2017.10.25 23:19:07.107,1.28074,1.28081,1.00,1.00
2017.10.25 23:19:07.158,1.28073,1.28083,1.50,1.00
2017.10.25 23:19:07.416,1.28072,1.2808,1.00,1.00
2017.10.25 23:19:07.468,1.2807,1.2808,1.00,1.00
2017.10.25 23:19:07.572,1.28068,1.28079,1.00,1.00
2017.10.25 23:19:07.776,1.28065,1.28073,1.00,1.00
2017.10.25 23:19:07.984,1.28065,1.28076,2.99,1.00
2017.10.25 23:19:08.036,1.28066,1.28074,1.00,1.00
2017.10.25 23:19:08.088,1.28064,1.28074,1.25,1.00
2017.10.25 23:19:08.594,1.28063,1.28074,4.66,1.00
2017.10.25 23:19:08.753,1.28064,1.28074,1.40,1.00
2017.10.25 23:19:09.200,1.28063,1.28074,1.65,1.00
2017.10.25 23:19:09.914,1.28063,1.28073,1.00,1.69
2017.10.25 23:19:12.230,1.28064,1.28073,1.00,1.00
2017.10.25 23:19:12.757,1.28063,1.28073,1.00,1.69
2017.10.25 23:19:14.174,1.28064,1.28073,1.00,1.50
2017.10.25 23:19:14.531,1.28068,1.28074,1.00,1.25
2017.10.25 23:19:14.788,1.28066,1.28073,1.00,1.00
2017.10.25 23:19:16.351,1.28066,1.28074,1.50,1.25
2017.10.25 23:19:17.413,1.28064,1.28073,1.50,1.25
2017.10.25 23:19:19.790,1.28062,1.28073,2.44,1.50
2017.10.25 23:19:19.842,1.28065,1.28073,1.00,1.69
2017.10.25 23:19:20.386,1.28062,1.28072,2.44,1.00
2017.10.25 23:19:20.438,1.28064,1.28073,1.25,1.31
2017.10.25 23:19:20.772,1.28066,1.28074,1.00,3.19
2017.10.25 23:19:20.982,1.28062,1.28074,3.37,3.37
2017.10.25 23:19:21.034,1.28065,1.28074,1.25,3.19
2017.10.25 23:19:21.555,1.28062,1.28073,3.37,1.00
2017.10.25 23:19:21.658,1.28065,1.28074,1.00,1.62
2017.10.25 23:19:22.145,1.28062,1.28074,1.87,1.69
2017.10.25 23:19:22.196,1.28065,1.28074,1.25,3.19
2017.10.25 23:19:22.703,1.28062,1.28073,2.62,1.62
2017.10.25 23:19:22.806,1.28065,1.28073,1.25,1.31
2017.10.25 23:19:23.339,1.28062,1.28074,1.12,1.50
2017.10.25 23:19:23.441,1.28064,1.28074,1.25,2.00
2017.10.25 23:19:23.968,1.28062,1.28074,1.12,1.69
2017.10.25 23:19:24.020,1.28065,1.28073,1.25,1.00
2017.10.25 23:19:24.562,1.28062,1.28073,1.12,1.50
2017.10.25 23:19:25.240,1.28062,1.28073,1.25,2.00
2017.10.25 23:19:26.872,1.28064,1.28074,1.25,1.25
2017.10.25 23:19:29.911,1.28063,1.28075,1.69,1.19
2017.10.25 23:19:32.947,1.28064,1.28074,1.00,1.00
2017.10.25 23:19:33.792,1.28063,1.28074,1.50,1.00
2017.10.25 23:19:34.947,1.28062,1.28073,1.50,2.44
2017.10.25 23:19:38.026,1.28063,1.28073,1.25,1.50
2017.10.25 23:19:38.789,1.28063,1.28073,1.44,2.25
2017.10.25 23:19:39.451,1.28063,1.28073,1.25,2.25
2017.10.25 23:19:42.488,1.28062,1.28073,1.87,1.50
2017.10.25 23:19:42.691,1.28063,1.28073,1.44,2.25
2017.10.25 23:19:43.018,1.28062,1.28073,1.50,1.50
2017.10.25 23:19:43.694,1.28063,1.28073,1.00,2.44
2017.10.25 23:19:44.455,1.28061,1.28073,1.69,4.69
2017.10.25 23:19:44.508,1.28059,1.2807,2.70,1.12
2017.10.25 23:19:45.264,1.28061,1.2807,1.25,1.00
2017.10.25 23:19:45.789,1.2806,1.28071,1.25,2.44
2017.10.25 23:19:46.393,1.2806,1.28071,1.00,1.31
2017.10.25 23:19:47.949,1.2806,1.28071,1.25,2.25
2017.10.25 23:19:49.010,1.2806,1.28071,1.00,2.25
2017.10.25 23:19:49.735,1.2806,1.2807,1.00,1.00
2017.10.25 23:19:50.217,1.2806,1.28068,1.00,1.00
2017.10.25 23:19:50.270,1.28057,1.28069,1.00,1.50
2017.10.25 23:19:50.474,1.28058,1.2807,1.00,1.25
2017.10.25 23:19:50.629,1.28059,1.2807,1.69,1.25
2017.10.25 23:19:51.037,1.28058,1.2807,1.00,1.69
2017.10.25 23:19:51.591,1.28059,1.28072,1.00,1.25
2017.10.25 23:19:51.643,1.28059,1.28072,2.06,1.31
2017.10.25 23:19:52.380,1.2806,1.28072,1.25,1.37
2017.10.25 23:19:52.783,1.28062,1.28074,1.12,1.12
2017.10.25 23:19:52.994,1.28065,1.28076,1.00,1.62
2017.10.25 23:19:53.097,1.28065,1.28077,1.50,3.75
2017.10.25 23:19:56.607,1.28065,1.28077,1.50,2.25
2017.10.25 23:20:00.191,1.28063,1.28076,1.69,1.69
2017.10.25 23:20:00.293,1.28063,1.28076,2.53,2.62
2017.10.25 23:20:00.344,1.28063,1.28076,1.50,2.25
2017.10.25 23:20:00.499,1.28063,1.28074,1.00,1.00
2017.10.25 23:20:01.094,1.28063,1.28072,1.00,1.00
2017.10.25 23:20:01.613,1.28063,1.28073,1.00,1.00
2017.10.25 23:20:03.556,1.28062,1.28071,1.00,1.00
2017.10.25 23:20:05.957,1.28061,1.28071,1.50,1.00
2017.10.25 23:20:09.270,1.28061,1.28071,1.00,1.87
2017.10.25 23:20:09.792,1.28059,1.28069,1.00,1.00
2017.10.25 23:20:10.691,1.28059,1.28069,1.44,1.00
2017.10.25 23:20:11.323,1.28059,1.28069,1.00,1.00
2017.10.25 23:20:12.896,1.28059,1.28069,1.44,1.00
2017.10.25 23:20:13.582,1.28059,1.28069,1.25,1.00
2017.10.25 23:20:14.211,1.28057,1.28067,1.00,1.00
2017.10.25 23:20:14.460,1.28052,1.28064,1.00,1.62
2017.10.25 23:20:14.672,1.2805,1.28063,2.62,1.00
2017.10.25 23:20:14.931,1.28051,1.28063,1.87,1.00
2017.10.25 23:20:14.982,1.28051,1.28065,1.37,1.12
2017.10.25 23:20:15.563,1.28052,1.28065,1.37,1.00
2017.10.25 23:20:17.221,1.28055,1.28067,1.50,1.12
2017.10.25 23:20:17.374,1.28056,1.2807,1.62,1.87
2017.10.25 23:20:17.426,1.28057,1.28069,1.56,1.00
2017.10.25 23:20:17.477,1.28056,1.28071,2.06,2.62
2017.10.25 23:20:17.992,1.28057,1.28072,2.81,1.31
2017.10.25 23:20:18.146,1.28061,1.28073,1.00,3.00
2017.10.25 23:20:18.454,1.28063,1.28073,1.00,1.31
2017.10.25 23:20:19.031,1.28063,1.28073,1.00,1.31
2017.10.25 23:20:20.912,1.28063,1.2807,1.00,1.00
2017.10.25 23:20:20.964,1.2806,1.28069,1.00,1.31
2017.10.25 23:20:21.504,1.2806,1.28068,1.00,1.00
2017.10.25 23:20:22.407,1.2806,1.2807,1.00,1.87
2017.10.25 23:20:24.980,1.2806,1.28069,1.00,1.44
2017.10.25 23:20:25.461,1.2806,1.2807,1.00,1.12
2017.10.25 23:20:26.495,1.2806,1.2807,1.00,1.37
2017.10.25 23:20:27.026,1.2806,1.2807,1.00,1.12
2017.10.25 23:20:27.576,1.2806,1.2807,1.00,1.50
2017.10.25 23:20:28.120,1.2806,1.2807,1.00,1.50
2017.10.25 23:20:31.587,1.2806,1.2807,1.00,1.50
2017.10.25 23:20:33.198,1.2806,1.2807,1.00,1.50
2017.10.25 23:20:34.389,1.2806,1.28071,2.25,1.00
2017.10.25 23:20:34.993,1.2806,1.28071,2.25,1.37
2017.10.25 23:20:35.539,1.2806,1.28071,1.50,1.25
2017.10.25 23:20:36.103,1.2806,1.28071,2.25,1.19
2017.10.25 23:20:37.534,1.2806,1.28071,1.50,1.00
2017.10.25 23:20:37.896,1.28061,1.28073,1.44,1.50
2017.10.25 23:20:38.415,1.28062,1.28073,1.00,1.37
2017.10.25 23:20:38.984,1.28062,1.28073,1.25,1.12
2017.10.25 23:20:40.630,1.28062,1.28074,1.00,2.00
2017.10.25 23:20:43.553,1.28062,1.28074,1.00,1.69
2017.10.25 23:20:44.298,1.28062,1.28074,1.00,1.31
2017.10.25 23:20:44.691,1.28062,1.28072,1.00,1.00
2017.10.25 23:20:46.152,1.28062,1.2807,1.00,1.12
2017.10.25 23:20:47.280,1.28062,1.28071,1.00,2.06
2017.10.25 23:20:47.905,1.28062,1.28071,1.00,1.31
2017.10.25 23:20:48.934,1.28062,1.28071,1.00,1.25
2017.10.25 23:20:50.851,1.28062,1.28071,1.00,1.50
2017.10.25 23:20:54.778,1.28062,1.28071,1.00,1.12
2017.10.25 23:20:55.788,1.28062,1.28072,1.00,2.06
2017.10.25 23:20:56.606,1.28062,1.28072,1.00,1.87
2017.10.25 23:20:59.016,1.28062,1.2807,1.00,1.12
2017.10.25 23:21:04.983,1.28062,1.28073,1.00,3.37
2017.10.25 23:21:05.034,1.28059,1.28073,1.31,3.37
2017.10.25 23:21:05.623,1.28059,1.28073,1.25,2.00
2017.10.25 23:21:06.149,1.28059,1.28071,1.25,1.25
2017.10.25 23:21:06.734,1.28059,1.28071,1.44,1.50
2017.10.25 23:21:08.650,1.28059,1.28072,1.44,1.00
2017.10.25 23:21:09.170,1.28061,1.28073,1.00,1.69
2017.10.25 23:21:10.159,1.28061,1.28072,1.00,2.44
2017.10.25 23:21:10.776,1.28061,1.28073,1.00,3.19
2017.10.25 23:21:14.309,1.28061,1.28071,1.00,1.00
2017.10.25 23:21:14.850,1.28061,1.28072,1.00,1.12
2017.10.25 23:21:15.368,1.2806,1.28071,1.00,1.69
2017.10.25 23:21:16.562,1.2806,1.28072,1.00,1.12
2017.10.25 23:21:17.073,1.2806,1.28071,1.00,1.12
2017.10.25 23:21:17.579,1.2806,1.28072,1.25,3.56
2017.10.25 23:21:27.333,1.2806,1.28073,1.00,5.06
2017.10.25 23:21:31.459,1.2806,1.2807,1.50,1.00
2017.10.25 23:21:31.764,1.28059,1.28068,1.00,1.25
2017.10.25 23:21:32.344,1.28058,1.28068,1.00,1.50
2017.10.25 23:21:41.432,1.2806,1.2807,1.25,1.00
2017.10.25 23:21:47.014,1.2806,1.2807,1.00,1.50
2017.10.25 23:21:47.529,1.2806,1.2807,1.00,1.31
2017.10.25 23:21:48.120,1.2806,1.2807,1.00,1.69
2017.10.25 23:21:48.430,1.28062,1.2807,1.00,1.19
2017.10.25 23:21:48.534,1.28062,1.28071,1.00,1.69
2017.10.25 23:21:49.178,1.28062,1.28071,1.00,2.62
2017.10.25 23:21:51.212,1.28062,1.28071,1.00,2.62
2017.10.25 23:21:56.401,1.28062,1.28071,1.00,1.25
2017.10.25 23:21:57.163,1.28063,1.28071,1.00,1.25
2017.10.25 23:21:59.802,1.28059,1.28068,1.00,1.00
2017.10.25 23:22:00.450,1.28058,1.28064,1.00,1.87
2017.10.25 23:22:01.325,1.28059,1.28063,1.00,1.25
2017.10.25 23:22:04.709,1.2806,1.28064,1.12,1.50
2017.10.25 23:22:04.760,1.28069,1.28073,1.00,1.50
2017.10.25 23:22:04.811,1.28071,1.28075,1.00,1.00
2017.10.25 23:22:04.863,1.28073,1.28081,1.00,1.12
2017.10.25 23:22:05.380,1.28073,1.2808,1.00,1.00
2017.10.25 23:22:06.020,1.28073,1.28081,1.50,1.12
2017.10.25 23:22:06.529,1.28073,1.2808,1.50,1.00
2017.10.25 23:22:07.108,1.28073,1.28081,1.50,1.00
2017.10.25 23:22:07.622,1.28073,1.2808,1.50,1.00
2017.10.25 23:22:08.131,1.28074,1.28081,1.00,1.37
2017.10.25 23:22:12.497,1.28074,1.28081,1.00,1.87
2017.10.25 23:22:13.486,1.28073,1.28081,1.00,1.50
2017.10.25 23:22:17.897,1.28073,1.2808,1.00,1.00
2017.10.25 23:22:22.084,1.28073,1.28081,1.00,2.25
2017.10.25 23:22:22.670,1.28073,1.2808,1.00,1.00
2017.10.25 23:22:23.345,1.28073,1.28081,1.00,2.25
2017.10.25 23:22:23.765,1.28076,1.28084,1.00,1.50
2017.10.25 23:22:24.071,1.28083,1.28089,1.00,2.62
2017.10.25 23:22:26.647,1.28082,1.28088,1.00,1.00
2017.10.25 23:22:26.801,1.2808,1.2809,1.00,3.94
2017.10.25 23:22:26.904,1.28077,1.28087,2.06,1.00
2017.10.25 23:22:26.955,1.28076,1.28086,1.12,1.87
2017.10.25 23:22:27.262,1.28085,1.2809,1.00,1.50
2017.10.25 23:22:27.314,1.28082,1.28091,1.00,1.00
2017.10.25 23:22:27.927,1.28083,1.2809,1.00,1.00
2017.10.25 23:22:29.259,1.28083,1.28091,1.00,1.69
2017.10.25 23:22:29.798,1.28084,1.28091,1.00,2.62
2017.10.25 23:22:30.299,1.28084,1.28091,1.00,2.44
2017.10.25 23:22:31.020,1.28084,1.28091,1.00,2.44
2017.10.25 23:22:31.788,1.28084,1.28091,1.00,2.44
2017.10.25 23:22:33.169,1.28083,1.2809,1.25,1.00
2017.10.25 23:22:33.716,1.28083,1.28091,1.25,1.50
2017.10.25 23:22:34.244,1.28083,1.28091,1.25,1.50
2017.10.25 23:22:34.762,1.28084,1.28091,1.25,1.00
2017.10.25 23:22:35.290,1.28083,1.28091,1.25,1.00
2017.10.25 23:22:35.875,1.28083,1.28092,1.25,3.00
2017.10.25 23:22:36.533,1.28083,1.28091,1.25,1.00
2017.10.25 23:22:37.069,1.28084,1.28091,1.25,1.37
2017.10.25 23:22:37.953,1.28084,1.28091,1.25,1.12
2017.10.25 23:22:38.521,1.28083,1.2809,1.25,1.00
2017.10.25 23:22:40.579,1.28081,1.28092,1.00,3.00
2017.10.25 23:22:41.122,1.2808,1.28092,1.00,2.81
2017.10.25 23:22:41.724,1.2808,1.28091,1.00,1.37
2017.10.25 23:22:42.245,1.2808,1.28091,1.00,1.12
2017.10.25 23:22:42.897,1.2808,1.28091,1.00,2.25
2017.10.25 23:22:43.699,1.2808,1.28091,1.00,1.87
2017.10.25 23:22:44.308,1.2808,1.28091,1.00,1.87
2017.10.25 23:22:44.902,1.2808,1.28091,1.00,1.12
2017.10.25 23:22:46.945,1.2808,1.28091,1.00,1.87
2017.10.25 23:22:47.611,1.2808,1.28091,1.00,1.12
2017.10.25 23:22:49.002,1.2808,1.28091,1.12,1.50
2017.10.25 23:22:50.431,1.28083,1.28092,1.00,1.00
2017.10.25 23:22:50.949,1.28082,1.28093,1.87,1.25
2017.10.25 23:22:51.793,1.28083,1.28092,1.25,1.50
2017.10.25 23:22:52.565,1.28083,1.28093,1.00,1.25
2017.10.25 23:22:53.794,1.28083,1.28094,1.25,1.50
2017.10.25 23:22:57.299,1.28082,1.28092,1.00,1.25
2017.10.25 23:23:00.596,1.28081,1.28092,1.00,1.50
2017.10.25 23:23:01.195,1.28081,1.28091,1.25,1.00
2017.10.25 23:23:01.905,1.28081,1.28091,1.44,1.00
2017.10.25 23:23:02.438,1.28081,1.28091,1.00,1.69
2017.10.25 23:23:03.938,1.28081,1.28091,1.00,1.87
2017.10.25 23:23:04.497,1.28081,1.28091,1.00,1.00
2017.10.25 23:23:11.843,1.28081,1.28091,1.00,2.06
2017.10.25 23:23:12.826,1.28081,1.28091,1.00,2.06
2017.10.25 23:23:14.695,1.28081,1.28091,1.00,1.87
2017.10.25 23:23:15.208,1.28079,1.28089,1.69,1.25
2017.10.25 23:23:15.310,1.28078,1.28088,1.00,1.69
2017.10.25 23:23:15.834,1.28077,1.28087,1.00,1.87
2017.10.25 23:23:17.293,1.28074,1.28087,1.87,1.50
2017.10.25 23:23:17.395,1.28074,1.28087,1.31,1.87
2017.10.25 23:23:22.425,1.28074,1.28087,1.62,1.69
2017.10.25 23:23:23.243,1.28074,1.28087,1.69,1.69
2017.10.25 23:23:27.678,1.28074,1.28087,1.62,1.69
2017.10.25 23:23:28.717,1.28074,1.28087,1.69,1.69
2017.10.25 23:23:29.950,1.28074,1.28087,1.62,1.69
2017.10.25 23:23:30.521,1.28074,1.28087,1.69,1.87
2017.10.25 23:23:31.031,1.28074,1.28087,1.87,2.44
2017.10.25 23:23:31.715,1.28074,1.28087,1.69,1.87
2017.10.25 23:23:35.241,1.28074,1.28087,1.69,1.87
2017.10.25 23:23:36.150,1.28074,1.28087,1.87,2.44
2017.10.25 23:23:36.644,1.28074,1.28087,1.69,2.81
2017.10.25 23:23:37.152,1.28074,1.28087,1.62,2.81
2017.10.25 23:23:41.959,1.28074,1.28087,1.31,2.81
2017.10.25 23:23:44.581,1.28074,1.28087,1.12,1.87
2017.10.25 23:23:45.410,1.28074,1.28087,1.31,1.00
2017.10.25 23:23:48.812,1.28074,1.28087,1.50,1.00
2017.10.25 23:23:49.322,1.28074,1.28087,1.50,1.00
2017.10.25 23:23:50.594,1.28074,1.28087,2.62,1.37
2017.10.25 23:23:51.198,1.28073,1.28087,5.25,1.31
2017.10.25 23:23:52.056,1.28073,1.28087,5.25,1.31
2017.10.25 23:23:52.728,1.28074,1.28087,2.62,1.37
2017.10.25 23:23:53.342,1.28075,1.28087,1.87,1.12
2017.10.25 23:23:55.425,1.28075,1.28087,1.25,1.00
2017.10.25 23:23:55.941,1.28074,1.28087,5.25,1.12
2017.10.25 23:23:55.993,1.28075,1.28085,1.37,1.00
2017.10.25 23:23:57.451,1.28075,1.28085,1.50,1.00
2017.10.25 23:24:04.307,1.28075,1.28085,1.50,1.00
2017.10.25 23:24:05.960,1.28075,1.28085,1.12,1.00
2017.10.25 23:24:09.476,1.28076,1.28085,1.50,1.00
2017.10.25 23:24:09.578,1.28075,1.28085,2.62,1.00
2017.10.25 23:24:10.080,1.28079,1.28088,1.87,1.00
2017.10.25 23:24:10.183,1.28082,1.28092,1.25,1.12
2017.10.25 23:24:10.817,1.28081,1.28092,1.12,1.00
2017.10.25 23:24:11.899,1.2808,1.28092,1.31,1.50
2017.10.25 23:24:14.211,1.28079,1.28091,1.50,1.00
2017.10.25 23:24:14.313,1.28078,1.28089,1.12,1.00
2017.10.25 23:24:15.389,1.28079,1.28089,1.87,1.00
2017.10.25 23:24:17.069,1.28078,1.28089,2.00,1.00
2017.10.25 23:24:23.423,1.28079,1.28089,1.75,1.00
2017.10.25 23:24:23.526,1.28078,1.2809,2.44,1.00
2017.10.25 23:24:24.074,1.28079,1.2809,1.44,1.50
2017.10.25 23:24:26.604,1.28079,1.2809,1.25,1.00
2017.10.25 23:24:27.289,1.28079,1.2809,1.44,1.69
2017.10.25 23:24:27.919,1.28078,1.2809,2.62,1.00
2017.10.25 23:24:30.150,1.28078,1.2809,2.81,1.00
2017.10.25 23:24:31.425,1.28078,1.2809,2.81,1.50
2017.10.25 23:24:32.619,1.28081,1.28091,1.00,1.00
2017.10.25 23:24:32.723,1.28082,1.28094,1.44,1.00
2017.10.25 23:24:33.270,1.28082,1.28095,1.50,2.06
2017.10.25 23:24:34.395,1.28082,1.28095,1.50,3.37
2017.10.25 23:24:34.746,1.28081,1.28091,1.00,1.00
2017.10.25 23:24:35.052,1.2808,1.28089,1.62,1.00
2017.10.25 23:24:37.777,1.2808,1.28089,1.12,1.00
2017.10.25 23:24:41.803,1.2808,1.28089,1.37,1.00
2017.10.25 23:24:42.330,1.2808,1.28089,1.50,1.00
2017.10.25 23:24:55.780,1.28081,1.28092,1.50,1.00
2017.10.25 23:24:55.886,1.28081,1.28092,2.06,1.00
2017.10.25 23:24:57.020,1.28081,1.28091,1.12,1.00
2017.10.25 23:24:57.893,1.2808,1.28092,1.87,1.25
2017.10.25 23:25:00.790,1.2808,1.2809,1.00,1.25
2017.10.25 23:25:01.400,1.28078,1.2809,1.69,1.25
2017.10.25 23:25:02.627,1.28078,1.2809,1.50,1.44
2017.10.25 23:25:03.259,1.28078,1.2809,1.69,1.25
2017.10.25 23:25:03.568,1.28078,1.2809,1.12,1.56
2017.10.25 23:25:04.023,1.28078,1.2809,1.12,1.31
2017.10.25 23:25:04.578,1.28078,1.2809,1.12,1.31
2017.10.25 23:25:05.671,1.28078,1.2809,1.31,1.37
2017.10.25 23:25:06.071,1.28078,1.2809,1.12,1.00
2017.10.25 23:25:06.616,1.28078,1.2809,1.87,1.69
2017.10.25 23:25:06.744,1.28081,1.28092,1.25,2.44
2017.10.25 23:25:07.254,1.2808,1.28091,1.25,1.00
2017.10.25 23:25:11.549,1.28081,1.28093,1.50,1.00
2017.10.25 23:25:12.058,1.28082,1.28093,1.00,1.00
2017.10.25 23:25:20.889,1.28081,1.28093,1.87,1.00
2017.10.25 23:25:21.853,1.28081,1.28093,1.81,1.00
2017.10.25 23:25:23.938,1.28081,1.28093,2.62,1.25
2017.10.25 23:25:24.833,1.28081,1.28093,2.62,1.00
2017.10.25 23:25:26.298,1.28081,1.28093,4.50,1.00
2017.10.25 23:25:29.010,1.28081,1.28093,2.25,1.00
2017.10.25 23:25:31.052,1.28081,1.28093,2.06,1.00
2017.10.25 23:25:31.154,1.28081,1.28093,2.25,1.25
2017.10.25 23:25:31.603,1.2808,1.28089,1.50,1.00
2017.10.25 23:25:31.909,1.28083,1.28089,1.00,1.00
2017.10.25 23:25:35.979,1.28082,1.28089,1.50,1.00
2017.10.25 23:25:36.609,1.28082,1.28089,1.50,1.00
2017.10.25 23:25:43.012,1.28082,1.28089,1.00,1.00
2017.10.25 23:25:43.621,1.28082,1.28089,1.69,1.00
2017.10.25 23:25:44.281,1.28082,1.28089,1.31,1.00
2017.10.25 23:25:52.754,1.28081,1.28091,2.06,1.00
2017.10.25 23:25:52.907,1.28081,1.2809,1.00,1.00
2017.10.25 23:26:00.581,1.28078,1.28089,1.68,1.00
2017.10.25 23:26:00.683,1.28078,1.28087,1.50,1.00
2017.10.25 23:26:01.137,1.28078,1.28087,1.75,1.00
2017.10.25 23:26:04.650,1.28078,1.28087,1.12,1.00
2017.10.25 23:26:05.152,1.28078,1.28087,1.50,1.00
2017.10.25 23:26:08.887,1.28078,1.28088,1.50,1.00
2017.10.25 23:26:08.939,1.28075,1.28087,5.06,1.00
2017.10.25 23:26:08.990,1.28076,1.28085,1.25,1.00
2017.10.25 23:26:09.042,1.28072,1.28084,2.25,1.12
2017.10.25 23:26:09.195,1.28073,1.28081,1.00,1.00
2017.10.25 23:26:10.132,1.28073,1.28082,1.00,1.00
2017.10.25 23:26:10.666,1.28071,1.28082,2.25,1.00
2017.10.25 23:26:11.984,1.28072,1.28083,1.87,1.00
2017.10.25 23:26:12.696,1.28072,1.28083,2.06,1.00
2017.10.25 23:26:13.216,1.28072,1.28083,1.87,1.00
2017.10.25 23:26:19.010,1.28072,1.28083,1.25,1.00
2017.10.25 23:26:19.627,1.28072,1.28083,1.37,1.00
2017.10.25 23:26:22.892,1.28072,1.28083,1.69,1.00
2017.10.25 23:26:22.943,1.28072,1.28083,1.87,1.00
2017.10.25 23:26:30.027,1.28071,1.28083,2.25,1.00
2017.10.25 23:26:30.977,1.28071,1.28083,1.12,1.00
2017.10.25 23:26:35.772,1.28073,1.28083,1.25,1.00
2017.10.25 23:26:36.463,1.28071,1.28083,4.69,1.00
2017.10.25 23:26:38.040,1.28071,1.28083,4.12,1.25
2017.10.25 23:26:39.652,1.28072,1.28082,1.37,1.00
2017.10.25 23:26:40.572,1.28072,1.28082,1.56,1.00
2017.10.25 23:26:41.084,1.28072,1.28082,1.56,1.00
2017.10.25 23:26:41.745,1.28072,1.28082,1.12,1.00
2017.10.25 23:26:42.627,1.28075,1.28084,1.19,1.00
2017.10.25 23:26:43.150,1.28074,1.28084,1.31,1.00
2017.10.25 23:26:43.728,1.28074,1.28084,1.87,1.00
2017.10.25 23:26:44.329,1.28074,1.28084,1.44,1.00
2017.10.25 23:26:48.422,1.28074,1.28084,1.87,1.00
2017.10.25 23:26:50.863,1.28074,1.28084,1.44,1.00
2017.10.25 23:26:51.940,1.28075,1.28084,1.19,1.00
2017.10.25 23:27:00.093,1.28074,1.28084,1.56,1.00
2017.10.25 23:27:00.902,1.28075,1.28084,1.62,1.00
2017.10.25 23:27:01.056,1.28078,1.28088,1.69,1.00
2017.10.25 23:27:01.609,1.28079,1.28088,1.62,1.00
2017.10.25 23:27:02.356,1.28078,1.28088,2.06,1.00
2017.10.25 23:27:04.027,1.28079,1.28088,1.62,1.00
2017.10.25 23:27:05.260,1.28078,1.28088,2.06,1.00
2017.10.25 23:27:07.074,1.28079,1.28088,1.69,1.00
2017.10.25 23:27:07.176,1.28078,1.28088,1.25,1.00
2017.10.25 23:27:07.906,1.28077,1.28088,1.12,1.00
2017.10.25 23:27:08.969,1.28076,1.28088,1.87,1.00
2017.10.25 23:27:09.022,1.28079,1.28088,2.06,1.00
2017.10.25 23:27:12.071,1.28079,1.2809,1.69,1.00
2017.10.25 23:27:12.122,1.2808,1.2809,1.31,1.00
2017.10.25 23:27:12.699,1.28079,1.28089,3.37,1.00
2017.10.25 23:27:15.791,1.2808,1.28089,1.50,1.00
2017.10.25 23:27:17.957,1.2808,1.28089,1.12,1.00
2017.10.25 23:27:20.950,1.2808,1.28089,1.87,1.00
2017.10.25 23:27:21.832,1.2808,1.28089,1.12,1.00
2017.10.25 23:27:22.359,1.2808,1.28089,1.87,1.50
2017.10.25 23:27:24.065,1.28079,1.28089,2.25,1.50
2017.10.25 23:27:24.643,1.2808,1.28089,1.69,1.50
2017.10.25 23:27:27.641,1.28079,1.28089,1.69,1.50
2017.10.25 23:27:28.295,1.2808,1.28089,1.19,1.50
2017.10.25 23:27:28.876,1.28078,1.28087,1.31,1.00
2017.10.25 23:27:29.616,1.28078,1.28087,1.31,1.00
2017.10.25 23:27:32.579,1.28079,1.28087,1.25,1.00
2017.10.25 23:27:33.300,1.28078,1.28087,1.31,1.00
2017.10.25 23:27:43.439,1.28079,1.28087,1.25,1.00
2017.10.25 23:27:52.290,1.28078,1.28087,1.25,1.00
2017.10.25 23:27:52.623,1.2809,1.28099,1.50,1.00
2017.10.25 23:27:52.779,1.28097,1.28109,3.00,1.00
2017.10.25 23:27:52.832,1.28104,1.28111,1.12,1.00
2017.10.25 23:27:52.884,1.28105,1.28115,2.25,1.44
2017.10.25 23:27:53.039,1.28106,1.28115,2.62,1.00
2017.10.25 23:27:53.091,1.28106,1.28119,1.75,1.12
2017.10.25 23:27:53.193,1.28105,1.28115,1.12,1.00
2017.10.25 23:27:53.501,1.281,1.28109,1.00,1.00
2017.10.25 23:27:55.119,1.28098,1.28108,1.69,1.00
2017.10.25 23:27:55.814,1.28097,1.28108,2.44,1.00
2017.10.25 23:27:56.718,1.28099,1.28108,1.87,1.00
2017.10.25 23:27:57.229,1.28098,1.28108,1.75,1.00
2017.10.25 23:28:00.155,1.28098,1.28108,2.62,1.00
2017.10.25 23:28:00.515,1.28096,1.28102,1.37,1.00
2017.10.25 23:28:00.566,1.28094,1.28103,2.44,1.00
2017.10.25 23:28:00.618,1.28092,1.28102,3.56,1.00
2017.10.25 23:28:01.121,1.28093,1.28102,1.69,1.00
2017.10.25 23:28:02.949,1.28092,1.28101,1.12,1.00
2017.10.25 23:28:03.001,1.28087,1.281,1.69,1.95
2017.10.25 23:28:03.053,1.28086,1.28098,1.56,1.00
2017.10.25 23:28:03.228,1.28085,1.28096,1.87,1.00
2017.10.25 23:28:03.534,1.28086,1.28094,1.69,1.00
2017.10.25 23:28:04.120,1.28087,1.28094,1.25,1.00
2017.10.25 23:28:04.626,1.28087,1.28094,1.44,1.00
2017.10.25 23:28:05.201,1.28086,1.28094,1.69,1.00
2017.10.25 23:28:05.252,1.28087,1.28097,2.06,1.12
2017.10.25 23:28:05.977,1.28088,1.28097,1.62,1.00
2017.10.25 23:28:06.595,1.28087,1.28097,1.25,1.00
2017.10.25 23:28:06.748,1.28087,1.28097,1.37,1.00
2017.10.25 23:28:08.389,1.28087,1.28097,1.37,1.00
2017.10.25 23:28:09.499,1.28087,1.28097,1.62,1.00
2017.10.25 23:28:09.934,1.28087,1.28097,1.31,1.00
2017.10.25 23:28:10.446,1.28085,1.28096,1.44,1.00
2017.10.25 23:28:29.183,1.28086,1.28096,1.37,1.00
2017.10.25 23:28:29.285,1.28085,1.28096,1.12,1.00
2017.10.25 23:28:30.662,1.28086,1.28096,1.12,1.00
2017.10.25 23:28:33.526,1.28085,1.28096,1.87,1.20
2017.10.25 23:28:34.304,1.28086,1.28096,1.56,1.00
2017.10.25 23:28:36.008,1.28085,1.28096,1.87,1.00
2017.10.25 23:28:38.590,1.28085,1.28094,1.87,1.00
2017.10.25 23:28:39.121,1.28085,1.28094,1.62,1.00
2017.10.25 23:28:39.688,1.28086,1.28094,1.62,1.00
2017.10.25 23:28:42.662,1.28086,1.28094,1.56,1.00
2017.10.25 23:28:45.471,1.28085,1.28094,1.62,1.00
2017.10.25 23:28:46.027,1.28085,1.28094,1.75,1.00
2017.10.25 23:29:00.266,1.28085,1.28094,1.87,1.00
2017.10.25 23:29:06.278,1.28084,1.28094,3.56,1.00
2017.10.25 23:29:06.787,1.28085,1.28094,1.50,1.00
2017.10.25 23:29:07.605,1.28079,1.28088,1.19,1.50
2017.10.25 23:29:08.837,1.28078,1.28087,1.19,1.00
2017.10.25 23:29:09.540,1.28078,1.28087,1.87,1.00
2017.10.25 23:29:10.048,1.28079,1.28088,1.44,1.00
2017.10.25 23:29:10.581,1.28078,1.28088,1.87,1.00
2017.10.25 23:29:11.194,1.28079,1.28088,1.37,1.00
2017.10.25 23:29:12.985,1.28078,1.28088,1.37,1.00
2017.10.25 23:29:15.230,1.28079,1.28088,1.62,1.00
2017.10.25 23:29:18.643,1.28078,1.28088,1.56,1.00
2017.10.25 23:29:21.020,1.28079,1.28088,1.56,1.00
2017.10.25 23:29:32.992,1.28078,1.28088,1.81,1.00
2017.10.25 23:29:33.528,1.28078,1.28088,1.87,1.00
2017.10.25 23:29:33.839,1.28084,1.28093,1.87,1.00
2017.10.25 23:29:34.351,1.28084,1.28094,1.37,1.00
2017.10.25 23:29:35.179,1.28084,1.28094,1.37,1.00
2017.10.25 23:29:36.999,1.28079,1.28089,3.00,1.87
2017.10.25 23:29:37.051,1.28079,1.28088,1.00,1.50
2017.10.25 23:29:37.205,1.28077,1.28086,1.00,1.00
2017.10.25 23:29:37.307,1.28075,1.28086,1.87,1.00
2017.10.25 23:29:37.358,1.28076,1.28086,1.69,1.00
2017.10.25 23:29:37.410,1.28073,1.28084,1.69,1.50
2017.10.25 23:29:38.364,1.28073,1.28084,1.25,1.95
2017.10.25 23:29:38.872,1.28072,1.28083,2.06,1.00
2017.10.25 23:29:39.380,1.28072,1.28083,3.00,1.45
2017.10.25 23:29:40.095,1.28073,1.28083,1.44,1.45
2017.10.25 23:29:40.146,1.28072,1.28083,1.31,1.20
2017.10.25 23:29:43.354,1.28073,1.28083,1.19,1.20
2017.10.25 23:29:43.870,1.28074,1.28083,1.31,1.00
2017.10.25 23:29:44.470,1.28075,1.28083,1.44,1.00
2017.10.25 23:29:46.977,1.28074,1.28083,1.31,1.00
2017.10.25 23:29:53.854,1.28075,1.28083,1.19,1.00
2017.10.25 23:29:55.289,1.28074,1.28083,1.00,1.00
2017.10.25 23:29:55.806,1.28072,1.28083,1.19,1.20
2017.10.25 23:29:56.940,1.28072,1.28082,1.19,1.00
2017.10.25 23:29:57.511,1.28073,1.28082,1.19,1.00
2017.10.25 23:29:58.735,1.28072,1.28082,1.19,1.00
2017.10.25 23:29:59.242,1.28072,1.28081,1.25,1.00
2017.10.25 23:29:59.878,1.28073,1.28081,1.25,1.00
2017.10.25 23:30:00.138,1.28071,1.2808,1.00,1.00
2017.10.25 23:30:00.344,1.28069,1.2808,1.50,1.39
2017.10.25 23:30:00.396,1.28069,1.28077,1.00,1.12
2017.10.25 23:30:00.566,1.28066,1.28078,2.25,2.89
2017.10.25 23:30:03.492,1.28067,1.28078,1.00,1.57
2017.10.25 23:30:04.131,1.28067,1.28078,1.00,2.32
2017.10.25 23:30:04.828,1.28068,1.28078,1.00,1.20
2017.10.25 23:30:05.373,1.28068,1.28078,1.00,1.70
2017.10.25 23:30:06.249,1.28068,1.28078,1.00,2.14
2017.10.25 23:30:06.300,1.28066,1.28078,1.12,2.14
2017.10.25 23:30:06.352,1.28064,1.28075,1.00,1.00
2017.10.25 23:30:06.405,1.28062,1.28074,2.25,1.00
2017.10.25 23:30:06.539,1.28062,1.28071,1.00,1.00
2017.10.25 23:30:07.463,1.28061,1.28071,1.12,1.00
2017.10.25 23:30:08.013,1.28061,1.2807,1.31,1.00
2017.10.25 23:30:08.520,1.28062,1.2807,1.44,1.00
2017.10.25 23:30:08.624,1.28061,1.2807,1.25,1.00
2017.10.25 23:30:15.690,1.28061,1.2807,1.12,1.00
2017.10.25 23:30:16.445,1.2806,1.2807,2.06,1.00
2017.10.25 23:30:16.749,1.28059,1.2807,2.06,1.00
2017.10.25 23:30:16.801,1.28058,1.2807,2.25,1.50
2017.10.25 23:30:16.853,1.28057,1.28069,3.56,1.00
2017.10.25 23:30:16.956,1.28056,1.28067,1.00,1.00
2017.10.25 23:30:17.262,1.28055,1.28065,1.44,1.95
2017.10.25 23:30:18.581,1.28055,1.28065,1.41,1.50
2017.10.25 23:30:18.975,1.28054,1.28064,1.87,1.00
2017.10.25 23:30:23.722,1.28056,1.28065,1.50,1.00
2017.10.25 23:30:24.273,1.28054,1.28065,1.69,1.00
2017.10.25 23:30:24.596,1.28059,1.28068,1.12,1.45
2017.10.25 23:30:24.750,1.28058,1.28068,1.50,1.00
2017.10.25 23:30:27.137,1.28059,1.28068,1.12,1.00
2017.10.25 23:30:27.747,1.28058,1.28068,1.50,1.00
2017.10.25 23:30:29.607,1.28059,1.28068,1.11,1.00
2017.10.25 23:30:35.656,1.28058,1.28068,1.68,1.00
2017.10.25 23:30:35.975,1.28056,1.28068,3.18,1.47
2017.10.25 23:30:36.581,1.28057,1.28068,1.86,1.39
2017.10.25 23:30:37.321,1.28056,1.28068,3.18,1.47
2017.10.25 23:30:37.974,1.28056,1.28068,2.80,1.20
2017.10.25 23:30:38.496,1.28056,1.28068,2.61,1.20
2017.10.25 23:30:39.574,1.28057,1.28068,1.86,1.20
2017.10.25 23:30:40.123,1.28056,1.28068,1.86,2.70
2017.10.25 23:30:40.174,1.28056,1.28066,1.00,1.00
2017.10.25 23:30:40.378,1.28053,1.28064,1.25,1.00
2017.10.25 23:30:40.953,1.28053,1.28064,1.44,1.20
2017.10.25 23:30:41.868,1.28053,1.28064,1.44,1.00
2017.10.25 23:30:42.792,1.28053,1.28064,2.06,1.10
2017.10.25 23:30:43.064,1.28053,1.28064,2.81,1.10
2017.10.25 23:30:44.636,1.28053,1.28064,1.19,1.10
2017.10.25 23:30:46.074,1.28053,1.28064,1.68,1.10
2017.10.25 23:30:46.660,1.28053,1.28064,1.87,1.10
2017.10.25 23:30:47.289,1.28053,1.28064,2.05,1.10
2017.10.25 23:30:47.980,1.28053,1.28064,3.19,1.10
2017.10.25 23:30:48.543,1.28053,1.28064,1.69,1.10
2017.10.25 23:30:49.064,1.28053,1.28064,2.44,1.20
2017.10.25 23:30:51.392,1.28054,1.28064,1.44,1.10
2017.10.25 23:30:51.443,1.28052,1.28062,1.00,1.10
2017.10.25 23:30:51.969,1.28051,1.28062,1.25,1.20
2017.10.25 23:30:52.604,1.2805,1.28061,1.25,1.00
2017.10.25 23:30:53.704,1.2805,1.28062,1.25,1.76
2017.10.25 23:30:54.848,1.2805,1.28062,1.69,1.95
2017.10.25 23:30:54.951,1.28045,1.28056,3.26,1.00
2017.10.25 23:30:55.003,1.28047,1.28058,1.25,1.00
2017.10.25 23:30:55.529,1.28048,1.28058,1.25,1.25
2017.10.25 23:30:56.529,1.28047,1.28058,1.25,1.00
2017.10.25 23:30:56.687,1.28049,1.28058,1.25,1.00
2017.10.25 23:30:57.223,1.28049,1.28059,1.43,1.00
2017.10.25 23:30:58.153,1.28048,1.28059,1.12,1.00
2017.10.25 23:30:58.556,1.28044,1.28057,4.50,2.25
2017.10.25 23:30:58.710,1.28043,1.28052,1.25,1.00
2017.10.25 23:30:59.281,1.28043,1.28051,1.00,1.00
2017.10.25 23:31:00.696,1.28045,1.28053,1.87,1.00
2017.10.25 23:31:00.892,1.28045,1.28056,1.25,1.00
2017.10.25 23:31:00.944,1.28045,1.28056,1.87,1.00
2017.10.25 23:31:01.046,1.28045,1.28056,1.87,1.00
2017.10.25 23:31:01.576,1.28046,1.28055,1.37,1.00
2017.10.25 23:31:01.627,1.28046,1.28055,1.25,1.00
2017.10.25 23:31:01.882,1.28047,1.28057,1.44,1.00
2017.10.25 23:31:01.985,1.28046,1.28057,1.69,1.00
2017.10.25 23:31:02.795,1.28047,1.28057,1.25,1.00
2017.10.25 23:31:02.846,1.28047,1.28057,1.87,1.00
2017.10.25 23:31:03.009,1.28047,1.28057,1.37,1.00
2017.10.25 23:31:03.878,1.28047,1.28057,1.87,1.00
2017.10.25 23:31:09.647,1.28047,1.28057,1.25,1.00
2017.10.25 23:31:10.170,1.28046,1.28057,1.25,1.00
2017.10.25 23:31:11.940,1.28047,1.28057,1.25,1.00
2017.10.25 23:31:21.169,1.28047,1.28056,1.25,1.00
2017.10.25 23:31:21.322,1.28045,1.28056,1.76,1.00
2017.10.25 23:31:21.934,1.28041,1.2805,1.50,1.12
2017.10.25 23:31:21.985,1.28039,1.2805,1.10,1.50
2017.10.25 23:31:22.717,1.28038,1.28049,1.39,1.12
2017.10.25 23:31:30.212,1.28039,1.2805,1.00,1.50
2017.10.25 23:31:30.717,1.28037,1.2805,2.89,1.87
2017.10.25 23:31:34.539,1.28038,1.2805,1.01,1.69
2017.10.25 23:31:35.564,1.2804,1.28051,1.75,1.00
2017.10.25 23:31:36.499,1.28041,1.28051,1.37,1.00
2017.10.25 23:31:36.757,1.28039,1.2805,2.62,1.00
2017.10.25 23:31:36.859,1.28037,1.28048,1.20,1.00
2017.10.25 23:31:36.910,1.28038,1.28046,1.00,1.00
2017.10.25 23:31:37.522,1.28037,1.28046,1.00,1.00
2017.10.25 23:31:38.515,1.28038,1.28046,1.00,1.00
2017.10.25 23:31:39.199,1.28037,1.28046,1.00,1.00
2017.10.25 23:31:43.156,1.28038,1.28046,1.00,1.00
2017.10.25 23:31:43.707,1.28037,1.28046,1.50,1.00
2017.10.25 23:31:46.944,1.28037,1.28048,1.00,1.00
2017.10.25 23:31:47.696,1.28039,1.28049,1.00,1.00
2017.10.25 23:31:49.832,1.28039,1.28049,2.06,1.00
2017.10.25 23:31:50.372,1.28039,1.28049,1.31,1.00
2017.10.25 23:31:51.602,1.28039,1.28049,1.56,1.00
2017.10.25 23:31:51.653,1.28039,1.28049,1.12,1.00
2017.10.25 23:32:06.866,1.28039,1.28051,1.00,2.62
2017.10.25 23:32:07.323,1.28042,1.28053,1.69,1.37
2017.10.25 23:32:07.629,1.28045,1.28055,1.44,1.00
2017.10.25 23:32:08.216,1.28045,1.28055,1.62,1.00
2017.10.25 23:32:08.379,1.28048,1.28058,1.00,1.69
2017.10.25 23:32:08.583,1.2805,1.28062,1.69,1.69
2017.10.25 23:32:08.634,1.28052,1.28064,1.00,1.50
2017.10.25 23:32:08.941,1.28054,1.28064,1.00,1.00
2017.10.25 23:32:10.375,1.28056,1.28064,1.00,1.00
2017.10.25 23:32:10.427,1.28054,1.28064,1.00,1.69
2017.10.25 23:32:10.529,1.28051,1.28063,1.00,3.37
2017.10.25 23:32:10.632,1.28051,1.28062,1.00,1.12
2017.10.25 23:32:12.091,1.28052,1.28063,1.00,1.75
2017.10.25 23:32:13.508,1.28052,1.28063,1.00,1.81
2017.10.25 23:32:14.532,1.28052,1.28063,1.00,2.25
2017.10.25 23:32:14.685,1.28052,1.28063,1.00,1.87
2017.10.25 23:32:14.932,1.28052,1.28063,1.00,2.81
2017.10.25 23:32:15.535,1.28052,1.28061,1.00,1.44
2017.10.25 23:32:16.039,1.28052,1.28062,1.00,1.44
2017.10.25 23:32:16.630,1.28052,1.28061,1.00,1.44
2017.10.25 23:32:17.186,1.28052,1.28062,1.00,1.44
2017.10.25 23:32:19.652,1.2805,1.28061,1.00,1.37
2017.10.25 23:32:20.162,1.28049,1.28059,1.00,1.19
2017.10.25 23:32:22.646,1.28046,1.28059,1.12,1.44
2017.10.25 23:32:22.850,1.28046,1.28059,1.87,1.87
2017.10.25 23:32:22.953,1.28045,1.28058,1.31,1.25
2017.10.25 23:32:23.477,1.28044,1.28058,2.06,1.31
2017.10.25 23:32:24.767,1.28044,1.28058,2.06,1.31
2017.10.25 23:32:26.361,1.28045,1.28055,1.00,1.00
2017.10.25 23:32:26.669,1.28044,1.28054,1.00,1.69
2017.10.25 23:32:32.037,1.28044,1.28054,1.00,1.87
2017.10.25 23:32:32.190,1.28044,1.28054,1.00,1.25
2017.10.25 23:32:39.077,1.28045,1.28055,1.50,1.00
2017.10.25 23:32:43.482,1.28045,1.28057,1.00,2.25
2017.10.25 23:32:44.004,1.28045,1.28057,1.87,2.44
2017.10.25 23:32:44.208,1.28045,1.28057,1.50,1.25
2017.10.25 23:32:46.801,1.28047,1.28059,1.00,2.06
2017.10.25 23:32:47.114,1.28047,1.28059,1.00,3.00
2017.10.25 23:32:47.633,1.28046,1.28058,1.50,2.44
2017.10.25 23:32:52.801,1.28046,1.28057,1.00,1.25
2017.10.25 23:32:54.307,1.28046,1.28057,1.50,1.44
2017.10.25 23:32:56.129,1.28046,1.28057,1.00,1.00
2017.10.25 23:32:56.863,1.28046,1.28057,1.00,1.87
2017.10.25 23:32:57.504,1.28046,1.28057,1.00,1.87
2017.10.25 23:32:58.222,1.28046,1.28057,1.00,2.81
2017.10.25 23:32:58.902,1.28046,1.28057,1.00,1.25
2017.10.25 23:32:59.466,1.28046,1.28057,1.00,1.44
2017.10.25 23:33:00.200,1.28046,1.28057,1.00,1.25
2017.10.25 23:33:33.195,1.28045,1.28056,1.00,1.69
2017.10.25 23:33:33.696,1.28045,1.28056,1.87,1.69
2017.10.25 23:33:34.470,1.28045,1.28056,1.25,1.69
2017.10.25 23:33:36.171,1.28045,1.28056,1.00,1.25
2017.10.25 23:33:38.903,1.28044,1.28056,3.56,1.25
2017.10.25 23:33:39.812,1.28045,1.28056,1.00,1.25
2017.10.25 23:33:40.409,1.28044,1.28056,3.56,1.25
2017.10.25 23:33:42.925,1.28045,1.28056,1.12,1.25
2017.10.25 23:33:45.509,1.28044,1.28056,3.56,1.25
2017.10.25 23:33:46.100,1.28045,1.28056,1.25,1.69
2017.10.25 23:33:46.945,1.28045,1.28056,1.87,1.25
2017.10.25 23:33:47.743,1.28045,1.28056,2.44,1.69
2017.10.25 23:33:48.096,1.28047,1.28057,1.00,1.00
2017.10.25 23:34:13.776,1.28045,1.28057,1.87,2.62
2017.10.25 23:34:14.318,1.28045,1.28057,1.00,2.81
2017.10.25 23:34:15.047,1.28045,1.28057,1.00,3.75
2017.10.25 23:34:15.719,1.28045,1.28057,1.87,2.06
2017.10.25 23:34:16.673,1.28045,1.28057,1.12,3.00
2017.10.25 23:34:17.957,1.28045,1.28057,1.00,1.69
2017.10.25 23:34:19.072,1.28045,1.28057,1.50,2.62
2017.10.25 23:34:20.188,1.28045,1.28057,1.50,1.69
2017.10.25 23:34:34.874,1.28045,1.28057,1.00,2.62
2017.10.25 23:34:39.191,1.28045,1.28057,1.12,2.06
2017.10.25 23:34:41.580,1.28045,1.28057,1.00,2.06
2017.10.25 23:34:44.430,1.28045,1.28057,1.00,1.69
2017.10.25 23:34:45.947,1.28045,1.28057,1.00,2.44
2017.10.25 23:34:52.987,1.28045,1.28057,1.00,1.25
2017.10.25 23:34:53.544,1.28045,1.28057,1.25,1.87
2017.10.25 23:34:54.591,1.28045,1.28057,1.69,1.00
2017.10.25 23:34:57.163,1.28045,1.28057,1.87,1.25
2017.10.25 23:34:58.634,1.28045,1.28057,1.00,1.25
2017.10.25 23:34:59.247,1.28045,1.28057,1.69,1.69
2017.10.25 23:34:59.769,1.28045,1.28057,1.50,1.25
2017.10.25 23:35:02.225,1.28045,1.28057,1.25,1.69
2017.10.25 23:35:02.777,1.28045,1.28057,1.25,1.25
2017.10.25 23:35:03.423,1.28045,1.28057,1.19,1.69
2017.10.25 23:35:04.050,1.28045,1.28057,1.50,1.25
2017.10.25 23:35:05.062,1.28045,1.28057,1.69,1.69
2017.10.25 23:35:05.721,1.28045,1.28057,2.06,1.25
2017.10.25 23:35:05.775,1.28043,1.28055,1.12,2.06
2017.10.25 23:35:06.102,1.28043,1.28055,1.50,2.06
2017.10.25 23:35:07.025,1.28039,1.28047,1.00,1.69
2017.10.25 23:35:07.635,1.28038,1.28047,1.00,1.00
2017.10.25 23:35:07.931,1.28034,1.28047,2.81,2.25
2017.10.25 23:35:08.587,1.28034,1.28047,1.50,2.44
2017.10.25 23:35:08.917,1.28031,1.28044,1.50,2.44
2017.10.25 23:35:09.070,1.28031,1.28044,2.44,1.25
2017.10.25 23:35:09.477,1.28031,1.28044,1.87,1.44
2017.10.25 23:35:10.586,1.28031,1.28044,1.44,1.25
2017.10.25 23:35:11.546,1.28031,1.28044,1.43,1.44
2017.10.25 23:35:14.359,1.28031,1.28044,1.43,1.25
2017.10.25 23:35:14.861,1.28031,1.28044,1.43,1.44
2017.10.25 23:35:15.459,1.28031,1.28044,1.24,1.25
2017.10.25 23:35:15.897,1.28031,1.28044,1.68,1.44
2017.10.25 23:35:16.412,1.28032,1.28044,1.49,1.00
2017.10.25 23:35:16.987,1.28032,1.28044,1.62,1.00
2017.10.25 23:35:18.701,1.28032,1.28044,1.68,1.25
2017.10.25 23:35:19.260,1.28032,1.28044,2.43,1.00
2017.10.25 23:35:20.429,1.28032,1.28044,2.05,1.25
2017.10.25 23:35:22.997,1.28032,1.28044,2.05,1.00
2017.10.25 23:35:24.610,1.28032,1.28045,2.05,1.25
2017.10.25 23:35:26.276,1.28032,1.28045,2.43,2.06
2017.10.25 23:35:27.821,1.28032,1.28045,2.43,1.25
2017.10.25 23:35:31.610,1.28032,1.28045,2.25,1.31
2017.10.25 23:35:32.309,1.28032,1.28046,2.44,1.69
2017.10.25 23:35:34.186,1.28032,1.28045,2.62,1.31
2017.10.25 23:35:38.682,1.28033,1.28045,1.12,1.19
2017.10.25 23:35:38.987,1.28033,1.28045,1.50,1.69
2017.10.25 23:35:41.648,1.28033,1.28044,1.44,1.25
2017.10.25 23:35:46.198,1.28033,1.28044,1.62,1.25
2017.10.25 23:35:46.631,1.28033,1.28044,1.25,1.00
2017.10.25 23:35:47.167,1.28033,1.28044,1.19,1.25
2017.10.25 23:35:47.788,1.28034,1.28044,1.44,1.00
2017.10.25 23:35:48.332,1.28034,1.28044,1.00,1.25
2017.10.25 23:35:48.989,1.28034,1.28044,1.44,1.00
2017.10.25 23:35:49.412,1.28032,1.28044,1.00,1.00
2017.10.25 23:35:49.588,1.28032,1.28044,1.00,1.56
2017.10.25 23:35:50.308,1.28032,1.28043,1.00,1.62
2017.10.25 23:35:52.004,1.28032,1.28043,1.00,1.44
2017.10.25 23:35:56.009,1.28031,1.28041,1.00,1.25
2017.10.25 23:35:59.917,1.28031,1.28041,1.00,1.44
2017.10.25 23:36:04.005,1.28031,1.28041,1.00,1.00
2017.10.25 23:36:04.732,1.28031,1.28041,1.44,1.25
2017.10.25 23:36:12.000,1.28031,1.28041,1.00,1.00
2017.10.25 23:36:16.650,1.28031,1.28041,1.44,1.12
2017.10.25 23:36:17.377,1.28031,1.28041,1.25,1.00
2017.10.25 23:36:19.406,1.28031,1.28041,1.44,1.25
2017.10.25 23:36:20.019,1.28031,1.28041,1.25,1.00
2017.10.25 23:36:21.492,1.28031,1.28041,1.44,1.25
2017.10.25 23:36:21.902,1.28029,1.28041,3.00,1.00
2017.10.25 23:36:22.455,1.28029,1.28041,1.87,1.25
2017.10.25 23:36:26.128,1.28029,1.28041,2.44,1.44
2017.10.25 23:36:26.660,1.28029,1.28041,2.25,1.25
2017.10.25 23:36:27.187,1.28029,1.28041,2.81,1.87
2017.10.25 23:36:27.692,1.28029,1.28041,1.87,1.25
2017.10.25 23:36:27.845,1.28029,1.28037,1.37,1.00
2017.10.25 23:36:28.357,1.28028,1.28037,3.00,1.00
2017.10.25 23:36:31.204,1.28028,1.28037,1.87,1.00
2017.10.25 23:36:33.886,1.28029,1.28037,1.00,1.00
2017.10.25 23:36:34.962,1.28028,1.28037,2.44,1.00
2017.10.25 23:36:35.282,1.28033,1.2804,1.00,1.00
2017.10.25 23:36:35.589,1.2803,1.2804,3.00,1.00
2017.10.25 23:36:35.641,1.2803,1.28038,1.50,1.00
2017.10.25 23:36:36.167,1.28029,1.28038,1.50,1.00
2017.10.25 23:36:38.101,1.28029,1.28038,1.31,1.00
2017.10.25 23:36:38.617,1.28029,1.28038,1.00,1.00
2017.10.25 23:36:38.949,1.28029,1.28038,1.69,1.00
2017.10.25 23:36:39.051,1.28029,1.28038,2.06,1.00
2017.10.25 23:36:40.809,1.28029,1.28038,1.62,1.00
2017.10.25 23:36:41.319,1.28029,1.28038,1.00,1.00
2017.10.25 23:36:41.785,1.28033,1.28039,1.00,1.00
2017.10.25 23:36:41.837,1.28029,1.28038,1.00,1.00
2017.10.25 23:36:43.786,1.28028,1.28038,2.25,1.00
2017.10.25 23:36:43.939,1.28028,1.28038,2.44,1.00
2017.10.25 23:36:44.671,1.28029,1.28038,1.31,1.00
2017.10.25 23:36:45.448,1.28028,1.28038,2.81,1.00
2017.10.25 23:36:47.468,1.28029,1.28038,1.25,1.00
2017.10.25 23:36:49.378,1.28029,1.28038,1.69,1.00
2017.10.25 23:36:54.804,1.28029,1.28038,1.69,1.00
2017.10.25 23:36:55.097,1.28029,1.28038,2.25,1.00
2017.10.25 23:36:55.377,1.28029,1.28038,1.69,1.00
2017.10.25 23:36:55.479,1.28029,1.28038,1.50,1.00
2017.10.25 23:36:55.809,1.28029,1.28038,2.44,1.00
2017.10.25 23:36:56.119,1.28029,1.28038,1.87,1.00
2017.10.25 23:36:56.261,1.2803,1.28038,1.19,1.00
2017.10.25 23:36:56.840,1.28029,1.28038,1.50,1.00
2017.10.25 23:36:56.891,1.28029,1.28038,2.44,1.00
2017.10.25 23:36:57.196,1.28029,1.28036,1.12,1.00
2017.10.25 23:36:58.790,1.28029,1.28036,1.50,1.00
2017.10.25 23:36:59.329,1.28029,1.28036,1.31,1.00
2017.10.25 23:37:00.109,1.28029,1.28036,2.06,1.00
2017.10.25 23:37:00.740,1.28029,1.28036,1.62,1.00
2017.10.25 23:37:03.211,1.28029,1.28036,1.69,1.00
2017.10.25 23:37:05.134,1.28029,1.28036,2.44,1.00
2017.10.25 23:37:06.219,1.28029,1.28036,3.00,1.00
2017.10.25 23:37:06.999,1.28029,1.28036,2.06,1.00
2017.10.25 23:37:07.359,1.28029,1.28038,2.62,1.00
2017.10.25 23:37:07.728,1.28029,1.28038,2.62,1.00
2017.10.25 23:37:08.436,1.28029,1.28038,1.12,1.00
2017.10.25 23:37:19.060,1.28028,1.28038,2.25,1.00
2017.10.25 23:37:19.570,1.28029,1.28038,1.00,1.00
2017.10.25 23:37:20.283,1.28028,1.28038,2.62,1.00
2017.10.25 23:37:20.893,1.28029,1.28038,1.00,1.00
2017.10.25 23:37:21.932,1.28028,1.28038,2.25,1.00
2017.10.25 23:37:22.536,1.28029,1.28038,1.00,1.00
2017.10.25 23:37:23.305,1.28028,1.28038,2.22,1.00
2017.10.25 23:37:24.327,1.28029,1.28038,1.00,1.00
2017.10.25 23:37:24.837,1.28028,1.28038,2.25,1.00
2017.10.25 23:37:25.206,1.28028,1.28038,2.44,1.00
2017.10.25 23:37:25.843,1.28029,1.28038,1.12,1.00
2017.10.25 23:37:29.524,1.28028,1.28038,1.12,1.00
2017.10.25 23:37:30.985,1.28029,1.28038,1.00,1.00
2017.10.25 23:37:34.764,1.28029,1.28038,1.37,1.00
2017.10.25 23:37:35.298,1.28029,1.28038,1.12,1.00
2017.10.25 23:37:37.043,1.28028,1.28038,1.25,1.00
2017.10.25 23:37:38.530,1.28029,1.28038,1.00,1.00
2017.10.25 23:37:39.069,1.28028,1.28038,1.31,1.00
2017.10.25 23:37:40.005,1.28029,1.28038,1.00,1.00
2017.10.25 23:37:40.918,1.28028,1.28038,1.31,1.00
2017.10.25 23:37:44.532,1.28029,1.28041,1.00,2.81
2017.10.25 23:37:45.886,1.28028,1.28041,1.69,2.44
2017.10.25 23:37:46.651,1.28029,1.28041,1.00,2.44
2017.10.25 23:37:47.313,1.28029,1.28041,1.00,2.81
2017.10.25 23:37:47.885,1.28028,1.28041,1.31,2.81
2017.10.25 23:37:48.747,1.28029,1.28041,1.00,2.81
2017.10.25 23:37:49.343,1.28028,1.28041,1.31,3.00
2017.10.25 23:37:54.750,1.28029,1.28041,1.00,3.19
2017.10.25 23:37:55.362,1.28028,1.28041,1.00,3.37
2017.10.25 23:37:56.348,1.28029,1.28041,1.00,3.37
2017.10.25 23:37:59.007,1.28028,1.28041,1.00,2.81
2017.10.25 23:37:59.547,1.28029,1.28041,1.00,3.19
2017.10.25 23:38:00.317,1.28028,1.28041,1.00,3.19
2017.10.25 23:38:00.698,1.28028,1.28036,1.12,1.00
2017.10.25 23:38:00.750,1.28029,1.28038,1.00,1.00
2017.10.25 23:38:00.802,1.28026,1.28035,1.87,1.25
2017.10.25 23:38:01.335,1.28025,1.28034,1.12,1.00
2017.10.25 23:38:02.187,1.28025,1.28034,1.50,1.00
2017.10.25 23:38:03.387,1.28025,1.28034,1.50,1.00
2017.10.25 23:38:03.919,1.28025,1.28034,1.37,1.00
2017.10.25 23:38:06.191,1.28024,1.28031,1.00,1.00
2017.10.25 23:38:06.725,1.28025,1.28031,1.00,1.00
2017.10.25 23:38:07.276,1.28024,1.28031,1.00,1.00
2017.10.25 23:38:07.959,1.28018,1.28028,2.25,3.19
2017.10.25 23:38:08.011,1.28017,1.28026,1.50,1.00
2017.10.25 23:38:08.338,1.28011,1.28022,1.75,2.25
2017.10.25 23:38:10.115,1.28017,1.28023,1.00,1.00
2017.10.25 23:38:10.319,1.28017,1.28025,1.00,1.00
2017.10.25 23:38:10.845,1.28014,1.28025,1.37,1.00
2017.10.25 23:38:11.407,1.28013,1.28025,1.87,1.50
2017.10.25 23:38:12.853,1.28012,1.28023,1.12,1.00
2017.10.25 23:38:13.247,1.28011,1.28021,1.87,1.00
2017.10.25 23:38:14.599,1.28011,1.28021,1.50,1.00
2017.10.25 23:38:15.656,1.28011,1.28021,1.87,1.00
2017.10.25 23:38:16.922,1.28012,1.28021,1.00,1.00
2017.10.25 23:38:18.834,1.28013,1.28021,1.00,1.00
2017.10.25 23:38:19.356,1.28012,1.28021,1.50,1.00
2017.10.25 23:38:23.563,1.28012,1.28021,1.69,1.00
2017.10.25 23:38:28.310,1.28013,1.28021,1.37,1.00
2017.10.25 23:38:28.412,1.28012,1.28021,1.12,1.00
2017.10.25 23:38:29.082,1.28011,1.28021,1.50,1.00
2017.10.25 23:38:29.997,1.28011,1.28021,1.69,1.00
2017.10.25 23:38:33.445,1.28011,1.28021,1.69,1.00
2017.10.25 23:38:33.697,1.28011,1.28023,1.69,2.25
2017.10.25 23:38:34.386,1.28012,1.28023,1.00,2.25
2017.10.25 23:38:35.953,1.28012,1.28022,1.25,1.00
2017.10.25 23:38:36.695,1.28012,1.28022,1.62,1.00
2017.10.25 23:38:37.632,1.28012,1.28022,1.50,1.00
2017.10.25 23:38:38.833,1.28011,1.28022,2.44,1.00
2017.10.25 23:38:39.950,1.28012,1.28022,1.00,1.00
2017.10.25 23:38:40.474,1.28011,1.28022,1.50,1.00
2017.10.25 23:38:41.014,1.28011,1.28022,2.44,1.00
2017.10.25 23:38:41.821,1.28011,1.28022,1.69,1.00
2017.10.25 23:38:42.408,1.28011,1.28023,1.50,3.00
2017.10.25 23:38:42.966,1.28011,1.28023,1.12,3.00
2017.10.25 23:38:43.485,1.28012,1.28022,1.00,1.00
2017.10.25 23:38:44.016,1.28011,1.28023,1.69,3.37
2017.10.25 23:38:44.611,1.28011,1.28023,1.69,3.37
2017.10.25 23:38:45.336,1.28012,1.28023,1.12,2.44
2017.10.25 23:38:46.627,1.28011,1.28023,2.44,3.37
2017.10.25 23:38:47.198,1.28011,1.28023,1.50,2.25
2017.10.25 23:38:48.232,1.28012,1.28023,1.37,2.62
2017.10.25 23:38:49.821,1.28012,1.28023,1.50,3.19
2017.10.25 23:38:52.391,1.28011,1.28023,1.69,3.19
2017.10.25 23:38:52.907,1.28012,1.28023,1.00,2.25
2017.10.25 23:38:53.433,1.28012,1.28022,1.00,1.87
2017.10.25 23:38:53.964,1.28011,1.28022,1.12,1.87
2017.10.25 23:38:54.867,1.28012,1.28022,1.50,1.00
2017.10.25 23:38:57.197,1.28012,1.28022,1.37,1.00
2017.10.25 23:38:58.280,1.28012,1.28022,1.12,1.00
2017.10.25 23:39:01.459,1.28011,1.28022,2.62,1.00
2017.10.25 23:39:02.012,1.28012,1.28022,1.31,1.00
2017.10.25 23:39:03.677,1.28011,1.28022,1.87,1.00
2017.10.25 23:39:04.236,1.28012,1.28022,1.00,1.00
2017.10.25 23:39:04.896,1.28011,1.28022,2.44,1.50
2017.10.25 23:39:06.652,1.28012,1.28022,1.00,1.50
2017.10.25 23:39:07.207,1.28011,1.28022,2.06,1.50
2017.10.25 23:39:07.746,1.28012,1.28022,1.00,1.50
2017.10.25 23:39:08.273,1.28012,1.28021,1.00,1.00
2017.10.25 23:39:08.908,1.28011,1.28021,2.44,1.00
2017.10.25 23:39:09.519,1.28012,1.28021,1.12,1.00
2017.10.25 23:39:10.612,1.28011,1.28021,2.44,1.00
2017.10.25 23:39:11.364,1.28011,1.28021,2.62,1.00
2017.10.25 23:39:12.479,1.28011,1.28021,2.44,1.00
2017.10.25 23:39:12.874,1.28011,1.28021,2.44,1.00
2017.10.25 23:39:13.477,1.28011,1.28021,2.44,1.00
2017.10.25 23:39:14.312,1.28012,1.28022,1.87,1.00
2017.10.25 23:39:14.816,1.28012,1.28021,2.06,1.00
2017.10.25 23:39:24.152,1.28011,1.2802,1.37,1.50
2017.10.25 23:39:25.969,1.28009,1.2802,3.19,1.50
2017.10.25 23:39:28.382,1.2801,1.2802,1.31,1.50
2017.10.25 23:39:28.713,1.28008,1.28018,1.00,2.25
2017.10.25 23:39:29.019,1.28007,1.28016,1.50,1.00
2017.10.25 23:39:30.773,1.28007,1.28017,1.25,2.25
2017.10.25 23:39:31.120,1.28009,1.28017,1.31,1.00
2017.10.25 23:39:31.635,1.2801,1.28018,1.25,1.50
2017.10.25 23:39:34.808,1.28008,1.28017,1.00,1.50
2017.10.25 23:39:38.998,1.28008,1.28016,1.00,1.00
2017.10.25 23:40:00.119,1.28007,1.28015,1.00,1.00
2017.10.25 23:40:03.092,1.28007,1.28016,1.00,1.87
2017.10.25 23:40:11.020,1.28007,1.28016,1.25,1.37
2017.10.25 23:40:12.405,1.28007,1.28017,1.00,3.75
2017.10.25 23:40:13.896,1.28007,1.28016,1.00,1.00
2017.10.25 23:40:19.379,1.28007,1.28016,1.00,1.50
2017.10.25 23:40:20.052,1.28006,1.28016,1.00,1.00
2017.10.25 23:40:20.104,1.28005,1.28014,1.12,1.69
2017.10.25 23:40:20.688,1.28006,1.28015,1.12,1.00
2017.10.25 23:40:21.301,1.28005,1.28015,2.81,1.12
2017.10.25 23:40:21.818,1.28006,1.28015,1.00,1.12
2017.10.25 23:40:22.370,1.28005,1.28015,2.81,1.12
2017.10.25 23:40:22.988,1.28006,1.28015,1.00,1.12
2017.10.25 23:40:23.810,1.28005,1.28015,2.81,1.12
2017.10.25 23:40:24.321,1.28006,1.28015,1.00,1.12
2017.10.25 23:40:24.938,1.28005,1.28015,2.44,1.00
2017.10.25 23:40:25.403,1.28005,1.28013,1.50,1.00
2017.10.25 23:40:25.557,1.28007,1.28016,1.00,1.87
2017.10.25 23:40:26.169,1.28006,1.28015,1.25,1.00
2017.10.25 23:40:27.968,1.28006,1.28016,1.69,1.50
2017.10.25 23:40:30.628,1.28007,1.28016,1.00,1.50
2017.10.25 23:40:34.017,1.28007,1.28015,1.25,1.00
2017.10.25 23:40:34.620,1.28007,1.28017,1.50,2.25
2017.10.25 23:40:39.399,1.28006,1.28017,1.31,3.75
2017.10.25 23:40:45.068,1.28006,1.28017,1.00,3.75
2017.10.25 23:40:51.583,1.28006,1.28016,1.69,1.00
2017.10.25 23:40:52.244,1.28006,1.28017,1.50,3.37
2017.10.25 23:40:52.296,1.28006,1.28016,1.00,1.62
2017.10.25 23:40:53.809,1.28006,1.28016,1.50,1.12
2017.10.25 23:40:58.932,1.28006,1.28017,1.50,4.12
2017.10.25 23:41:01.273,1.28006,1.28016,1.50,1.50
2017.10.25 23:41:01.785,1.28006,1.28016,1.12,1.12
2017.10.25 23:41:06.984,1.28006,1.28017,1.69,3.75
2017.10.25 23:41:10.186,1.28006,1.28016,1.00,1.00
2017.10.25 23:41:17.938,1.28006,1.28016,1.44,1.37
2017.10.25 23:41:18.464,1.28006,1.28016,1.87,1.37
2017.10.25 23:41:18.998,1.28006,1.28017,1.00,3.75
2017.10.25 23:41:21.280,1.28005,1.28017,1.87,2.25
2017.10.25 23:41:21.825,1.28006,1.28017,1.12,1.87
2017.10.25 23:41:25.312,1.28005,1.28016,2.44,1.37
2017.10.25 23:41:26.022,1.28005,1.28017,2.06,4.12
2017.10.25 23:41:27.579,1.28006,1.28017,1.00,4.12
2017.10.25 23:41:28.316,1.28005,1.28017,2.06,4.12
2017.10.25 23:41:29.387,1.28006,1.28017,1.00,4.12
2017.10.25 23:41:29.967,1.28005,1.28017,2.06,4.12
2017.10.25 23:41:31.856,1.28005,1.28017,1.69,2.25
2017.10.25 23:41:32.470,1.28005,1.28016,2.06,1.00
2017.10.25 23:41:33.061,1.28006,1.28017,1.00,1.87
2017.10.25 23:41:34.888,1.28005,1.28017,2.06,1.87
2017.10.25 23:41:35.582,1.28006,1.28017,1.00,1.87
2017.10.25 23:41:36.242,1.28005,1.28017,2.06,1.87
2017.10.25 23:41:38.118,1.28006,1.28016,1.00,1.25
2017.10.25 23:41:38.169,1.28004,1.28015,1.00,1.50
2017.10.25 23:41:38.339,1.28008,1.28015,1.00,1.00
2017.10.25 23:41:38.391,1.28006,1.28015,1.12,1.00
2017.10.25 23:41:39.908,1.28005,1.28015,2.06,1.00
2017.10.25 23:41:42.197,1.28006,1.28015,1.00,1.87
2017.10.25 23:41:42.350,1.28004,1.28013,1.50,1.00
2017.10.25 23:41:42.402,1.28003,1.28013,1.00,2.25
2017.10.25 23:41:42.453,1.28007,1.28013,1.00,1.50
2017.10.25 23:41:42.504,1.28005,1.28014,1.31,1.00
2017.10.25 23:41:42.606,1.28006,1.28016,1.00,2.25
2017.10.25 23:41:45.070,1.28005,1.28016,1.50,3.37
2017.10.25 23:41:45.224,1.28007,1.28015,1.00,2.06
2017.10.25 23:41:45.909,1.28006,1.28016,1.87,3.00
2017.10.25 23:41:49.649,1.28006,1.28015,1.50,1.25
2017.10.25 23:41:50.166,1.28006,1.28016,1.00,1.50
2017.10.25 23:41:50.667,1.28005,1.28016,2.62,1.50
2017.10.25 23:41:51.196,1.28006,1.28016,1.00,1.50
2017.10.25 23:41:53.211,1.28005,1.28016,1.50,3.75
2017.10.25 23:41:53.568,1.28005,1.28012,1.00,1.00
2017.10.25 23:41:53.619,1.28006,1.28014,1.00,2.62
2017.10.25 23:41:53.929,1.28006,1.28016,1.00,2.25
2017.10.25 23:41:56.251,1.28006,1.28015,1.87,1.25
2017.10.25 23:41:56.809,1.28006,1.28016,1.50,2.62
2017.10.25 23:41:58.629,1.28006,1.28015,2.62,1.25
2017.10.25 23:41:59.320,1.28006,1.28016,2.62,3.56
2017.10.25 23:42:00.010,1.28006,1.28016,2.25,3.94
2017.10.25 23:42:10.676,1.28006,1.28014,1.87,1.25
2017.10.25 23:42:10.779,1.28004,1.28014,1.00,2.06
2017.10.25 23:42:10.831,1.27996,1.28004,2.25,2.44
2017.10.25 23:42:10.882,1.27994,1.28003,1.00,1.87
2017.10.25 23:42:10.934,1.27992,1.28002,2.25,1.12
2017.10.25 23:42:10.986,1.27994,1.28001,1.50,1.00
2017.10.25 23:42:11.038,1.27992,1.28003,2.44,2.25
2017.10.25 23:42:11.090,1.27993,1.28003,1.00,2.25
2017.10.25 23:42:11.141,1.27991,1.28001,1.69,1.87
2017.10.25 23:42:11.346,1.27996,1.28001,1.00,1.10
2017.10.25 23:42:11.398,1.27993,1.28001,2.62,1.00
2017.10.25 23:42:11.450,1.27993,1.28003,1.12,1.10
2017.10.25 23:42:11.963,1.27994,1.28004,1.25,1.50
2017.10.25 23:42:12.259,1.27995,1.28005,1.44,3.07
2017.10.25 23:42:12.804,1.27995,1.28005,1.25,1.50
2017.10.25 23:42:13.235,1.27996,1.28006,1.44,1.50
2017.10.25 23:42:17.668,1.27995,1.28007,2.25,2.70
2017.10.25 23:42:19.565,1.27995,1.28006,2.25,1.00
2017.10.25 23:42:20.188,1.27995,1.28006,2.44,1.00
2017.10.25 23:42:20.868,1.27995,1.28007,2.62,2.70
2017.10.25 23:42:21.696,1.27996,1.28007,1.25,2.32
2017.10.25 23:42:23.700,1.27995,1.28006,2.25,1.00
2017.10.25 23:42:24.242,1.27995,1.28006,2.06,1.10
2017.10.25 23:42:24.752,1.27996,1.28006,2.06,1.87
2017.10.25 23:42:25.525,1.27996,1.28006,2.25,1.87
2017.10.25 23:42:27.459,1.27996,1.28006,1.44,1.87
2017.10.25 23:42:30.565,1.27996,1.28006,1.81,1.87
2017.10.25 23:42:30.899,1.27996,1.28004,1.50,1.00
2017.10.25 23:42:31.671,1.27995,1.28003,1.69,1.00
2017.10.25 23:42:42.352,1.27995,1.28003,2.62,1.00
2017.10.25 23:42:42.403,1.27995,1.28004,1.87,1.00
2017.10.25 23:42:45.820,1.27995,1.28003,1.50,1.00
2017.10.25 23:42:49.255,1.27995,1.28003,1.31,1.00
2017.10.25 23:42:49.332,1.27995,1.28003,1.50,1.00
2017.10.25 23:42:49.612,1.27995,1.28003,1.31,1.00
2017.10.25 23:42:50.222,1.27996,1.28003,1.00,1.00
2017.10.25 23:42:50.915,1.27995,1.28003,1.50,1.00
2017.10.25 23:42:51.874,1.27996,1.28003,1.00,1.00
2017.10.25 23:42:52.984,1.27995,1.28003,1.50,1.00
2017.10.25 23:42:53.524,1.27996,1.28003,1.00,1.00
2017.10.25 23:42:54.182,1.27995,1.28003,1.50,1.00
2017.10.25 23:42:54.728,1.27996,1.28003,1.00,1.00
2017.10.25 23:42:56.088,1.27993,1.28,2.62,1.00
2017.10.25 23:42:56.243,1.27994,1.28003,2.44,1.00
2017.10.25 23:42:56.858,1.27996,1.28003,1.12,1.00
2017.10.25 23:42:57.815,1.27995,1.28003,1.87,1.00
2017.10.25 23:42:59.012,1.27995,1.28003,2.44,1.00
2017.10.25 23:43:00.063,1.27996,1.28003,1.00,1.00
2017.10.25 23:43:00.114,1.27997,1.28004,1.19,1.00
2017.10.25 23:43:00.649,1.27997,1.28004,1.00,1.00
2017.10.25 23:43:01.203,1.27996,1.28004,1.00,1.50
2017.10.25 23:43:01.776,1.27995,1.28004,1.87,1.50
2017.10.25 23:43:02.085,1.27996,1.28002,1.69,1.00
2017.10.25 23:43:03.605,1.27995,1.28004,1.50,1.00
2017.10.25 23:43:04.115,1.27996,1.28004,1.50,1.00
2017.10.25 23:43:04.730,1.27995,1.28004,1.69,1.00
2017.10.25 23:43:05.257,1.27996,1.28004,1.00,1.00
2017.10.25 23:43:06.710,1.27995,1.28004,1.12,1.00
2017.10.25 23:43:07.973,1.27996,1.28004,1.00,1.00
2017.10.25 23:43:08.478,1.27995,1.28004,1.50,1.00
2017.10.25 23:43:09.188,1.27996,1.28004,1.00,1.00
2017.10.25 23:43:09.730,1.27995,1.28004,1.12,1.00
2017.10.25 23:43:10.705,1.27996,1.28004,1.00,1.00
2017.10.25 23:43:11.238,1.27995,1.28004,1.00,1.00
2017.10.25 23:43:12.695,1.27995,1.28002,1.00,1.00
2017.10.25 23:43:12.798,1.2799,1.27998,1.50,1.00
2017.10.25 23:43:12.944,1.27991,1.27997,1.19,1.00
2017.10.25 23:43:12.995,1.27993,1.27999,1.50,1.50
2017.10.25 23:43:13.048,1.27996,1.28,1.00,1.00
2017.10.25 23:43:13.101,1.27996,1.28003,1.00,1.12
2017.10.25 23:43:13.204,1.27995,1.28001,1.00,1.00
2017.10.25 23:43:13.357,1.27997,1.28004,1.00,1.00
2017.10.25 23:43:13.409,1.27993,1.28,1.00,1.00
2017.10.25 23:43:13.715,1.27996,1.28002,1.00,1.00
2017.10.25 23:43:14.351,1.27995,1.28002,1.87,1.00
2017.10.25 23:43:19.011,1.27995,1.28005,1.87,1.57
2017.10.25 23:43:19.654,1.27995,1.28005,1.87,1.57
2017.10.25 23:43:23.947,1.27995,1.28005,2.06,1.50
2017.10.25 23:43:24.520,1.27996,1.28005,1.00,1.50
2017.10.25 23:43:25.445,1.27995,1.28005,1.87,1.50
2017.10.25 23:43:26.056,1.27996,1.28005,1.00,1.50
2017.10.25 23:43:26.580,1.27995,1.28005,1.50,1.50
2017.10.25 23:43:27.758,1.27996,1.28005,1.00,1.50
2017.10.25 23:43:28.365,1.27995,1.28005,1.50,1.50
2017.10.25 23:43:29.757,1.27996,1.28005,1.00,1.50
2017.10.25 23:43:30.322,1.27995,1.28005,1.87,2.44
2017.10.25 23:43:32.898,1.27996,1.28005,1.00,2.44
2017.10.25 23:43:33.703,1.27995,1.28005,1.87,2.44
2017.10.25 23:43:35.908,1.27996,1.28005,1.00,1.76
2017.10.25 23:43:36.673,1.27995,1.28005,1.87,2.14
2017.10.25 23:43:37.332,1.27996,1.28005,1.00,2.14
2017.10.25 23:43:37.968,1.27995,1.28005,1.87,2.14
2017.10.25 23:43:38.781,1.27996,1.28005,1.00,2.14
2017.10.25 23:43:39.888,1.27995,1.28005,1.87,2.14
2017.10.25 23:43:40.633,1.27996,1.28005,1.00,2.14
2017.10.25 23:43:42.824,1.27995,1.28005,1.87,1.69
2017.10.25 23:43:43.604,1.27996,1.28005,1.00,1.69
2017.10.25 23:43:44.264,1.27995,1.28005,1.87,1.69
2017.10.25 23:43:44.825,1.27996,1.28005,1.00,2.06
2017.10.25 23:43:45.913,1.27995,1.28005,1.87,2.06
2017.10.25 23:43:47.944,1.27996,1.28005,1.00,2.06
2017.10.25 23:43:48.652,1.27995,1.28005,1.87,2.06
2017.10.25 23:43:50.379,1.27996,1.28005,1.00,2.06
2017.10.25 23:43:51.770,1.27995,1.28005,1.87,1.76
2017.10.25 23:43:52.555,1.27996,1.28005,1.00,1.76
2017.10.25 23:43:53.780,1.27995,1.28005,1.87,1.76
2017.10.25 23:43:54.654,1.27996,1.28005,1.00,2.51
2017.10.25 23:43:55.653,1.27995,1.28005,1.87,1.76
2017.10.25 23:43:57.349,1.27995,1.28003,1.50,1.69
2017.10.25 23:43:57.451,1.27993,1.28002,2.62,1.25
2017.10.25 23:43:57.503,1.27992,1.28,1.12,1.00
2017.10.25 23:43:57.659,1.2799,1.28,1.00,3.00
2017.10.25 23:43:57.878,1.27989,1.27998,1.00,1.00
2017.10.25 23:43:58.520,1.27988,1.27996,1.50,1.00
2017.10.25 23:43:58.828,1.27982,1.2799,1.00,1.69
2017.10.25 23:43:59.032,1.2798,1.2799,1.50,3.00
2017.10.25 23:44:00.625,1.27981,1.2799,1.00,2.62
2017.10.25 23:44:02.988,1.2798,1.27989,1.00,1.50
2017.10.25 23:44:03.496,1.27979,1.27988,1.12,1.50
2017.10.25 23:44:04.192,1.27979,1.27988,1.44,1.50
2017.10.25 23:44:07.598,1.2798,1.27988,2.25,1.50
2017.10.25 23:44:07.759,1.2798,1.27988,1.87,1.00
2017.10.25 23:44:08.423,1.27979,1.27988,2.62,1.00
2017.10.25 23:44:14.229,1.27979,1.27988,3.19,1.00
2017.10.25 23:44:15.047,1.2798,1.27989,2.81,2.25
2017.10.25 23:44:15.150,1.27979,1.27989,1.69,2.25
2017.10.25 23:44:15.811,1.2798,1.27988,1.69,2.25
2017.10.25 23:44:22.501,1.27979,1.27988,1.69,1.50
2017.10.25 23:44:25.395,1.27979,1.27989,1.69,3.75
2017.10.25 23:44:26.001,1.2798,1.27989,2.44,3.00
2017.10.25 23:44:27.091,1.2798,1.27989,1.19,2.25
2017.10.25 23:44:27.143,1.27979,1.27987,1.00,1.00
2017.10.25 23:44:27.744,1.27979,1.27986,1.00,1.12
2017.10.25 23:44:27.867,1.27975,1.27985,1.75,1.12
2017.10.25 23:44:27.918,1.27977,1.27987,1.87,1.10
2017.10.25 23:44:28.525,1.27977,1.27986,1.00,1.00
2017.10.25 23:44:30.353,1.27978,1.27986,1.00,1.00
2017.10.25 23:44:30.455,1.27975,1.27985,1.87,1.62
2017.10.25 23:44:30.981,1.27983,1.27987,1.12,1.57
2017.10.25 23:44:31.033,1.27979,1.27988,1.00,1.00
2017.10.25 23:44:31.238,1.27976,1.27987,1.69,1.50
2017.10.25 23:44:32.282,1.27976,1.27987,1.31,1.50
2017.10.25 23:44:33.360,1.27977,1.27987,1.00,1.69
2017.10.25 23:44:34.140,1.27977,1.27987,2.06,1.50
2017.10.25 23:44:34.824,1.27976,1.27987,3.19,1.50
2017.10.25 23:44:35.875,1.27976,1.27987,3.19,1.50
2017.10.25 23:44:36.483,1.27977,1.27987,1.69,1.50
2017.10.25 23:44:37.193,1.27976,1.27987,2.62,1.87
2017.10.25 23:44:37.245,1.27978,1.27987,1.00,1.50
2017.10.25 23:44:40.724,1.27977,1.27987,1.50,1.00
2017.10.25 23:44:42.021,1.27978,1.27987,1.00,1.00
2017.10.25 23:44:42.531,1.27977,1.27987,1.12,1.00
2017.10.25 23:44:43.087,1.27977,1.27986,1.50,1.00
2017.10.25 23:44:43.728,1.27976,1.27986,3.00,1.00
2017.10.25 23:44:47.140,1.27978,1.27986,1.00,1.00
2017.10.25 23:44:48.266,1.27976,1.27986,1.87,2.06
2017.10.25 23:44:48.419,1.27976,1.27985,1.00,1.44
2017.10.25 23:44:48.814,1.27976,1.27986,1.31,1.50
2017.10.25 23:44:49.329,1.27976,1.27986,1.50,1.50
2017.10.25 23:44:49.494,1.27975,1.27986,1.69,4.12
2017.10.25 23:44:50.324,1.27975,1.27986,2.25,4.50
2017.10.25 23:44:51.269,1.27974,1.27984,1.12,2.81
2017.10.25 23:44:51.320,1.27972,1.27982,2.25,1.12
2017.10.25 23:44:51.771,1.27971,1.2798,1.00,1.00
2017.10.25 23:44:52.307,1.2797,1.2798,3.00,1.00
2017.10.25 23:44:52.818,1.27971,1.2798,1.00,1.00
2017.10.25 23:44:53.430,1.2797,1.2798,3.75,1.00
2017.10.25 23:44:53.957,1.27971,1.2798,1.25,1.00
2017.10.25 23:44:54.521,1.2797,1.2798,1.12,1.00
2017.10.25 23:44:55.533,1.27972,1.2798,1.00,1.50
2017.10.25 23:44:56.120,1.27973,1.2798,1.00,1.00
2017.10.25 23:44:56.624,1.27971,1.2798,2.00,1.00
2017.10.25 23:44:57.296,1.27973,1.2798,1.25,1.00
2017.10.25 23:45:00.679,1.27972,1.2798,1.25,1.00
2017.10.25 23:45:01.501,1.27971,1.2798,3.19,1.00
2017.10.25 23:45:01.552,1.27971,1.2798,2.06,1.00
2017.10.25 23:45:02.109,1.27971,1.2798,2.44,1.00
2017.10.25 23:45:02.732,1.2797,1.2798,3.56,1.00
2017.10.25 23:45:04.011,1.27971,1.2798,2.81,1.00
2017.10.25 23:45:04.842,1.27971,1.2798,1.00,1.00
2017.10.25 23:45:07.356,1.2797,1.2798,3.00,1.00
2017.10.25 23:45:07.890,1.2797,1.2798,3.00,1.00
2017.10.25 23:45:09.366,1.2797,1.2798,3.00,1.00
2017.10.25 23:45:10.073,1.2797,1.2798,3.00,1.00
2017.10.25 23:45:11.912,1.2797,1.2798,3.00,1.00
2017.10.25 23:45:13.901,1.2797,1.2798,3.00,1.00
2017.10.25 23:45:14.749,1.27971,1.2798,1.37,1.00
2017.10.25 23:45:15.474,1.27971,1.2798,1.00,1.00
2017.10.25 23:45:18.210,1.2797,1.2798,3.00,1.00
2017.10.25 23:45:19.089,1.2797,1.2798,3.00,1.00
2017.10.25 23:45:19.613,1.2797,1.2798,3.37,1.50
2017.10.25 23:45:20.425,1.27971,1.2798,1.00,1.50
2017.10.25 23:45:27.432,1.27968,1.27976,1.00,1.00
2017.10.25 23:45:27.739,1.27966,1.27976,2.06,1.00
2017.10.25 23:45:28.588,1.27965,1.27978,3.94,2.44
2017.10.25 23:45:29.102,1.27966,1.27978,1.25,3.26
2017.10.25 23:45:29.639,1.27967,1.27977,1.00,1.50
2017.10.25 23:45:30.821,1.27967,1.27977,4.31,1.00
2017.10.25 23:45:30.974,1.27969,1.2798,1.87,2.25
2017.10.25 23:45:34.690,1.27969,1.27979,2.81,1.00
2017.10.25 23:45:35.204,1.27969,1.27978,1.81,1.00
2017.10.25 23:45:37.011,1.27969,1.27978,2.44,1.00
2017.10.25 23:45:38.051,1.27969,1.27978,3.00,1.00
2017.10.25 23:45:40.360,1.27971,1.2798,1.00,1.12
2017.10.25 23:45:46.659,1.27971,1.2798,1.62,1.00
2017.10.25 23:45:47.317,1.27971,1.27981,1.81,1.87
2017.10.25 23:45:48.266,1.27971,1.27981,1.12,1.00
2017.10.25 23:45:48.883,1.27971,1.27981,1.37,1.25
2017.10.25 23:45:49.411,1.27971,1.27981,4.50,1.00
2017.10.25 23:45:50.371,1.27971,1.27981,1.87,1.00
2017.10.25 23:45:50.975,1.27971,1.27983,1.87,2.25
2017.10.25 23:45:51.720,1.27971,1.27983,1.87,2.25
2017.10.25 23:45:52.260,1.27971,1.27983,2.25,2.44
2017.10.25 23:45:52.900,1.27971,1.27983,1.50,2.25
2017.10.25 23:45:53.755,1.27973,1.27983,1.00,2.25
2017.10.25 23:45:53.806,1.27975,1.27983,1.00,2.25
2017.10.25 23:45:54.117,1.27985,1.27993,1.00,1.00
2017.10.25 23:45:54.668,1.27985,1.27994,1.00,1.31
2017.10.25 23:45:55.201,1.27985,1.27993,1.00,1.25
2017.10.25 23:45:55.336,1.27986,1.27995,1.00,1.69
2017.10.25 23:45:55.924,1.27987,1.27995,1.00,1.37
2017.10.25 23:45:56.333,1.27987,1.27997,1.00,3.19
2017.10.25 23:45:56.889,1.27987,1.27996,1.00,1.25
2017.10.25 23:45:56.941,1.27987,1.27995,1.00,1.06
2017.10.25 23:45:57.372,1.27987,1.27996,1.00,1.87
2017.10.25 23:45:57.627,1.27986,1.27996,1.00,2.19
2017.10.25 23:45:58.149,1.27986,1.27995,1.00,1.25
2017.10.25 23:45:58.680,1.27987,1.27997,1.00,2.06
2017.10.25 23:45:59.315,1.27987,1.27997,1.00,1.69
2017.10.25 23:46:01.206,1.27987,1.27997,1.00,2.25
2017.10.25 23:46:01.542,1.27986,1.27995,1.00,1.50
2017.10.25 23:46:01.715,1.27981,1.27994,1.69,1.37
2017.10.25 23:46:02.310,1.27981,1.27994,2.44,1.37
2017.10.25 23:46:02.493,1.27984,1.27995,1.00,1.00
2017.10.25 23:46:03.000,1.27985,1.27996,1.50,1.87
2017.10.25 23:46:03.577,1.27985,1.27995,1.00,1.00
2017.10.25 23:46:04.842,1.27985,1.27996,1.50,1.87
2017.10.25 23:46:06.855,1.27988,1.27997,1.00,3.37
2017.10.25 23:46:07.393,1.27988,1.27996,1.00,1.19
2017.10.25 23:46:07.761,1.27984,1.27997,1.87,3.19
2017.10.25 23:46:08.177,1.27985,1.27995,1.50,1.25
2017.10.25 23:46:08.385,1.27982,1.27995,3.37,1.25
2017.10.25 23:46:08.540,1.27982,1.27994,1.25,2.62
2017.10.25 23:46:09.271,1.27982,1.27992,1.00,1.00
2017.10.25 23:46:09.934,1.2798,1.27992,3.19,1.00
2017.10.25 23:46:10.591,1.2798,1.27991,2.44,1.00
2017.10.25 23:46:12.538,1.2798,1.27991,2.44,1.00
2017.10.25 23:46:13.232,1.27981,1.27991,1.25,1.00
2017.10.25 23:46:13.893,1.2798,1.27991,2.44,1.00
2017.10.25 23:46:15.317,1.2798,1.27991,1.87,1.00
2017.10.25 23:46:15.874,1.2798,1.27991,1.87,1.00
2017.10.25 23:46:16.358,1.27981,1.27991,1.19,1.25
2017.10.25 23:46:19.025,1.27983,1.27991,1.25,1.00
2017.10.25 23:46:19.702,1.27982,1.27991,1.00,1.00
2017.10.25 23:46:20.241,1.27981,1.27991,1.25,1.00
2017.10.25 23:46:21.748,1.27981,1.2799,1.25,1.00
2017.10.25 23:46:22.088,1.27984,1.27993,1.00,1.69
2017.10.25 23:46:22.241,1.27987,1.27996,1.00,2.81
2017.10.25 23:46:22.752,1.27989,1.27996,1.00,1.25
2017.10.25 23:46:23.057,1.27989,1.27996,1.00,1.87
2017.10.25 23:46:24.381,1.27989,1.27996,1.00,1.69
2017.10.25 23:46:25.178,1.27989,1.27996,1.00,1.37
2017.10.25 23:46:27.211,1.27989,1.27996,1.00,1.25
2017.10.25 23:46:27.382,1.27989,1.27996,1.00,1.37
