2010.01.19 16:00:00.047,1.0315,1.03165,2.80,2.40
2010.01.19 16:00:00.377,1.0315,1.0317,46.80,1.60
2010.01.19 16:00:00.727,1.0315,1.03175,48.40,7.20
2010.01.19 16:00:01.077,1.03155,1.03175,1.60,7.40
2010.01.19 16:00:01.477,1.03155,1.03175,1.60,6.80
2010.01.19 16:00:01.837,1.03155,1.03175,1.60,5.60
2010.01.19 16:00:02.077,1.03155,1.03175,1.60,6.40
2010.01.19 16:00:02.357,1.03155,1.03175,1.60,5.70
2010.01.19 16:00:02.587,1.0316,1.0318,3.20,41.60
2010.01.19 16:00:02.857,1.0316,1.0318,3.20,45.60
2010.01.19 16:00:03.196,1.0316,1.0318,5.60,32.80
2010.01.19 16:00:03.546,1.03165,1.03185,3.20,8.80
2010.01.19 16:00:04.196,1.03165,1.03185,1.60,2.40
2010.01.19 16:00:04.476,1.03165,1.03185,7.50,1.60
2010.01.19 16:00:04.766,1.0317,1.0319,1.00,1.60
2010.01.19 16:00:05.066,1.0317,1.0319,10.80,1.60
2010.01.19 16:00:05.756,1.0317,1.0319,12.40,1.60
2010.01.19 16:00:06.106,1.0317,1.0319,15.60,1.60
2010.01.19 16:00:06.396,1.03175,1.032,1.60,13.60
2010.01.19 16:00:06.686,1.03175,1.03195,1.60,1.00
2010.01.19 16:00:06.986,1.0317,1.03195,4.00,8.80
2010.01.19 16:00:07.385,1.0317,1.03195,5.60,12.40
2010.01.19 16:00:07.726,1.0317,1.0319,5.60,1.60
2010.01.19 16:00:08.076,1.0317,1.0319,40.00,1.60
2010.01.19 16:00:08.255,1.0317,1.0319,40.80,1.60
2010.01.19 16:00:08.485,1.0317,1.03195,40.80,4.40
2010.01.19 16:00:08.885,1.0317,1.03195,40.80,3.90
2010.01.19 16:00:09.465,1.03175,1.03195,1.60,3.90
2010.01.19 16:00:09.635,1.03175,1.03195,1.60,3.10
2010.01.19 16:00:10.145,1.03175,1.03195,1.60,4.50
2010.01.19 16:00:10.365,1.0317,1.03195,44.00,4.50
2010.01.19 16:00:10.705,1.0317,1.03195,44.00,8.40
2010.01.19 16:00:11.055,1.0317,1.03195,44.00,8.20
2010.01.19 16:00:11.395,1.0317,1.03195,44.00,7.80
2010.01.19 16:00:11.744,1.0317,1.03195,44.00,7.10
2010.01.19 16:00:12.145,1.0317,1.03195,44.00,7.70
2010.01.19 16:00:13.134,1.0318,1.0319,1.60,5.60
2010.01.19 16:00:13.514,1.0317,1.0319,3.20,10.40
2010.01.19 16:00:13.694,1.0317,1.03185,3.20,1.60
2010.01.19 16:00:13.864,1.03165,1.03185,1.00,2.40
2010.01.19 16:00:14.034,1.0316,1.0318,2.40,1.60
2010.01.19 16:00:14.204,1.03155,1.0318,27.20,1.60
2010.01.19 16:00:14.544,1.0316,1.0318,2.40,1.60
2010.01.19 16:00:14.894,1.0317,1.0318,3.20,1.60
2010.01.19 16:00:15.244,1.0316,1.0318,5.80,6.00
2010.01.19 16:00:15.654,1.0316,1.0318,2.40,1.60
2010.01.19 16:00:16.004,1.0316,1.0318,8.80,1.60
2010.01.19 16:00:16.394,1.0316,1.0318,3.20,1.60
2010.01.19 16:00:17.423,1.0316,1.0318,3.20,10.90
2010.01.19 16:00:17.763,1.0316,1.0318,7.20,1.70
2010.01.19 16:00:18.093,1.03165,1.0318,1.00,1.60
2010.01.19 16:00:20.822,1.03165,1.0318,2.50,1.00
2010.01.19 16:00:21.172,1.03165,1.0319,15.70,1.60
2010.01.19 16:00:22.093,1.03165,1.0319,15.70,1.60
2010.01.19 16:00:22.492,1.03165,1.0319,15.80,1.60
2010.01.19 16:00:22.672,1.03165,1.0319,16.60,1.60
2010.01.19 16:00:23.562,1.03175,1.0319,1.00,1.60
2010.01.19 16:00:23.912,1.03185,1.032,1.60,2.40
2010.01.19 16:00:24.192,1.03185,1.0321,1.70,18.40
2010.01.19 16:00:24.302,1.0319,1.0321,2.40,8.40
2010.01.19 16:00:24.472,1.0319,1.0321,4.00,1.60
2010.01.19 16:00:25.341,1.0319,1.0321,1.60,8.40
2010.01.19 16:00:25.731,1.03185,1.03205,2.10,1.60
2010.01.19 16:00:26.081,1.03185,1.0321,1.70,14.00
2010.01.19 16:00:26.431,1.0319,1.0321,1.60,13.20
2010.01.19 16:00:26.731,1.0319,1.0321,3.20,2.40
2010.01.19 16:00:27.071,1.03195,1.03215,1.60,3.20
2010.01.19 16:00:27.311,1.03195,1.03215,1.60,2.80
2010.01.19 16:00:27.591,1.0319,1.03215,20.00,2.80
2010.01.19 16:00:27.891,1.0319,1.03215,20.00,2.80
2010.01.19 16:00:28.351,1.0319,1.03215,20.00,2.50
2010.01.19 16:00:28.750,1.03195,1.03215,1.70,2.40
2010.01.19 16:00:28.930,1.0319,1.03215,15.40,2.40
2010.01.19 16:00:29.680,1.03195,1.03215,1.00,2.40
2010.01.19 16:00:30.030,1.03195,1.03215,1.00,2.60
2010.01.19 16:00:30.680,1.03195,1.03215,1.00,2.40
2010.01.19 16:00:31.030,1.03195,1.03215,1.00,2.40
2010.01.19 16:00:31.959,1.03195,1.0321,1.00,1.60
2010.01.19 16:00:32.299,1.03195,1.03215,3.20,2.20
2010.01.19 16:00:32.599,1.03195,1.0322,3.20,8.20
2010.01.19 16:00:33.179,1.03195,1.03215,3.20,1.00
2010.01.19 16:00:34.039,1.03195,1.03215,1.60,2.50
2010.01.19 16:00:34.159,1.03195,1.03215,1.60,8.10
2010.01.19 16:00:34.281,1.03195,1.03215,1.60,10.10
2010.01.19 16:00:34.339,1.03195,1.03215,1.00,10.10
2010.01.19 16:00:34.739,1.03195,1.0321,1.00,1.60
2010.01.19 16:00:35.089,1.03195,1.0321,1.00,8.00
2010.01.19 16:00:37.268,1.03195,1.0321,1.00,1.60
2010.01.19 16:00:38.148,1.03195,1.03215,1.00,10.00
2010.01.19 16:00:38.478,1.03195,1.03215,1.00,10.20
2010.01.19 16:00:40.997,1.03195,1.03215,2.00,6.00
2010.01.19 16:00:41.398,1.0319,1.03215,15.60,1.80
2010.01.19 16:00:42.387,1.032,1.03215,3.20,1.00
2010.01.19 16:00:42.727,1.032,1.03215,4.80,1.00
2010.01.19 16:00:44.786,1.032,1.03215,3.20,1.00
2010.01.19 16:00:45.006,1.03195,1.03215,13.30,1.00
2010.01.19 16:00:45.356,1.03195,1.03215,3.70,1.00
2010.01.19 16:00:45.706,1.03195,1.03215,3.30,2.20
2010.01.19 16:00:46.066,1.03195,1.03215,1.00,2.20
2010.01.19 16:00:47.176,1.03195,1.03215,1.00,3.00
2010.01.19 16:00:47.446,1.03195,1.03215,1.00,10.80
2010.01.19 16:00:47.676,1.03195,1.03215,1.00,9.20
2010.01.19 16:00:47.916,1.03195,1.03215,1.70,5.20
2010.01.19 16:00:48.136,1.03195,1.03215,1.70,4.40
2010.01.19 16:00:48.376,1.03195,1.03215,1.70,2.30
2010.01.19 16:00:48.765,1.03195,1.03215,1.70,3.00
2010.01.19 16:00:50.265,1.03195,1.0321,1.00,2.40
2010.01.19 16:00:50.435,1.0319,1.03205,3.20,1.00
2010.01.19 16:00:50.895,1.0319,1.03205,2.40,1.00
2010.01.19 16:00:52.295,1.0319,1.0321,2.40,1.60
2010.01.19 16:00:53.664,1.0319,1.03215,2.40,14.70
2010.01.19 16:00:54.004,1.0319,1.03215,4.00,13.40
2010.01.19 16:00:54.914,1.0319,1.0321,2.40,1.60
2010.01.19 16:00:55.204,1.0319,1.0321,1.60,1.60
2010.01.19 16:00:56.174,1.03185,1.0321,4.40,10.40
2010.01.19 16:00:56.514,1.0319,1.0321,2.60,1.60
2010.01.19 16:00:56.864,1.03195,1.0321,1.00,1.60
2010.01.19 16:00:57.166,1.03195,1.03215,1.00,15.00
2010.01.19 16:00:57.334,1.03195,1.03215,1.00,10.20
2010.01.19 16:00:57.453,1.03195,1.03215,1.00,6.20
2010.01.19 16:00:58.813,1.03195,1.03215,1.00,6.10
2010.01.19 16:00:59.163,1.03195,1.03215,1.00,6.10
2010.01.19 16:00:59.803,1.03195,1.03215,1.00,6.10
2010.01.19 16:01:00.273,1.03195,1.03215,1.00,6.10
2010.01.19 16:01:00.633,1.03195,1.03215,1.00,14.90
2010.01.19 16:01:00.983,1.03195,1.0321,1.00,1.00
2010.01.19 16:01:01.343,1.0319,1.03205,1.00,1.00
2010.01.19 16:01:01.702,1.03185,1.032,1.00,1.60
2010.01.19 16:01:02.323,1.03185,1.03205,1.00,12.90
2010.01.19 16:01:02.492,1.03185,1.032,1.00,1.60
2010.01.19 16:01:03.452,1.03185,1.03205,2.00,6.00
2010.01.19 16:01:03.862,1.03185,1.03205,1.00,13.70
2010.01.19 16:01:04.702,1.03185,1.03205,1.00,12.40
2010.01.19 16:01:05.441,1.03185,1.03205,1.00,12.20
2010.01.19 16:01:06.141,1.03185,1.03205,1.00,8.20
2010.01.19 16:01:06.491,1.0318,1.03205,4.00,13.60
2010.01.19 16:01:07.481,1.03185,1.03205,1.60,5.60
2010.01.19 16:01:07.811,1.0319,1.03205,1.00,1.60
2010.01.19 16:01:08.431,1.0319,1.03205,1.00,1.60
2010.01.19 16:01:09.591,1.0319,1.03205,1.00,5.60
2010.01.19 16:01:09.871,1.0319,1.03205,1.00,6.40
2010.01.19 16:01:13.060,1.03195,1.03205,1.00,6.40
2010.01.19 16:01:13.400,1.03195,1.0321,1.00,7.40
2010.01.19 16:01:13.740,1.03195,1.0321,1.00,11.20
2010.01.19 16:01:14.719,1.0319,1.0321,1.00,11.20
2010.01.19 16:01:16.119,1.0319,1.0321,1.00,10.40
2010.01.19 16:01:16.469,1.0319,1.0321,6.40,2.40
2010.01.19 16:01:16.859,1.03195,1.03215,1.00,14.40
2010.01.19 16:01:17.029,1.03195,1.03215,1.00,13.60
2010.01.19 16:01:17.259,1.03195,1.0321,1.00,1.60
2010.01.19 16:01:19.028,1.03195,1.0321,1.00,2.40
2010.01.19 16:01:19.328,1.03195,1.0321,1.00,6.00
2010.01.19 16:01:19.668,1.0319,1.03215,10.40,5.00
2010.01.19 16:01:19.908,1.0319,1.03215,10.40,1.80
2010.01.19 16:01:20.298,1.0319,1.0321,3.20,1.60
2010.01.19 16:01:20.988,1.03185,1.0321,17.20,4.80
2010.01.19 16:01:21.338,1.03195,1.0321,1.00,8.00
2010.01.19 16:01:21.688,1.03195,1.03215,1.00,5.00
2010.01.19 16:01:22.047,1.03195,1.03215,1.00,7.40
2010.01.19 16:01:22.377,1.0319,1.03205,1.00,4.80
2010.01.19 16:01:22.727,1.0319,1.03205,1.60,10.40
2010.01.19 16:01:25.817,1.0319,1.03205,1.00,10.40
2010.01.19 16:01:28.826,1.0319,1.03205,1.60,10.70
2010.01.19 16:01:28.886,1.0319,1.03205,1.60,10.10
2010.01.19 16:01:29.226,1.0319,1.03205,1.60,10.70
2010.01.19 16:01:29.396,1.0319,1.03205,1.60,6.70
2010.01.19 16:01:29.506,1.03185,1.03205,2.00,5.10
2010.01.19 16:01:29.796,1.03185,1.03205,1.00,9.10
2010.01.19 16:01:30.025,1.03185,1.03205,1.00,9.10
2010.01.19 16:01:30.305,1.03185,1.03205,1.00,9.30
2010.01.19 16:01:31.565,1.03185,1.03205,1.00,10.90
2010.01.19 16:01:32.425,1.0318,1.03205,4.80,10.90
2010.01.19 16:01:33.195,1.0318,1.03205,4.80,9.30
2010.01.19 16:01:33.435,1.03185,1.03205,1.00,9.30
2010.01.19 16:01:33.975,1.0319,1.03205,1.00,10.40
2010.01.19 16:01:34.845,1.0319,1.03205,1.00,8.80
2010.01.19 16:01:35.294,1.0319,1.03205,1.00,10.40
2010.01.19 16:01:39.293,1.0319,1.03205,1.00,9.80
2010.01.19 16:01:41.573,1.0319,1.03205,1.00,10.00
2010.01.19 16:01:42.033,1.0319,1.03205,1.00,9.80
2010.01.19 16:01:42.203,1.03195,1.03205,1.00,4.20
2010.01.19 16:01:42.613,1.03195,1.03205,1.00,6.60
2010.01.19 16:01:42.943,1.03195,1.03205,1.00,6.50
2010.01.19 16:01:43.642,1.03195,1.03205,1.00,6.40
2010.01.19 16:01:43.982,1.03195,1.03205,1.00,1.00
2010.01.19 16:01:44.332,1.03195,1.0321,1.00,6.40
2010.01.19 16:01:44.852,1.03195,1.0321,1.00,8.00
2010.01.19 16:01:46.631,1.03185,1.03205,1.80,10.00
2010.01.19 16:01:46.862,1.03195,1.03205,1.00,1.60
2010.01.19 16:01:47.082,1.03195,1.0321,1.60,2.40
2010.01.19 16:01:47.302,1.03195,1.0321,1.60,1.00
2010.01.19 16:01:47.531,1.03195,1.0322,1.60,14.00
2010.01.19 16:01:47.821,1.03195,1.0322,1.80,14.00
2010.01.19 16:01:48.911,1.032,1.0322,1.00,14.00
2010.01.19 16:01:49.131,1.032,1.03215,1.00,1.60
2010.01.19 16:01:49.301,1.032,1.03215,1.00,4.00
2010.01.19 16:01:49.471,1.032,1.03215,1.00,9.60
2010.01.19 16:01:49.811,1.032,1.03215,1.00,10.00
2010.01.19 16:01:50.201,1.032,1.03215,1.00,4.00
2010.01.19 16:01:50.561,1.03195,1.0321,4.40,8.80
2010.01.19 16:01:50.851,1.03195,1.0321,1.60,1.00
2010.01.19 16:01:51.260,1.03195,1.03215,3.20,1.00
2010.01.19 16:01:51.590,1.032,1.0322,1.00,1.60
2010.01.19 16:01:53.570,1.032,1.0322,1.00,4.00
2010.01.19 16:01:53.910,1.032,1.0322,1.00,8.00
2010.01.19 16:01:55.490,1.0321,1.0322,1.00,4.80
2010.01.19 16:01:55.779,1.0321,1.0323,1.00,5.60
2010.01.19 16:01:56.129,1.0321,1.03235,3.20,9.20
2010.01.19 16:01:56.479,1.0322,1.03235,2.70,9.40
2010.01.19 16:01:57.649,1.0322,1.03235,2.70,9.20
2010.01.19 16:01:58.699,1.0322,1.03235,2.70,9.60
2010.01.19 16:01:59.558,1.0322,1.03235,2.70,9.00
2010.01.19 16:01:59.849,1.0322,1.03235,2.70,3.40
2010.01.19 16:01:59.968,1.0322,1.03235,2.70,1.00
2010.01.19 16:02:00.078,1.0322,1.0324,2.70,4.00
2010.01.19 16:02:01.438,1.0322,1.0324,2.70,4.80
2010.01.19 16:02:01.778,1.0322,1.0324,2.70,4.00
2010.01.19 16:02:02.118,1.0322,1.0324,2.70,4.80
2010.01.19 16:02:02.408,1.0322,1.03235,2.70,1.60
2010.01.19 16:02:02.798,1.0322,1.03235,2.60,1.60
2010.01.19 16:02:03.148,1.0322,1.0323,2.60,1.60
2010.01.19 16:02:03.328,1.0321,1.0323,7.30,1.60
2010.01.19 16:02:03.558,1.0321,1.0323,1.00,5.60
2010.01.19 16:02:05.577,1.0321,1.0323,1.00,1.60
2010.01.19 16:02:06.267,1.0321,1.03225,1.00,1.60
2010.01.19 16:02:12.855,1.0321,1.0322,1.00,1.60
2010.01.19 16:02:15.705,1.03205,1.03225,1.00,1.80
2010.01.19 16:02:16.045,1.03205,1.03225,1.00,2.20
2010.01.19 16:02:16.444,1.032,1.0322,8.00,1.60
2010.01.19 16:02:22.213,1.03205,1.0322,1.00,1.60
2010.01.19 16:02:22.433,1.03205,1.0322,1.00,1.60
2010.01.19 16:02:23.133,1.03205,1.0322,1.00,1.60
2010.01.19 16:02:23.723,1.032,1.03215,5.60,2.10
2010.01.19 16:02:23.953,1.032,1.03215,1.60,2.10
2010.01.19 16:02:24.133,1.03195,1.0321,1.00,1.60
2010.01.19 16:02:24.662,1.0319,1.0321,1.60,1.60
2010.01.19 16:02:25.692,1.0319,1.0321,5.60,1.60
2010.01.19 16:02:27.282,1.0319,1.0321,6.40,1.60
2010.01.19 16:02:27.842,1.0319,1.0321,5.60,1.60
2010.01.19 16:02:28.402,1.032,1.03215,1.00,1.60
2010.01.19 16:02:30.881,1.032,1.03215,1.00,1.60
2010.01.19 16:02:32.131,1.032,1.03215,1.00,1.60
2010.01.19 16:02:33.800,1.032,1.03215,1.00,1.60
2010.01.19 16:02:34.130,1.032,1.03215,1.00,1.70
2010.01.19 16:02:36.190,1.032,1.03215,1.00,2.00
2010.01.19 16:02:36.550,1.032,1.0321,1.00,1.60
2010.01.19 16:02:36.850,1.0319,1.0321,7.20,1.60
2010.01.19 16:02:41.188,1.0319,1.0321,10.40,1.60
2010.01.19 16:02:44.927,1.032,1.03215,1.00,1.80
2010.01.19 16:02:45.648,1.032,1.03215,1.00,1.60
2010.01.19 16:02:46.347,1.03205,1.03215,1.00,1.60
2010.01.19 16:02:46.697,1.0321,1.0322,3.20,1.60
2010.01.19 16:02:47.047,1.0321,1.0322,1.00,1.60
2010.01.19 16:02:47.447,1.0321,1.03225,1.00,1.60
2010.01.19 16:02:47.797,1.0321,1.0322,1.00,1.60
2010.01.19 16:02:57.455,1.032,1.0322,1.60,2.40
2010.01.19 16:02:57.575,1.032,1.0322,1.60,4.00
2010.01.19 16:02:57.694,1.03195,1.03215,4.80,1.00
2010.01.19 16:02:58.034,1.03195,1.03215,1.60,1.70
2010.01.19 16:03:01.803,1.0319,1.03215,12.00,2.00
2010.01.19 16:03:02.043,1.0319,1.03215,8.80,2.20
2010.01.19 16:03:06.233,1.032,1.03215,1.00,2.10
2010.01.19 16:03:06.582,1.032,1.03215,1.00,1.60
2010.01.19 16:03:20.809,1.032,1.0322,1.40,7.40
2010.01.19 16:03:21.159,1.032,1.03215,3.60,1.60
2010.01.19 16:03:21.549,1.032,1.03215,1.00,1.60
2010.01.19 16:03:22.129,1.032,1.03215,1.00,1.60
2010.01.19 16:03:28.527,1.032,1.03215,1.00,2.60
2010.01.19 16:03:29.217,1.032,1.03215,1.00,2.80
2010.01.19 16:03:29.607,1.032,1.03215,1.00,6.80
2010.01.19 16:03:29.787,1.032,1.03215,1.00,7.10
2010.01.19 16:03:29.907,1.0319,1.03215,4.80,7.60
2010.01.19 16:03:30.267,1.0319,1.03215,4.80,7.30
2010.01.19 16:03:30.446,1.0319,1.03215,8.80,3.30
2010.01.19 16:03:30.776,1.0319,1.03215,8.80,2.50
2010.01.19 16:03:33.916,1.0319,1.03215,8.80,2.20
2010.01.19 16:03:34.086,1.0319,1.03215,12.00,2.20
2010.01.19 16:03:34.256,1.0319,1.03215,12.00,2.10
2010.01.19 16:03:35.276,1.03195,1.03215,1.00,1.70
2010.01.19 16:03:35.625,1.032,1.03215,1.00,1.70
2010.01.19 16:03:36.005,1.032,1.03215,1.00,1.60
2010.01.19 16:03:41.524,1.032,1.03215,1.00,1.70
2010.01.19 16:03:42.084,1.032,1.03215,1.00,1.60
2010.01.19 16:03:44.414,1.032,1.03215,1.00,1.70
2010.01.19 16:03:45.743,1.032,1.03215,1.00,1.60
2010.01.19 16:03:51.002,1.03195,1.03215,1.00,1.70
2010.01.19 16:03:51.351,1.03195,1.03215,1.00,2.20
2010.01.19 16:03:51.691,1.032,1.03215,1.00,1.60
2010.01.19 16:03:52.971,1.03195,1.03215,1.70,1.60
2010.01.19 16:03:53.201,1.03195,1.03215,1.70,1.70
2010.01.19 16:03:53.371,1.03195,1.03215,1.00,2.30
2010.01.19 16:03:54.531,1.03195,1.03215,1.00,2.10
2010.01.19 16:03:54.871,1.03195,1.03215,1.00,2.40
2010.01.19 16:03:55.211,1.0319,1.03205,5.60,1.00
2010.01.19 16:03:55.551,1.0319,1.03205,1.60,1.00
2010.01.19 16:03:55.891,1.0319,1.032,1.60,1.60
2010.01.19 16:03:56.230,1.03185,1.032,1.00,1.60
2010.01.19 16:03:56.580,1.0318,1.032,4.80,1.60
2010.01.19 16:03:56.930,1.0318,1.032,1.60,1.60
2010.01.19 16:03:57.670,1.0318,1.032,2.40,1.60
2010.01.19 16:03:57.900,1.0318,1.032,4.00,1.60
2010.01.19 16:04:00.070,1.0318,1.032,11.20,1.60
2010.01.19 16:04:00.769,1.0319,1.03205,1.00,1.60
2010.01.19 16:04:01.179,1.03195,1.03205,1.00,1.60
2010.01.19 16:04:04.619,1.0319,1.03205,1.00,1.60
2010.01.19 16:04:09.927,1.0319,1.03205,1.00,1.70
2010.01.19 16:04:10.287,1.0319,1.03205,1.00,1.60
2010.01.19 16:04:15.196,1.03195,1.03205,1.00,1.60
2010.01.19 16:04:15.416,1.03195,1.03205,1.00,1.60
2010.01.19 16:04:15.596,1.03195,1.03205,1.00,1.60
2010.01.19 16:04:16.705,1.03185,1.03195,1.60,1.60
2010.01.19 16:04:17.065,1.0319,1.03205,1.00,1.60
2010.01.19 16:04:17.405,1.03185,1.03205,3.20,1.60
2010.01.19 16:04:17.745,1.03185,1.03205,7.20,1.60
2010.01.19 16:04:18.785,1.03185,1.03195,7.20,1.60
2010.01.19 16:04:18.945,1.03185,1.03195,1.60,1.60
2010.01.19 16:04:19.065,1.0319,1.032,1.00,8.40
2010.01.19 16:04:19.185,1.0319,1.032,2.40,6.80
2010.01.19 16:04:19.295,1.03185,1.032,15.60,1.60
2010.01.19 16:04:19.405,1.0319,1.03205,6.40,1.60
2010.01.19 16:04:19.515,1.0319,1.03205,5.60,1.60
2010.01.19 16:04:19.625,1.03185,1.03205,11.20,1.60
2010.01.19 16:04:19.745,1.03185,1.03205,10.40,1.60
2010.01.19 16:04:20.965,1.0319,1.03205,1.00,1.60
2010.01.19 16:04:22.214,1.0319,1.0321,1.00,8.00
2010.01.19 16:04:22.974,1.0319,1.0321,1.00,5.60
2010.01.19 16:04:23.264,1.0319,1.0321,1.00,5.60
2010.01.19 16:04:23.614,1.0319,1.0321,1.00,5.60
2010.01.19 16:04:24.244,1.0319,1.0321,1.00,6.40
2010.01.19 16:04:24.594,1.0319,1.03205,1.00,1.00
2010.01.19 16:04:25.444,1.0319,1.03205,1.00,1.00
2010.01.19 16:04:26.743,1.0319,1.03205,1.00,1.00
2010.01.19 16:04:27.333,1.0319,1.03205,1.00,1.00
2010.01.19 16:04:27.623,1.0319,1.0321,1.00,10.40
2010.01.19 16:04:27.843,1.03195,1.0321,1.00,1.60
2010.01.19 16:04:28.123,1.03195,1.0321,1.00,1.60
2010.01.19 16:04:28.353,1.03195,1.0321,1.00,1.60
2010.01.19 16:04:28.633,1.03195,1.0321,1.00,5.60
2010.01.19 16:04:29.193,1.0319,1.0321,1.00,5.60
2010.01.19 16:04:31.022,1.0319,1.03205,1.00,1.00
2010.01.19 16:04:31.362,1.03185,1.03205,1.60,2.40
2010.01.19 16:04:31.692,1.0318,1.03205,3.20,4.80
2010.01.19 16:04:32.042,1.0318,1.03205,3.20,10.80
2010.01.19 16:04:32.562,1.0318,1.03205,1.60,14.00
2010.01.19 16:04:32.861,1.0318,1.032,1.60,1.60
2010.01.19 16:04:33.531,1.03175,1.032,3.60,11.20
2010.01.19 16:04:34.721,1.03175,1.032,3.20,11.20
2010.01.19 16:04:34.841,1.03175,1.032,4.00,11.20
2010.01.19 16:04:38.780,1.03175,1.032,2.40,11.20
2010.01.19 16:04:39.060,1.03175,1.032,2.00,11.20
2010.01.19 16:04:39.170,1.03175,1.032,2.00,11.20
2010.01.19 16:04:39.220,1.03175,1.032,2.00,11.20
2010.01.19 16:04:40.210,1.03175,1.032,3.60,11.20
2010.01.19 16:04:41.729,1.03175,1.032,2.20,11.20
2010.01.19 16:04:42.009,1.03175,1.032,2.00,11.20
2010.01.19 16:04:55.416,1.03175,1.032,2.20,11.20
2010.01.19 16:04:56.566,1.0318,1.032,1.60,1.60
2010.01.19 16:04:56.966,1.03185,1.03205,1.00,14.30
2010.01.19 16:04:57.316,1.03185,1.03205,1.00,11.10
2010.01.19 16:04:57.426,1.03185,1.03205,1.00,10.80
2010.01.19 16:04:57.595,1.0318,1.03205,1.60,10.80
2010.01.19 16:04:58.445,1.0318,1.03205,1.60,10.40
2010.01.19 16:04:59.375,1.0318,1.03205,2.40,9.60
2010.01.19 16:04:59.545,1.03185,1.03205,1.60,9.60
2010.01.19 16:04:59.725,1.03185,1.03205,1.60,1.80
2010.01.19 16:04:59.895,1.0319,1.0321,1.00,14.80
2010.01.19 16:05:00.065,1.03185,1.0321,2.10,11.20
2010.01.19 16:05:06.034,1.0319,1.0321,1.60,10.40
2010.01.19 16:05:06.434,1.0319,1.0321,1.60,1.60
2010.01.19 16:05:06.834,1.03195,1.0321,1.00,1.60
2010.01.19 16:05:08.443,1.03195,1.03215,1.00,13.50
2010.01.19 16:05:08.793,1.03195,1.03215,1.60,3.40
2010.01.19 16:05:08.963,1.03195,1.0322,3.20,7.20
2010.01.19 16:05:09.603,1.03195,1.0322,3.20,3.20
2010.01.19 16:05:09.773,1.03195,1.0322,3.20,7.20
2010.01.19 16:05:11.422,1.03195,1.0322,3.60,7.20
2010.01.19 16:05:12.752,1.03195,1.03215,3.60,1.00
2010.01.19 16:05:13.672,1.03195,1.03215,2.00,1.00
2010.01.19 16:05:14.192,1.03195,1.0322,9.00,1.80
2010.01.19 16:05:14.422,1.032,1.03225,4.40,7.60
2010.01.19 16:05:14.711,1.03205,1.03225,1.00,6.90
2010.01.19 16:05:15.652,1.03205,1.03225,1.00,10.90
2010.01.19 16:05:15.991,1.03205,1.03225,1.00,10.10
2010.01.19 16:05:16.321,1.03205,1.03225,1.00,10.80
2010.01.19 16:05:18.481,1.03195,1.0322,7.20,5.60
2010.01.19 16:05:18.770,1.03195,1.0322,5.60,5.60
2010.01.19 16:05:19.130,1.03195,1.0322,5.20,5.60
2010.01.19 16:05:20.870,1.03195,1.0322,5.20,1.60
2010.01.19 16:05:21.200,1.03195,1.0322,4.80,5.60
2010.01.19 16:05:21.540,1.03195,1.0322,4.80,1.60
2010.01.19 16:05:23.309,1.032,1.03225,2.40,12.60
2010.01.19 16:05:23.549,1.032,1.03225,4.00,6.50
2010.01.19 16:05:23.949,1.03205,1.03225,1.00,10.50
2010.01.19 16:05:24.629,1.0321,1.03225,1.00,10.50
2010.01.19 16:05:25.829,1.03205,1.03225,1.00,10.50
2010.01.19 16:05:26.179,1.0321,1.03225,1.00,10.50
2010.01.19 16:05:26.808,1.03205,1.03225,1.00,6.50
2010.01.19 16:05:27.379,1.03205,1.0322,1.00,1.60
2010.01.19 16:05:28.799,1.03205,1.03225,1.00,11.40
2010.01.19 16:05:28.908,1.03205,1.03225,1.00,5.80
2010.01.19 16:05:29.258,1.03205,1.03225,1.00,6.00
2010.01.19 16:05:29.368,1.0321,1.03225,1.00,6.00
2010.01.19 16:05:31.377,1.0321,1.03225,1.00,5.80
2010.01.19 16:05:31.648,1.0321,1.03225,1.00,5.70
2010.01.19 16:05:32.987,1.03205,1.03225,1.00,10.00
2010.01.19 16:05:33.217,1.03205,1.03225,1.00,15.60
2010.01.19 16:05:33.487,1.03195,1.0322,4.80,4.00
2010.01.19 16:05:33.697,1.03195,1.0322,5.10,1.60
2010.01.19 16:05:34.257,1.03195,1.0322,4.80,5.60
2010.01.19 16:05:35.516,1.03195,1.0322,4.80,1.60
2010.01.19 16:05:38.975,1.032,1.03225,1.60,15.40
2010.01.19 16:05:39.195,1.032,1.03225,1.60,11.40
2010.01.19 16:05:39.426,1.03195,1.0322,5.60,1.60
2010.01.19 16:05:41.795,1.03205,1.03225,2.40,9.80
2010.01.19 16:05:42.085,1.03205,1.0323,16.80,1.60
2010.01.19 16:05:42.325,1.03205,1.03235,13.60,1.60
2010.01.19 16:05:42.605,1.03205,1.03235,16.80,1.60
2010.01.19 16:05:43.165,1.0321,1.03235,13.60,1.60
2010.01.19 16:05:43.505,1.03215,1.03235,10.40,1.60
2010.01.19 16:05:43.844,1.03215,1.03235,10.40,1.60
2010.01.19 16:05:44.134,1.03215,1.03235,10.40,1.60
2010.01.19 16:05:44.484,1.03215,1.03235,10.40,1.60
2010.01.19 16:05:45.784,1.03215,1.0324,1.60,15.60
2010.01.19 16:05:46.164,1.0322,1.0324,1.60,14.00
2010.01.19 16:05:46.844,1.03215,1.03235,1.60,9.80
2010.01.19 16:05:48.113,1.03215,1.03235,1.00,9.80
2010.01.19 16:05:48.383,1.03215,1.03235,1.00,13.00
2010.01.19 16:05:49.423,1.03215,1.0323,1.00,1.00
2010.01.19 16:05:49.543,1.03215,1.0323,1.00,4.00
2010.01.19 16:05:50.173,1.03205,1.03225,5.10,4.00
2010.01.19 16:05:50.443,1.03205,1.03225,3.90,10.00
2010.01.19 16:05:50.793,1.03205,1.03225,1.60,10.10
2010.01.19 16:05:51.083,1.03205,1.03225,1.60,7.70
2010.01.19 16:05:51.443,1.03215,1.0323,4.00,4.00
2010.01.19 16:05:51.843,1.03215,1.0324,7.20,7.20
2010.01.19 16:05:52.183,1.03205,1.0323,1.60,4.00
2010.01.19 16:05:52.362,1.03205,1.03225,1.60,1.00
2010.01.19 16:05:53.022,1.0321,1.03225,1.00,1.00
2010.01.19 16:05:53.082,1.03205,1.03225,1.60,1.00
2010.01.19 16:05:53.632,1.03205,1.03225,1.60,1.00
2010.01.19 16:05:54.332,1.0321,1.03225,1.00,1.00
2010.01.19 16:05:54.452,1.0321,1.03225,4.00,1.00
2010.01.19 16:05:54.622,1.0321,1.03225,10.80,1.00
2010.01.19 16:05:54.742,1.0321,1.03225,4.80,2.50
2010.01.19 16:05:54.862,1.03205,1.03225,2.00,2.50
2010.01.19 16:05:54.972,1.03205,1.03225,1.60,2.50
2010.01.19 16:05:57.491,1.032,1.03225,7.20,8.90
2010.01.19 16:05:57.661,1.032,1.03225,1.60,14.50
2010.01.19 16:06:00.381,1.032,1.03225,1.60,14.00
2010.01.19 16:06:01.430,1.03205,1.03225,1.60,6.00
2010.01.19 16:06:02.380,1.03205,1.03225,1.60,6.00
2010.01.19 16:06:02.670,1.03205,1.03225,1.60,6.00
2010.01.19 16:06:03.460,1.03205,1.0322,1.00,1.60
2010.01.19 16:06:06.699,1.03205,1.03225,1.60,9.20
2010.01.19 16:06:06.989,1.03205,1.03225,1.60,2.00
2010.01.19 16:06:07.279,1.0321,1.0323,1.00,8.00
2010.01.19 16:06:08.159,1.03205,1.0323,3.20,8.00
2010.01.19 16:06:08.508,1.03205,1.0323,4.40,8.00
2010.01.19 16:06:08.858,1.0321,1.0323,1.00,8.00
2010.01.19 16:06:09.198,1.0321,1.03225,1.00,2.40
2010.01.19 16:06:09.258,1.03205,1.03225,5.20,10.00
2010.01.19 16:06:09.428,1.03205,1.03225,4.40,10.10
2010.01.19 16:06:09.528,1.03205,1.03225,3.20,10.10
2010.01.19 16:06:09.708,1.03205,1.03225,3.20,10.00
2010.01.19 16:06:09.818,1.0321,1.03225,1.60,5.20
2010.01.19 16:06:09.929,1.0321,1.0323,1.60,7.20
2010.01.19 16:06:10.258,1.0322,1.03235,7.20,1.00
2010.01.19 16:06:10.608,1.0322,1.03235,1.00,1.60
2010.01.19 16:06:10.948,1.03215,1.0324,1.60,11.20
2010.01.19 16:06:11.238,1.03215,1.03235,1.60,1.60
2010.01.19 16:06:19.796,1.0321,1.03235,3.80,13.00
2010.01.19 16:06:19.916,1.0321,1.03235,3.80,13.20
2010.01.19 16:06:19.966,1.0321,1.0323,3.80,1.60
2010.01.19 16:06:20.416,1.0321,1.03235,3.80,13.20
2010.01.19 16:06:20.765,1.03215,1.03235,1.00,13.20
2010.01.19 16:06:21.115,1.0321,1.03235,3.80,13.20
2010.01.19 16:06:22.615,1.0321,1.0323,3.20,1.60
2010.01.19 16:06:25.374,1.0321,1.0323,3.20,1.60
2010.01.19 16:06:26.064,1.0321,1.0323,3.20,1.60
2010.01.19 16:06:27.634,1.0321,1.0323,3.20,2.40
2010.01.19 16:06:27.914,1.03205,1.0322,11.60,4.80
2010.01.19 16:06:28.094,1.032,1.03215,2.80,4.10
2010.01.19 16:06:28.324,1.03195,1.03215,2.00,6.70
2010.01.19 16:06:28.504,1.03195,1.03215,2.00,10.70
2010.01.19 16:06:28.724,1.03195,1.03215,1.60,11.70
2010.01.19 16:06:28.904,1.03195,1.03215,1.60,11.50
2010.01.19 16:06:29.354,1.03195,1.03215,1.60,11.20
2010.01.19 16:06:29.593,1.03195,1.03215,1.60,9.60
2010.01.19 16:06:29.873,1.03195,1.03215,1.60,2.40
2010.01.19 16:06:30.573,1.03195,1.03215,1.60,2.30
2010.01.19 16:06:31.573,1.03195,1.03215,1.60,2.40
2010.01.19 16:06:32.223,1.03195,1.03215,1.60,2.40
2010.01.19 16:06:33.383,1.03195,1.03215,1.60,1.00
2010.01.19 16:06:34.522,1.03195,1.03215,1.60,1.00
2010.01.19 16:06:41.320,1.03195,1.03215,1.60,2.20
2010.01.19 16:06:41.660,1.03195,1.03215,1.60,2.40
2010.01.19 16:06:42.001,1.03195,1.03215,1.60,2.40
2010.01.19 16:06:42.811,1.03195,1.03215,1.60,2.30
2010.01.19 16:06:45.939,1.03195,1.03215,3.00,1.60
2010.01.19 16:06:46.329,1.03205,1.0322,1.60,1.00
2010.01.19 16:06:46.669,1.03205,1.03225,1.60,2.10
2010.01.19 16:06:47.010,1.03205,1.0323,3.20,3.60
2010.01.19 16:06:47.419,1.03205,1.0323,9.20,1.60
2010.01.19 16:06:47.759,1.0321,1.0323,1.00,1.60
2010.01.19 16:06:49.429,1.03205,1.0323,5.20,1.60
2010.01.19 16:06:50.469,1.03205,1.0323,4.80,5.60
2010.01.19 16:06:50.739,1.03205,1.0323,4.80,1.60
2010.01.19 16:06:50.978,1.03205,1.03225,4.80,1.00
2010.01.19 16:06:51.269,1.03205,1.03225,4.80,1.00
2010.01.19 16:06:51.618,1.03205,1.03225,3.20,1.00
2010.01.19 16:06:52.928,1.03205,1.03225,3.20,1.00
2010.01.19 16:06:53.098,1.032,1.03225,2.40,9.80
2010.01.19 16:06:53.218,1.032,1.03225,1.60,9.20
2010.01.19 16:07:00.836,1.032,1.03225,1.60,9.00
2010.01.19 16:07:01.766,1.032,1.03225,1.60,9.50
2010.01.19 16:07:02.106,1.032,1.03225,1.60,13.40
2010.01.19 16:07:02.495,1.032,1.03225,1.60,13.30
2010.01.19 16:07:03.975,1.032,1.03225,1.60,13.40
2010.01.19 16:07:04.615,1.032,1.03225,1.60,13.30
2010.01.19 16:07:04.885,1.032,1.03225,1.60,9.30
2010.01.19 16:07:06.965,1.03205,1.03225,1.60,6.90
2010.01.19 16:07:07.204,1.03205,1.03225,1.60,5.30
2010.01.19 16:07:07.485,1.03205,1.03225,1.60,5.30
2010.01.19 16:07:08.524,1.03205,1.03225,1.60,5.30
2010.01.19 16:07:09.205,1.032,1.03225,9.20,6.10
2010.01.19 16:07:09.554,1.032,1.03225,1.60,9.30
2010.01.19 16:07:10.144,1.03205,1.03225,1.00,9.30
2010.01.19 16:07:10.824,1.03205,1.03225,1.00,8.50
2010.01.19 16:07:11.064,1.03205,1.03225,1.00,5.30
2010.01.19 16:07:12.103,1.032,1.03215,4.00,4.00
2010.01.19 16:07:12.273,1.03195,1.03215,4.00,6.00
2010.01.19 16:07:12.453,1.03195,1.0322,10.00,2.20
2010.01.19 16:07:12.633,1.03195,1.0322,9.20,2.00
2010.01.19 16:07:12.863,1.0319,1.0322,16.00,2.00
2010.01.19 16:07:13.033,1.03195,1.0322,1.60,7.40
2010.01.19 16:07:13.383,1.0319,1.03215,3.20,11.20
2010.01.19 16:07:13.733,1.03195,1.03215,1.60,7.20
2010.01.19 16:07:14.083,1.03195,1.03215,2.00,2.80
2010.01.19 16:07:14.503,1.03195,1.03215,2.00,2.80
2010.01.19 16:07:14.723,1.03195,1.03215,2.00,1.20
2010.01.19 16:07:14.952,1.03195,1.03215,2.00,2.80
2010.01.19 16:07:15.532,1.03195,1.03215,2.40,2.80
2010.01.19 16:07:18.732,1.03195,1.03215,2.40,1.20
2010.01.19 16:07:19.072,1.03195,1.03215,2.40,2.80
2010.01.19 16:07:20.351,1.03195,1.03215,4.00,2.80
2010.01.19 16:07:21.001,1.03195,1.03215,2.40,2.80
2010.01.19 16:07:24.560,1.03195,1.03215,2.40,1.60
2010.01.19 16:07:28.069,1.03195,1.03215,2.40,3.00
2010.01.19 16:07:28.461,1.03195,1.03215,2.40,3.80
2010.01.19 16:07:28.689,1.03195,1.03215,1.00,12.70
2010.01.19 16:07:28.849,1.03195,1.0321,1.00,2.80
2010.01.19 16:07:29.190,1.03185,1.03205,3.60,1.00
2010.01.19 16:07:29.539,1.03185,1.0321,3.20,14.80
2010.01.19 16:07:29.889,1.03185,1.0321,7.70,2.40
2010.01.19 16:07:30.239,1.03185,1.0321,8.50,1.60
2010.01.19 16:07:30.649,1.0319,1.0321,1.60,1.60
2010.01.19 16:07:36.407,1.0319,1.0321,1.60,1.80
2010.01.19 16:07:36.798,1.0319,1.0321,3.20,1.80
2010.01.19 16:07:37.147,1.03195,1.0321,1.00,1.60
2010.01.19 16:07:37.437,1.03195,1.03215,1.00,12.00
2010.01.19 16:07:39.487,1.03195,1.0321,1.00,11.20
2010.01.19 16:07:39.657,1.03195,1.0321,1.00,15.20
2010.01.19 16:07:39.937,1.03195,1.0321,1.00,12.00
2010.01.19 16:07:40.057,1.0319,1.0321,2.40,8.00
2010.01.19 16:07:40.177,1.0319,1.0321,8.00,4.00
2010.01.19 16:07:40.567,1.03195,1.03215,3.60,2.40
2010.01.19 16:07:40.917,1.032,1.03215,1.00,4.00
2010.01.19 16:07:41.616,1.03195,1.03215,1.00,4.20
2010.01.19 16:07:41.956,1.03195,1.03215,1.00,4.40
2010.01.19 16:07:42.306,1.03195,1.03215,1.00,8.40
2010.01.19 16:07:43.006,1.03195,1.03215,1.00,8.60
2010.01.19 16:07:43.746,1.03195,1.03215,1.00,8.40
2010.01.19 16:07:44.395,1.03195,1.03215,1.00,8.70
2010.01.19 16:07:44.675,1.03195,1.03215,1.00,8.60
2010.01.19 16:07:52.984,1.03195,1.03215,1.00,8.50
2010.01.19 16:08:00.342,1.0319,1.03215,5.60,13.00
2010.01.19 16:08:01.332,1.0319,1.03215,6.40,12.40
2010.01.19 16:08:01.681,1.03195,1.03215,3.20,6.80
2010.01.19 16:08:01.981,1.03195,1.03215,1.60,6.80
2010.01.19 16:08:02.731,1.03195,1.03215,1.60,13.10
2010.01.19 16:08:02.911,1.0319,1.0321,6.40,2.40
2010.01.19 16:08:03.151,1.0319,1.03215,4.80,12.90
2010.01.19 16:08:03.211,1.0319,1.03215,5.60,12.90
2010.01.19 16:08:04.801,1.0319,1.03215,5.60,12.40
2010.01.19 16:08:07.050,1.0319,1.03215,5.70,12.40
2010.01.19 16:08:07.390,1.0319,1.03215,5.60,12.40
2010.01.19 16:08:07.680,1.0319,1.03215,5.60,12.60
2010.01.19 16:08:12.429,1.0319,1.03215,5.60,12.60
2010.01.19 16:08:12.599,1.0319,1.03215,5.60,12.80
2010.01.19 16:08:13.348,1.0319,1.0321,5.60,1.60
2010.01.19 16:08:13.469,1.0319,1.0321,3.20,1.60
2010.01.19 16:08:13.818,1.03185,1.0321,6.50,6.40
2010.01.19 16:08:14.178,1.03185,1.0321,6.10,6.40
2010.01.19 16:08:14.508,1.03185,1.0321,6.80,6.40
2010.01.19 16:08:17.028,1.03185,1.0321,7.40,6.40
2010.01.19 16:08:17.387,1.0319,1.0321,1.00,6.40
2010.01.19 16:08:17.558,1.0319,1.0321,3.20,5.60
2010.01.19 16:08:17.727,1.0319,1.0321,3.20,1.60
2010.01.19 16:08:19.407,1.0319,1.0321,3.30,1.60
2010.01.19 16:08:19.877,1.0319,1.0321,3.20,1.60
2010.01.19 16:08:20.387,1.0319,1.0321,3.30,1.60
2010.01.19 16:08:20.677,1.0319,1.0321,3.20,1.60
2010.01.19 16:08:23.996,1.0319,1.0321,3.20,1.60
2010.01.19 16:08:31.284,1.032,1.0322,4.00,3.20
2010.01.19 16:08:31.674,1.03205,1.03225,1.60,2.40
2010.01.19 16:08:38.023,1.03205,1.03225,1.60,2.70
2010.01.19 16:08:38.592,1.03205,1.0323,1.60,14.90
2010.01.19 16:08:39.282,1.03205,1.03225,1.60,3.00
2010.01.19 16:08:39.613,1.03205,1.03225,1.60,2.90
2010.01.19 16:08:41.482,1.03205,1.03225,1.60,2.80
2010.01.19 16:08:41.822,1.03205,1.03225,1.60,2.30
2010.01.19 16:08:42.172,1.03205,1.03225,1.60,2.20
2010.01.19 16:08:42.522,1.03205,1.0323,3.20,10.60
2010.01.19 16:08:42.752,1.03205,1.0323,3.20,5.80
2010.01.19 16:08:42.981,1.03205,1.0323,3.20,5.80
2010.01.19 16:08:43.331,1.03205,1.0323,3.60,5.80
2010.01.19 16:08:46.031,1.03205,1.03225,3.60,1.60
2010.01.19 16:08:46.371,1.03205,1.03225,3.20,1.60
2010.01.19 16:08:48.360,1.03205,1.03225,2.20,1.60
2010.01.19 16:08:48.470,1.03205,1.03225,2.30,1.60
2010.01.19 16:08:48.590,1.03205,1.03225,2.70,1.60
2010.01.19 16:08:48.880,1.03205,1.03225,2.60,1.60
2010.01.19 16:08:50.600,1.03205,1.03225,2.60,2.40
2010.01.19 16:08:50.719,1.03205,1.03225,2.50,4.00
2010.01.19 16:08:50.941,1.03205,1.03225,1.00,4.00
2010.01.19 16:08:54.959,1.03205,1.03225,1.00,4.00
2010.01.19 16:08:55.019,1.032,1.03225,5.60,4.00
2010.01.19 16:08:56.118,1.032,1.03225,5.60,8.10
2010.01.19 16:08:56.768,1.032,1.03225,4.80,8.10
2010.01.19 16:08:58.378,1.032,1.03225,4.80,8.00
2010.01.19 16:08:58.428,1.032,1.03225,4.80,8.00
2010.01.19 16:08:58.817,1.032,1.03225,4.80,8.00
2010.01.19 16:08:59.277,1.032,1.03225,4.80,4.00
2010.01.19 16:09:01.557,1.032,1.03225,4.80,8.00
2010.01.19 16:09:01.897,1.032,1.03225,4.80,8.00
2010.01.19 16:09:03.396,1.032,1.03225,4.80,11.20
2010.01.19 16:09:03.576,1.032,1.0322,3.20,1.60
2010.01.19 16:09:04.046,1.032,1.0322,1.60,5.60
2010.01.19 16:09:04.276,1.03195,1.0322,3.20,5.60
2010.01.19 16:09:04.626,1.03195,1.0322,3.20,9.60
2010.01.19 16:09:06.336,1.03195,1.0322,3.20,9.60
2010.01.19 16:09:06.966,1.03195,1.03215,3.20,1.00
2010.01.19 16:09:07.715,1.03195,1.03215,3.20,1.00
2010.01.19 16:09:08.136,1.0319,1.03215,12.90,3.10
2010.01.19 16:09:08.305,1.0319,1.03215,4.80,11.90
2010.01.19 16:09:08.475,1.0319,1.03215,4.80,12.20
2010.01.19 16:09:08.875,1.0319,1.03215,4.80,12.10
2010.01.19 16:09:09.215,1.0319,1.03215,4.80,12.00
2010.01.19 16:09:09.555,1.03195,1.03215,1.60,4.00
2010.01.19 16:09:09.895,1.03195,1.03215,3.20,1.00
2010.01.19 16:09:12.574,1.03195,1.0322,3.20,10.10
2010.01.19 16:09:17.813,1.03195,1.03215,3.20,1.00
2010.01.19 16:09:18.663,1.03195,1.03215,3.20,1.00
2010.01.19 16:09:22.542,1.03195,1.03215,3.20,1.00
2010.01.19 16:09:25.121,1.03195,1.03215,3.20,1.00
2010.01.19 16:09:25.231,1.03195,1.03215,3.60,1.00
2010.01.19 16:09:27.161,1.03195,1.03215,3.60,1.00
2010.01.19 16:09:27.340,1.03195,1.03215,3.20,1.00
2010.01.19 16:09:37.458,1.03195,1.03215,3.20,1.00
2010.01.19 16:09:40.588,1.0319,1.03215,4.80,8.80
2010.01.19 16:09:45.366,1.0319,1.03215,4.80,8.70
2010.01.19 16:09:47.086,1.0319,1.03215,4.80,8.90
2010.01.19 16:09:47.966,1.0319,1.03215,4.80,9.20
2010.01.19 16:09:48.765,1.0319,1.03215,4.80,9.50
2010.01.19 16:09:49.006,1.0319,1.03215,4.80,9.20
2010.01.19 16:09:49.515,1.0319,1.03215,4.80,8.70
2010.01.19 16:09:49.575,1.03195,1.03215,1.60,8.70
2010.01.19 16:09:50.265,1.03195,1.03215,1.60,8.80
2010.01.19 16:09:50.375,1.03195,1.03215,1.60,12.00
2010.01.19 16:09:50.485,1.0319,1.03205,1.60,1.60
2010.01.19 16:09:50.545,1.03185,1.03205,4.20,4.80
2010.01.19 16:09:50.885,1.0318,1.03205,3.60,11.30
2010.01.19 16:09:51.235,1.0318,1.03205,3.20,11.60
2010.01.19 16:09:52.625,1.0318,1.032,3.20,1.60
2010.01.19 16:09:53.024,1.0318,1.03205,3.20,11.80
2010.01.19 16:09:53.255,1.0318,1.032,3.20,1.60
2010.01.19 16:09:53.664,1.0318,1.03205,3.20,11.60
2010.01.19 16:09:55.984,1.0318,1.03195,3.20,1.00
2010.01.19 16:09:58.323,1.03175,1.03195,3.20,1.00
2010.01.19 16:09:59.003,1.03175,1.0319,3.20,1.00
2010.01.19 16:09:59.233,1.0317,1.0319,6.40,2.40
2010.01.19 16:09:59.463,1.0317,1.0319,2.40,12.00
2010.01.19 16:09:59.623,1.03175,1.0319,1.60,9.60
2010.01.19 16:09:59.803,1.03175,1.03195,3.20,4.50
2010.01.19 16:09:59.983,1.03175,1.03195,1.60,13.20
2010.01.19 16:10:00.323,1.0317,1.03195,5.60,13.20
2010.01.19 16:10:00.483,1.0317,1.0319,4.00,4.80
2010.01.19 16:10:00.603,1.0317,1.0319,8.00,1.60
2010.01.19 16:10:00.953,1.03175,1.03185,1.60,1.40
2010.01.19 16:10:01.303,1.0317,1.03185,3.70,1.60
2010.01.19 16:10:01.602,1.0317,1.03185,2.40,1.00
2010.01.19 16:10:01.952,1.0317,1.03185,2.40,1.00
2010.01.19 16:10:02.292,1.0317,1.03185,2.40,1.60
2010.01.19 16:10:02.822,1.0317,1.03185,3.20,1.60
2010.01.19 16:10:02.992,1.03175,1.03185,1.60,1.60
2010.01.19 16:10:03.172,1.0317,1.03185,4.50,1.60
2010.01.19 16:10:03.332,1.0317,1.03185,4.00,1.60
2010.01.19 16:10:04.942,1.0317,1.03185,2.40,1.60
2010.01.19 16:10:05.472,1.0317,1.03185,2.40,1.00
2010.01.19 16:10:05.632,1.0317,1.0319,2.40,8.80
2010.01.19 16:10:08.771,1.0317,1.0319,1.00,8.80
2010.01.19 16:10:13.110,1.0317,1.0319,1.00,8.80
2010.01.19 16:10:13.909,1.0317,1.0319,4.00,1.00
2010.01.19 16:10:14.189,1.0317,1.03195,4.00,19.30
2010.01.19 16:10:14.479,1.0317,1.03195,4.00,18.60
2010.01.19 16:10:15.619,1.0317,1.03195,4.00,19.10
2010.01.19 16:10:17.319,1.0317,1.03195,4.00,19.00
2010.01.19 16:10:17.658,1.0317,1.03195,5.60,14.70
2010.01.19 16:10:19.638,1.0317,1.03195,5.60,14.90
2010.01.19 16:10:20.918,1.0317,1.03195,5.60,14.70
2010.01.19 16:10:21.378,1.0317,1.03195,5.60,14.20
2010.01.19 16:10:21.768,1.0317,1.03195,5.70,13.40
2010.01.19 16:10:24.638,1.0317,1.03195,5.60,13.40
2010.01.19 16:10:24.878,1.03175,1.03195,3.20,7.00
2010.01.19 16:10:27.648,1.0317,1.03195,5.60,13.40
2010.01.19 16:10:27.818,1.0317,1.03195,5.60,13.40
2010.01.19 16:10:29.517,1.0317,1.03195,5.60,13.40
2010.01.19 16:10:30.587,1.0317,1.03195,5.60,14.00
2010.01.19 16:10:30.937,1.0317,1.03195,5.60,13.80
2010.01.19 16:10:33.396,1.0317,1.03195,5.60,12.40
2010.01.19 16:10:33.457,1.03175,1.03195,1.60,12.40
2010.01.19 16:10:33.517,1.03175,1.03195,1.60,11.40
2010.01.19 16:10:33.987,1.03175,1.03195,1.60,11.90
2010.01.19 16:10:34.166,1.03175,1.03195,1.60,11.10
2010.01.19 16:10:34.526,1.03175,1.03195,18.50,1.00
2010.01.19 16:10:34.866,1.0318,1.03205,3.20,5.70
2010.01.19 16:10:35.656,1.0318,1.03205,3.20,6.00
2010.01.19 16:10:36.516,1.03175,1.032,17.20,1.60
2010.01.19 16:10:36.856,1.03175,1.032,12.00,1.60
2010.01.19 16:10:39.025,1.03175,1.032,12.00,2.40
2010.01.19 16:10:39.255,1.03175,1.032,7.20,6.40
2010.01.19 16:10:39.485,1.03175,1.032,4.00,11.20
2010.01.19 16:10:40.295,1.03175,1.032,2.10,11.20
2010.01.19 16:10:40.465,1.03175,1.032,2.00,11.20
2010.01.19 16:10:42.245,1.03175,1.032,2.10,11.20
2010.01.19 16:10:42.604,1.03175,1.032,3.50,11.20
2010.01.19 16:10:43.804,1.03175,1.032,4.30,11.20
2010.01.19 16:10:44.094,1.03175,1.032,2.10,11.20
2010.01.19 16:10:45.024,1.03175,1.032,2.00,11.20
2010.01.19 16:10:45.464,1.03175,1.032,2.00,11.20
2010.01.19 16:10:45.753,1.03175,1.032,2.40,11.20
2010.01.19 16:10:45.974,1.03175,1.032,3.20,11.20
2010.01.19 16:10:46.384,1.03175,1.032,4.00,11.20
2010.01.19 16:10:47.273,1.03175,1.032,2.40,11.20
2010.01.19 16:10:47.493,1.03175,1.032,2.00,11.20
2010.01.19 16:10:47.793,1.03175,1.032,9.80,4.80
2010.01.19 16:10:48.083,1.03175,1.032,12.60,4.80
2010.01.19 16:10:48.363,1.0318,1.032,1.60,4.80
2010.01.19 16:10:48.483,1.03185,1.032,1.00,1.60
2010.01.19 16:10:48.603,1.03185,1.03205,2.10,8.20
2010.01.19 16:10:48.713,1.03185,1.03205,2.10,6.60
2010.01.19 16:10:48.823,1.03185,1.03205,3.30,5.00
2010.01.19 16:10:48.943,1.03185,1.03205,3.30,4.80
2010.01.19 16:10:49.233,1.03185,1.03205,4.10,3.20
2010.01.19 16:10:49.583,1.03185,1.03205,6.30,3.20
2010.01.19 16:10:49.932,1.0319,1.0321,1.60,1.60
2010.01.19 16:10:50.282,1.0319,1.03215,1.60,15.80
2010.01.19 16:10:50.632,1.0319,1.03215,1.60,15.00
2010.01.19 16:10:51.092,1.03185,1.0321,8.90,10.40
2010.01.19 16:10:51.272,1.03185,1.0321,3.60,12.00
2010.01.19 16:10:52.182,1.03185,1.0321,4.40,12.00
2010.01.19 16:10:52.922,1.0319,1.0321,1.60,12.00
2010.01.19 16:10:53.092,1.0319,1.0321,1.60,5.60
2010.01.19 16:10:53.272,1.0319,1.0321,1.60,1.60
2010.01.19 16:10:54.372,1.0319,1.03215,1.60,14.10
2010.01.19 16:10:54.592,1.0319,1.03215,1.60,14.00
2010.01.19 16:10:54.941,1.0319,1.0322,10.80,17.20
2010.01.19 16:10:55.332,1.0319,1.03215,1.60,10.80
2010.01.19 16:10:55.671,1.03195,1.03215,1.60,6.00
2010.01.19 16:10:56.001,1.03195,1.03215,1.60,2.80
2010.01.19 16:10:56.361,1.03195,1.03215,1.60,2.40
2010.01.19 16:10:56.711,1.0319,1.0321,3.20,1.00
2010.01.19 16:10:57.061,1.03185,1.03205,6.40,3.20
2010.01.19 16:10:57.391,1.03185,1.03205,1.60,7.30
2010.01.19 16:10:59.540,1.03185,1.03205,1.60,7.60
2010.01.19 16:10:59.900,1.03185,1.0321,1.60,12.20
2010.01.19 16:11:00.140,1.03185,1.0321,1.60,11.40
2010.01.19 16:11:09.808,1.03185,1.03205,1.60,1.00
2010.01.19 16:11:10.898,1.03185,1.03205,1.60,2.20
2010.01.19 16:11:11.118,1.0318,1.03205,4.80,2.20
2010.01.19 16:11:11.657,1.0318,1.03205,4.80,2.80
2010.01.19 16:11:12.017,1.0318,1.03205,4.80,6.80
2010.01.19 16:11:12.407,1.0318,1.03205,4.80,7.30
2010.01.19 16:11:12.747,1.0318,1.032,1.60,4.00
2010.01.19 16:11:13.087,1.0318,1.03195,1.60,1.00
2010.01.19 16:11:13.447,1.03175,1.03195,3.20,15.80
2010.01.19 16:11:13.737,1.0317,1.03195,7.20,16.90
2010.01.19 16:11:14.027,1.0317,1.03195,4.00,16.90
2010.01.19 16:11:15.127,1.0317,1.03195,4.00,19.10
2010.01.19 16:11:15.526,1.0317,1.03195,4.00,20.00
2010.01.19 16:11:17.736,1.0317,1.03195,4.00,19.90
2010.01.19 16:11:18.256,1.0317,1.03195,4.00,20.00
2010.01.19 16:11:18.496,1.0317,1.03195,4.00,20.20
2010.01.19 16:11:19.556,1.0317,1.03195,4.00,20.00
2010.01.19 16:11:19.895,1.0317,1.03195,4.00,20.00
2010.01.19 16:11:20.235,1.0317,1.03195,4.00,18.70
2010.01.19 16:11:28.073,1.0317,1.03195,4.00,18.20
2010.01.19 16:11:28.304,1.0317,1.03195,4.00,17.30
2010.01.19 16:11:28.483,1.0317,1.03195,4.00,17.10
2010.01.19 16:11:30.693,1.0317,1.03195,4.00,16.70
2010.01.19 16:11:30.913,1.03175,1.03195,1.60,16.70
2010.01.19 16:11:31.083,1.03175,1.03195,1.60,16.60
2010.01.19 16:11:31.433,1.03175,1.03195,1.60,16.00
2010.01.19 16:11:32.482,1.03175,1.03195,1.60,16.50
2010.01.19 16:11:35.142,1.03175,1.03195,1.60,16.80
2010.01.19 16:11:36.861,1.03175,1.03195,1.60,15.20
2010.01.19 16:11:37.201,1.0318,1.032,1.60,5.80
2010.01.19 16:11:37.551,1.03175,1.032,5.20,1.00
2010.01.19 16:11:37.781,1.03175,1.032,4.80,4.00
2010.01.19 16:11:38.011,1.03185,1.032,6.20,4.00
2010.01.19 16:11:38.241,1.03185,1.0321,6.60,8.80
2010.01.19 16:11:38.471,1.03185,1.0321,6.60,4.80
2010.01.19 16:11:43.120,1.03185,1.0321,1.60,11.20
2010.01.19 16:11:45.589,1.03185,1.03205,1.60,10.00
2010.01.19 16:11:46.459,1.03185,1.03205,1.80,10.00
2010.01.19 16:11:46.799,1.03185,1.0321,3.10,14.40
2010.01.19 16:11:47.129,1.03185,1.0321,5.60,4.80
2010.01.19 16:11:47.829,1.03185,1.0321,2.00,11.20
2010.01.19 16:11:48.179,1.03185,1.0321,1.60,11.20
2010.01.19 16:11:50.478,1.03185,1.0321,1.90,11.20
2010.01.19 16:11:50.708,1.03185,1.0321,2.40,8.80
2010.01.19 16:11:50.878,1.03185,1.03215,13.60,14.40
2010.01.19 16:11:51.118,1.03185,1.03215,15.20,14.40
2010.01.19 16:11:51.348,1.03185,1.03215,14.50,13.60
2010.01.19 16:11:51.518,1.0319,1.03215,1.00,13.60
2010.01.19 16:11:51.898,1.0319,1.03215,1.60,13.60
2010.01.19 16:11:53.357,1.0319,1.03215,1.60,13.70
2010.01.19 16:11:53.647,1.0319,1.03215,1.60,14.00
2010.01.19 16:11:53.977,1.0319,1.0321,1.60,1.60
2010.01.19 16:11:54.277,1.03185,1.0321,1.60,11.20
2010.01.19 16:11:57.746,1.03185,1.03205,1.60,2.20
2010.01.19 16:11:59.146,1.0318,1.03205,4.80,2.40
2010.01.19 16:11:59.766,1.0318,1.03205,4.80,2.40
2010.01.19 16:11:59.996,1.03185,1.03205,1.60,2.00
2010.01.19 16:12:00.176,1.03185,1.03205,1.60,1.00
2010.01.19 16:12:00.406,1.03185,1.03205,1.60,1.00
2010.01.19 16:12:01.266,1.03185,1.03205,1.60,8.60
2010.01.19 16:12:03.185,1.03185,1.03205,1.60,7.80
2010.01.19 16:12:03.425,1.03185,1.03205,1.60,4.20
2010.01.19 16:12:03.655,1.03185,1.03205,1.60,1.00
2010.01.19 16:12:10.363,1.03185,1.0321,1.60,11.20
2010.01.19 16:12:13.623,1.03195,1.0321,1.60,7.20
2010.01.19 16:12:13.853,1.03195,1.03215,1.60,5.60
2010.01.19 16:12:14.212,1.0319,1.0321,4.00,7.20
2010.01.19 16:12:14.512,1.03185,1.0321,2.40,11.20
2010.01.19 16:12:14.912,1.03185,1.0321,1.60,11.20
2010.01.19 16:12:15.032,1.0319,1.0321,1.60,9.60
2010.01.19 16:12:15.382,1.03195,1.0321,1.60,8.80
2010.01.19 16:12:15.552,1.03195,1.03215,1.60,6.60
2010.01.19 16:12:15.732,1.03195,1.03215,1.60,6.50
2010.01.19 16:12:16.242,1.0319,1.0321,4.80,6.40
2010.01.19 16:12:16.592,1.03185,1.0321,2.40,11.20
2010.01.19 16:12:16.942,1.03185,1.0321,1.60,11.20
2010.01.19 16:12:17.641,1.03185,1.03205,1.60,2.40
2010.01.19 16:12:17.982,1.03185,1.03205,1.60,4.40
2010.01.19 16:12:18.271,1.03185,1.03205,1.60,8.40
2010.01.19 16:12:20.341,1.03185,1.03205,2.40,7.60
2010.01.19 16:12:20.461,1.0319,1.03205,2.00,1.60
2010.01.19 16:12:20.581,1.03195,1.0321,1.60,1.00
2010.01.19 16:12:20.701,1.03195,1.03215,1.60,6.00
2010.01.19 16:12:20.981,1.03195,1.03215,1.60,5.60
2010.01.19 16:12:23.110,1.0319,1.0321,2.00,8.00
2010.01.19 16:12:23.380,1.03185,1.0321,2.40,11.20
2010.01.19 16:12:23.720,1.03185,1.0321,1.60,11.20
2010.01.19 16:12:24.870,1.0319,1.0321,1.60,7.20
2010.01.19 16:12:24.990,1.0319,1.0321,1.60,3.20
2010.01.19 16:12:25.349,1.03195,1.0321,1.60,3.20
2010.01.19 16:12:25.460,1.03195,1.03215,1.60,6.40
2010.01.19 16:12:27.399,1.03195,1.03215,1.60,6.30
2010.01.19 16:12:27.809,1.03195,1.03215,8.80,4.40
2010.01.19 16:12:28.159,1.032,1.03215,1.60,1.00
2010.01.19 16:12:29.529,1.032,1.0322,1.60,3.20
2010.01.19 16:12:29.759,1.032,1.0322,1.60,6.40
2010.01.19 16:12:29.989,1.032,1.0322,1.60,14.00
2010.01.19 16:12:33.338,1.03195,1.0322,1.60,14.00
2010.01.19 16:12:33.498,1.03195,1.03215,1.60,8.40
2010.01.19 16:12:33.598,1.03195,1.03215,1.60,8.50
2010.01.19 16:12:33.828,1.03195,1.03215,1.60,10.10
2010.01.19 16:12:34.117,1.03195,1.0321,1.60,2.40
2010.01.19 16:12:34.228,1.0319,1.0321,6.40,8.00
2010.01.19 16:12:34.338,1.0319,1.0321,1.60,10.00
2010.01.19 16:12:35.247,1.03185,1.03205,1.60,1.00
2010.01.19 16:12:35.597,1.03185,1.03205,1.60,1.00
2010.01.19 16:12:37.007,1.03185,1.03205,1.60,4.40
2010.01.19 16:12:37.407,1.03185,1.03205,1.60,9.20
2010.01.19 16:12:38.577,1.03185,1.03205,1.60,9.00
2010.01.19 16:12:38.816,1.03185,1.03205,1.60,8.90
2010.01.19 16:12:39.046,1.03185,1.03205,1.60,8.80
2010.01.19 16:12:39.276,1.0319,1.03205,1.60,4.80
2010.01.19 16:12:39.506,1.0319,1.03205,1.60,4.00
2010.01.19 16:12:39.736,1.0319,1.0321,1.60,6.40
2010.01.19 16:12:40.016,1.0319,1.03205,1.60,1.00
2010.01.19 16:12:41.756,1.03195,1.03205,1.60,1.00
2010.01.19 16:12:42.106,1.03195,1.03215,1.60,2.40
2010.01.19 16:12:42.456,1.03195,1.03215,1.60,2.00
2010.01.19 16:12:42.805,1.03195,1.0322,1.60,15.20
2010.01.19 16:12:43.095,1.03195,1.0322,1.90,15.20
2010.01.19 16:12:43.265,1.032,1.0322,1.60,10.40
2010.01.19 16:12:44.625,1.03205,1.0322,1.60,5.60
2010.01.19 16:12:44.955,1.032,1.03225,2.40,15.40
2010.01.19 16:12:45.225,1.032,1.03225,1.60,15.40
2010.01.19 16:12:45.455,1.032,1.03225,1.60,19.40
2010.01.19 16:12:45.515,1.032,1.0322,1.60,5.60
2010.01.19 16:12:45.625,1.032,1.0322,1.60,7.60
2010.01.19 16:12:45.795,1.032,1.0322,1.60,10.00
2010.01.19 16:12:46.214,1.032,1.0322,1.60,13.20
2010.01.19 16:12:48.314,1.03195,1.0322,1.60,14.00
2010.01.19 16:12:48.724,1.03195,1.0322,1.60,13.20
2010.01.19 16:12:49.224,1.03195,1.0322,1.60,14.00
2010.01.19 16:12:49.874,1.03195,1.0322,1.60,13.20
2010.01.19 16:12:53.533,1.032,1.0322,3.20,6.80
2010.01.19 16:12:53.883,1.03205,1.03225,1.60,4.70
2010.01.19 16:12:54.233,1.032,1.03225,2.00,14.30
2010.01.19 16:12:54.583,1.032,1.03225,1.60,15.10
2010.01.19 16:12:56.552,1.03205,1.03225,1.60,12.70
2010.01.19 16:12:56.662,1.03205,1.03225,1.60,11.90
2010.01.19 16:12:56.782,1.03205,1.03225,1.60,3.10
2010.01.19 16:12:57.232,1.03205,1.03225,1.60,2.90
2010.01.19 16:12:58.232,1.03205,1.03225,2.00,1.60
2010.01.19 16:12:58.572,1.0321,1.0323,3.20,15.20
2010.01.19 16:12:58.912,1.03215,1.03235,1.60,13.60
2010.01.19 16:12:59.252,1.03215,1.03235,1.60,8.80
2010.01.19 16:13:02.591,1.0321,1.0323,4.80,4.00
2010.01.19 16:13:02.941,1.03215,1.03235,1.60,13.20
2010.01.19 16:13:03.340,1.0321,1.03235,2.40,13.20
2010.01.19 16:13:03.570,1.0322,1.03235,1.00,9.20
2010.01.19 16:13:03.630,1.0322,1.03235,2.80,1.60
2010.01.19 16:13:03.740,1.0322,1.03235,2.00,3.50
2010.01.19 16:13:03.800,1.0322,1.03235,2.00,7.50
2010.01.19 16:13:03.970,1.0322,1.03225,2.00,1.30
2010.01.19 16:13:04.030,1.03215,1.03225,1.00,1.30
2010.01.19 16:13:04.320,1.0321,1.03225,2.40,1.30
2010.01.19 16:13:04.600,1.0321,1.03225,1.60,1.30
2010.01.19 16:13:05.170,1.03205,1.03225,1.60,2.10
2010.01.19 16:13:05.630,1.0321,1.03225,1.60,2.10
2010.01.19 16:13:06.590,1.0321,1.03225,1.60,1.00
2010.01.19 16:13:07.339,1.03205,1.03225,1.60,1.00
2010.01.19 16:13:07.630,1.03205,1.03225,1.60,1.00
2010.01.19 16:13:08.180,1.03205,1.03225,4.40,1.00
2010.01.19 16:13:08.469,1.0321,1.03225,1.60,1.00
2010.01.19 16:13:10.059,1.03205,1.03225,5.20,1.00
2010.01.19 16:13:10.409,1.03205,1.03225,1.60,9.20
2010.01.19 16:13:10.529,1.03205,1.03225,1.60,11.20
2010.01.19 16:13:10.639,1.03205,1.03225,1.60,11.10
2010.01.19 16:13:10.809,1.03205,1.03225,1.60,10.40
2010.01.19 16:13:10.929,1.032,1.03225,3.20,10.00
2010.01.19 16:13:10.989,1.032,1.03225,1.60,14.80
2010.01.19 16:13:11.109,1.032,1.03225,1.60,15.60
2010.01.19 16:13:14.148,1.032,1.03225,1.60,15.70
2010.01.19 16:13:14.948,1.032,1.03225,1.60,15.60
2010.01.19 16:13:21.246,1.032,1.03225,1.60,15.60
2010.01.19 16:13:21.476,1.032,1.03225,1.60,15.00
2010.01.19 16:13:21.646,1.032,1.03225,1.60,15.00
2010.01.19 16:13:21.986,1.032,1.03225,1.60,14.80
2010.01.19 16:13:22.326,1.032,1.03225,1.60,15.10
2010.01.19 16:13:23.026,1.032,1.03225,1.60,15.40
2010.01.19 16:13:23.356,1.032,1.03225,1.60,15.60
2010.01.19 16:13:23.696,1.032,1.03225,1.60,15.70
2010.01.19 16:13:24.545,1.032,1.03225,1.60,15.60
2010.01.19 16:13:26.355,1.032,1.03225,1.60,15.60
2010.01.19 16:13:26.695,1.032,1.03225,1.60,15.60
2010.01.19 16:13:28.024,1.032,1.03225,1.60,15.60
2010.01.19 16:13:30.264,1.03205,1.03225,1.60,4.40
2010.01.19 16:13:30.494,1.0321,1.03225,1.00,2.00
2010.01.19 16:13:30.724,1.03215,1.0323,1.60,1.20
2010.01.19 16:13:30.954,1.0321,1.0323,5.40,5.20
2010.01.19 16:13:31.184,1.0321,1.03225,5.40,1.00
2010.01.19 16:13:31.424,1.0321,1.0323,5.40,8.80
2010.01.19 16:13:31.774,1.03215,1.03235,1.60,9.20
2010.01.19 16:13:32.123,1.03215,1.03235,1.60,9.60
2010.01.19 16:13:32.833,1.03215,1.0323,1.60,1.60
2010.01.19 16:13:33.103,1.0321,1.03225,5.40,1.00
2010.01.19 16:13:33.443,1.0321,1.03225,2.20,1.00
2010.01.19 16:13:33.913,1.0321,1.03225,2.20,1.00
2010.01.19 16:13:41.322,1.03205,1.03225,6.40,1.00
2010.01.19 16:13:41.621,1.03205,1.03225,1.60,8.00
2010.01.19 16:13:41.951,1.032,1.03225,3.20,9.60
2010.01.19 16:13:47.720,1.03205,1.03225,1.60,8.00
2010.01.19 16:13:47.950,1.03205,1.03225,1.60,1.00
2010.01.19 16:13:48.170,1.03205,1.03225,1.60,1.00
2010.01.19 16:13:52.759,1.03205,1.03225,3.20,1.00
2010.01.19 16:13:53.048,1.03205,1.03225,1.60,1.00
2010.01.19 16:13:56.528,1.03205,1.03225,1.60,1.00
2010.01.19 16:13:56.938,1.03205,1.03225,1.60,2.10
2010.01.19 16:13:59.847,1.03205,1.03225,1.60,1.00
2010.01.19 16:14:02.356,1.03205,1.03225,1.60,1.00
2010.01.19 16:14:03.096,1.03205,1.03225,1.60,1.00
2010.01.19 16:14:03.756,1.03205,1.03225,1.60,1.00
2010.01.19 16:14:04.626,1.03205,1.03225,2.00,1.00
2010.01.19 16:14:04.906,1.0321,1.03225,1.60,1.00
2010.01.19 16:14:06.705,1.03215,1.03225,1.60,1.00
2010.01.19 16:14:07.055,1.03215,1.03235,1.60,9.20
2010.01.19 16:14:07.415,1.03215,1.03235,1.60,9.60
2010.01.19 16:14:08.355,1.03215,1.03235,1.60,9.20
2010.01.19 16:14:09.246,1.03215,1.03235,1.60,10.00
2010.01.19 16:14:09.365,1.0321,1.0323,3.20,3.20
2010.01.19 16:14:09.715,1.03205,1.0323,3.20,15.20
2010.01.19 16:14:10.075,1.03205,1.0323,1.60,15.20
2010.01.19 16:14:10.414,1.03205,1.03225,1.60,3.20
2010.01.19 16:14:12.004,1.03205,1.03225,1.60,12.80
2010.01.19 16:14:12.334,1.032,1.03225,1.60,12.80
2010.01.19 16:14:12.684,1.03205,1.03225,1.60,12.80
2010.01.19 16:14:14.503,1.03205,1.03225,1.60,12.80
2010.01.19 16:14:15.073,1.03205,1.03225,1.60,13.30
2010.01.19 16:14:15.313,1.03205,1.03215,1.60,1.60
2010.01.19 16:14:15.643,1.03195,1.03215,1.60,7.70
2010.01.19 16:14:15.883,1.03195,1.03215,1.60,9.30
2010.01.19 16:14:16.123,1.03195,1.03215,1.60,13.60
2010.01.19 16:14:16.653,1.03195,1.03215,1.60,1.60
2010.01.19 16:14:17.003,1.032,1.03215,1.60,1.00
2010.01.19 16:14:17.703,1.032,1.0322,1.60,4.80
2010.01.19 16:14:20.002,1.032,1.0322,1.60,10.40
2010.01.19 16:14:20.392,1.032,1.0322,1.60,13.20
2010.01.19 16:14:20.782,1.03195,1.03215,1.60,1.00
2010.01.19 16:14:21.122,1.032,1.03215,1.60,1.00
2010.01.19 16:14:22.971,1.032,1.03215,1.60,1.00
2010.01.19 16:14:23.371,1.0319,1.0321,16.40,1.60
2010.01.19 16:14:23.711,1.0319,1.0321,1.60,10.00
2010.01.19 16:14:23.941,1.03195,1.0321,1.60,2.80
2010.01.19 16:14:24.051,1.03195,1.0321,1.60,1.00
2010.01.19 16:14:24.221,1.03185,1.0321,3.20,12.80
2010.01.19 16:14:24.331,1.03185,1.0321,1.60,16.80
2010.01.19 16:14:25.431,1.03185,1.0321,1.60,16.80
2010.01.19 16:14:26.710,1.03185,1.0321,1.60,16.80
2010.01.19 16:14:27.050,1.03185,1.0321,2.00,16.80
2010.01.19 16:14:28.310,1.03185,1.0321,2.20,16.80
2010.01.19 16:14:28.840,1.03185,1.0321,2.20,16.80
2010.01.19 16:14:28.960,1.03195,1.0321,1.00,16.80
2010.01.19 16:14:29.130,1.0319,1.0321,1.60,7.20
2010.01.19 16:14:29.300,1.0319,1.0321,11.20,2.40
2010.01.19 16:14:29.470,1.03195,1.0321,7.40,2.40
2010.01.19 16:14:29.580,1.032,1.0321,1.60,1.60
2010.01.19 16:14:30.110,1.032,1.0322,1.60,1.60
2010.01.19 16:14:30.459,1.032,1.03225,1.60,9.80
2010.01.19 16:14:30.810,1.032,1.0322,1.60,1.60
2010.01.19 16:14:31.899,1.03195,1.0322,12.40,3.20
2010.01.19 16:14:32.229,1.03195,1.0322,3.20,3.20
2010.01.19 16:14:33.609,1.03195,1.0322,4.00,3.20
2010.01.19 16:14:33.898,1.032,1.03225,1.60,14.60
2010.01.19 16:14:34.239,1.03205,1.03225,1.60,10.40
2010.01.19 16:14:35.629,1.032,1.03225,3.20,11.20
2010.01.19 16:14:35.808,1.032,1.0322,1.60,8.00
2010.01.19 16:14:35.978,1.03195,1.0322,10.00,11.20
2010.01.19 16:14:36.098,1.03195,1.0322,1.60,14.40
2010.01.19 16:14:48.125,1.03195,1.03215,1.60,5.60
2010.01.19 16:14:48.365,1.03195,1.03215,1.60,9.60
2010.01.19 16:14:48.645,1.03195,1.03215,1.60,12.80
2010.01.19 16:14:49.165,1.032,1.03215,4.00,9.60
2010.01.19 16:14:49.285,1.032,1.03215,6.00,4.00
2010.01.19 16:14:49.455,1.032,1.03215,6.80,1.60
2010.01.19 16:14:49.565,1.03195,1.03215,2.40,7.60
2010.01.19 16:14:49.685,1.03195,1.03215,2.00,7.60
2010.01.19 16:14:50.035,1.032,1.03215,1.60,4.00
2010.01.19 16:14:50.385,1.032,1.0322,1.60,10.40
2010.01.19 16:14:50.725,1.032,1.0322,1.60,10.40
2010.01.19 16:14:51.574,1.032,1.0322,1.60,10.40
2010.01.19 16:14:57.083,1.032,1.03215,1.60,1.00
2010.01.19 16:14:57.313,1.03195,1.03215,1.60,1.90
2010.01.19 16:14:57.663,1.0319,1.0321,3.20,1.00
2010.01.19 16:14:58.003,1.0319,1.0321,1.60,5.60
2010.01.19 16:15:02.842,1.03195,1.03215,1.60,1.00
2010.01.19 16:15:03.231,1.03195,1.03215,1.60,1.00
2010.01.19 16:15:03.582,1.03205,1.0322,2.40,5.60
2010.01.19 16:15:03.932,1.03205,1.0322,1.60,6.00
2010.01.19 16:15:04.102,1.032,1.03225,1.60,15.30
2010.01.19 16:15:04.222,1.032,1.03225,1.60,11.70
2010.01.19 16:15:04.391,1.032,1.03225,1.60,5.20
2010.01.19 16:15:04.571,1.032,1.03225,1.60,1.00
2010.01.19 16:15:04.731,1.0321,1.03225,1.60,1.00
2010.01.19 16:15:05.791,1.03205,1.03225,1.60,1.90
2010.01.19 16:15:05.901,1.03205,1.03225,1.60,5.90
2010.01.19 16:15:05.961,1.03205,1.03225,1.60,7.80
2010.01.19 16:15:08.820,1.03195,1.03215,1.60,10.90
2010.01.19 16:15:10.160,1.03195,1.03215,1.60,1.00
2010.01.19 16:15:10.540,1.032,1.03215,1.60,1.00
2010.01.19 16:15:14.799,1.03195,1.03215,9.20,1.00
2010.01.19 16:15:15.089,1.03195,1.03215,1.00,1.70
2010.01.19 16:15:15.329,1.0319,1.03215,5.60,5.70
2010.01.19 16:15:16.279,1.03195,1.03215,1.60,4.10
2010.01.19 16:15:16.628,1.03195,1.03215,10.40,1.00
2010.01.19 16:15:16.918,1.032,1.03215,1.60,1.00
2010.01.19 16:15:18.638,1.03195,1.03215,1.60,1.00
2010.01.19 16:15:18.988,1.032,1.03215,1.60,1.00
2010.01.19 16:15:19.158,1.032,1.0322,1.60,11.20
2010.01.19 16:15:19.338,1.032,1.0322,8.80,6.40
2010.01.19 16:15:19.508,1.03205,1.03225,1.60,1.20
2010.01.19 16:15:19.718,1.03205,1.03225,1.60,2.30
2010.01.19 16:15:19.888,1.0321,1.0323,1.60,16.40
2010.01.19 16:15:20.238,1.03205,1.0323,3.60,9.60
2010.01.19 16:15:20.577,1.0321,1.03235,1.60,12.80
2010.01.19 16:15:21.217,1.0321,1.03235,1.60,12.80
2010.01.19 16:15:22.597,1.0321,1.03235,1.70,12.80
2010.01.19 16:15:23.287,1.0321,1.03235,1.60,12.80
2010.01.19 16:15:24.147,1.0321,1.03235,1.70,12.80
2010.01.19 16:15:24.266,1.03215,1.03235,1.60,12.80
2010.01.19 16:15:24.427,1.03215,1.03235,1.60,4.80
2010.01.19 16:15:24.587,1.03215,1.0324,1.60,18.00
2010.01.19 16:15:25.637,1.03215,1.0324,1.60,17.20
2010.01.19 16:15:27.976,1.03215,1.03235,1.60,12.80
2010.01.19 16:15:28.366,1.0321,1.03225,1.60,1.00
2010.01.19 16:15:28.595,1.03205,1.03225,4.40,1.00
2010.01.19 16:15:28.876,1.03205,1.03225,1.60,4.10
2010.01.19 16:15:29.455,1.03205,1.03225,1.60,8.50
2010.01.19 16:15:29.805,1.03205,1.03225,1.60,4.50
2010.01.19 16:15:30.415,1.03205,1.03225,1.60,4.40
2010.01.19 16:15:30.935,1.03205,1.03225,1.60,4.30
2010.01.19 16:15:31.845,1.03205,1.03225,1.60,4.00
2010.01.19 16:15:32.235,1.03205,1.03225,1.60,4.10
2010.01.19 16:15:33.284,1.03205,1.03225,1.60,4.40
2010.01.19 16:15:34.264,1.03205,1.03225,1.60,4.00
2010.01.19 16:15:34.944,1.03205,1.03225,1.60,4.10
2010.01.19 16:15:35.474,1.03205,1.03225,1.60,4.40
2010.01.19 16:15:35.644,1.0321,1.03225,1.60,1.20
2010.01.19 16:15:35.814,1.0321,1.03225,1.60,1.00
2010.01.19 16:15:36.374,1.0321,1.03225,1.60,1.00
2010.01.19 16:15:37.983,1.0321,1.0323,1.60,6.20
2010.01.19 16:15:38.163,1.0321,1.0323,1.60,1.40
2010.01.19 16:15:38.373,1.0321,1.03225,1.60,1.00
2010.01.19 16:15:38.943,1.0321,1.03225,5.60,1.00
2010.01.19 16:15:39.183,1.0321,1.03225,1.60,1.00
2010.01.19 16:15:39.353,1.03205,1.03225,1.60,1.00
2010.01.19 16:15:39.523,1.03205,1.03225,7.20,1.00
2010.01.19 16:15:39.873,1.03205,1.03225,12.00,1.00
2010.01.19 16:15:40.263,1.03205,1.03215,1.60,8.00
2010.01.19 16:15:40.603,1.03185,1.0321,1.00,11.20
2010.01.19 16:15:40.943,1.0318,1.03205,1.60,1.00
2010.01.19 16:15:44.412,1.0319,1.0321,1.60,8.90
2010.01.19 16:15:44.752,1.0319,1.0321,1.60,4.10
2010.01.19 16:15:45.391,1.0319,1.0321,1.60,4.10
2010.01.19 16:15:46.591,1.0319,1.0321,1.60,4.10
2010.01.19 16:15:47.171,1.0319,1.0321,1.60,4.10
2010.01.19 16:15:48.840,1.0319,1.0321,1.60,4.20
2010.01.19 16:15:50.401,1.0319,1.0321,1.60,4.10
2010.01.19 16:15:50.641,1.0319,1.0321,2.40,4.10
2010.01.19 16:15:50.761,1.0319,1.0321,2.40,1.00
2010.01.19 16:15:50.820,1.03195,1.0321,1.60,1.00
2010.01.19 16:15:51.041,1.03195,1.0321,1.60,1.00
2010.01.19 16:15:53.850,1.03195,1.0321,1.60,1.00
2010.01.19 16:15:54.469,1.0319,1.0321,1.60,4.10
2010.01.19 16:15:54.819,1.0319,1.0321,1.60,5.70
2010.01.19 16:15:55.169,1.0319,1.0321,1.60,5.70
2010.01.19 16:15:56.859,1.03195,1.03215,1.00,10.80
2010.01.19 16:15:57.029,1.03195,1.03215,1.00,9.90
2010.01.19 16:15:57.199,1.03195,1.03215,1.60,8.80
2010.01.19 16:15:57.538,1.032,1.0322,1.60,4.00
2010.01.19 16:15:57.898,1.032,1.03225,1.00,12.00
2010.01.19 16:15:58.808,1.032,1.03225,1.00,16.80
2010.01.19 16:15:58.988,1.032,1.0322,1.00,4.00
2010.01.19 16:16:03.047,1.032,1.0322,1.00,7.20
2010.01.19 16:16:03.457,1.03195,1.0322,1.60,7.20
2010.01.19 16:16:03.627,1.03195,1.0322,1.60,10.50
2010.01.19 16:16:03.807,1.03195,1.03215,1.60,1.00
2010.01.19 16:16:04.327,1.03195,1.03215,1.60,1.00
2010.01.19 16:16:05.626,1.032,1.03215,1.60,1.00
2010.01.19 16:16:05.986,1.032,1.0322,1.60,1.00
2010.01.19 16:16:09.836,1.03205,1.03225,1.00,10.40
2010.01.19 16:16:11.215,1.03205,1.03225,1.60,10.40
2010.01.19 16:16:12.775,1.032,1.03225,3.20,10.50
2010.01.19 16:16:13.115,1.032,1.03225,1.60,12.90
2010.01.19 16:16:13.465,1.032,1.03225,1.60,12.90
2010.01.19 16:16:15.024,1.032,1.03225,1.60,13.30
2010.01.19 16:16:17.884,1.032,1.03225,1.60,13.40
2010.01.19 16:16:18.114,1.03195,1.03215,1.00,5.60
2010.01.19 16:16:18.284,1.03195,1.03215,1.00,9.60
2010.01.19 16:16:18.453,1.0319,1.03215,1.60,9.60
2010.01.19 16:16:18.633,1.0319,1.0321,1.60,8.00
2010.01.19 16:16:18.803,1.03185,1.0321,1.60,8.00
2010.01.19 16:16:23.192,1.03185,1.03205,3.20,8.00
2010.01.19 16:16:23.362,1.03195,1.0321,4.80,1.00
2010.01.19 16:16:23.592,1.03195,1.03205,6.40,1.60
2010.01.19 16:16:23.762,1.0319,1.03205,5.60,3.60
2010.01.19 16:16:24.122,1.03195,1.03205,1.60,1.00
2010.01.19 16:16:24.362,1.03195,1.03215,1.60,6.00
2010.01.19 16:16:25.382,1.0319,1.0321,1.60,4.00
2010.01.19 16:16:25.672,1.0319,1.0321,1.60,4.00
2010.01.19 16:16:27.931,1.0319,1.03205,1.60,1.00
2010.01.19 16:16:28.281,1.0319,1.032,1.60,8.80
2010.01.19 16:16:28.631,1.03185,1.03205,1.60,1.00
2010.01.19 16:16:28.801,1.03185,1.03205,1.60,1.00
2010.01.19 16:16:30.050,1.0318,1.03205,15.40,1.00
2010.01.19 16:16:30.340,1.03195,1.03205,1.60,1.00
2010.01.19 16:16:30.661,1.0319,1.03205,4.80,2.10
2010.01.19 16:16:30.940,1.03185,1.03205,2.00,8.50
2010.01.19 16:16:31.210,1.0319,1.03205,1.60,1.00
2010.01.19 16:16:31.500,1.0319,1.0321,1.60,7.30
2010.01.19 16:16:31.730,1.0319,1.0321,1.60,1.00
2010.01.19 16:16:32.870,1.0319,1.0321,1.60,4.10
2010.01.19 16:16:34.939,1.03195,1.0321,6.00,4.10
2010.01.19 16:16:35.100,1.03195,1.03215,3.60,3.10
2010.01.19 16:16:35.270,1.03195,1.03215,2.00,10.30
2010.01.19 16:16:35.449,1.0319,1.0321,1.60,4.00
2010.01.19 16:16:35.629,1.0319,1.0321,1.60,4.00
2010.01.19 16:16:36.139,1.03195,1.0321,4.00,4.00
2010.01.19 16:16:36.479,1.03195,1.03215,3.60,7.10
2010.01.19 16:16:36.809,1.03195,1.03215,1.60,1.00
2010.01.19 16:16:37.219,1.03195,1.0322,1.60,10.40
2010.01.19 16:16:39.568,1.032,1.0322,1.60,10.40
2010.01.19 16:16:39.678,1.032,1.0322,1.60,8.80
2010.01.19 16:16:39.788,1.032,1.0322,1.60,4.80
2010.01.19 16:16:40.308,1.032,1.0322,1.60,1.60
2010.01.19 16:16:41.768,1.032,1.0322,1.60,5.00
2010.01.19 16:16:42.158,1.03195,1.03215,1.60,4.90
2010.01.19 16:16:42.508,1.0319,1.03205,1.60,1.00
2010.01.19 16:16:42.908,1.0319,1.0321,1.60,5.60
2010.01.19 16:16:43.198,1.0319,1.03205,1.60,1.00
2010.01.19 16:16:43.557,1.0319,1.0321,1.60,5.60
2010.01.19 16:16:43.957,1.0319,1.0321,1.60,4.00
2010.01.19 16:16:45.938,1.0319,1.03215,1.60,8.90
2010.01.19 16:16:47.247,1.03195,1.03215,8.80,4.90
2010.01.19 16:16:47.587,1.03195,1.03215,10.40,1.00
2010.01.19 16:16:47.816,1.03195,1.03215,9.60,1.00
2010.01.19 16:16:48.037,1.03195,1.03215,1.00,9.60
2010.01.19 16:16:48.316,1.0319,1.03215,1.60,10.00
2010.01.19 16:16:48.546,1.0319,1.03215,1.60,11.50
2010.01.19 16:16:48.896,1.0319,1.03215,1.60,11.70
2010.01.19 16:16:50.236,1.03195,1.03215,7.20,6.10
2010.01.19 16:16:50.516,1.032,1.03215,1.60,1.00
2010.01.19 16:16:51.126,1.032,1.03215,1.60,1.00
2010.01.19 16:16:51.295,1.03195,1.03215,4.00,7.70
2010.01.19 16:16:51.456,1.0319,1.0321,1.60,1.00
2010.01.19 16:16:55.654,1.0319,1.0321,1.60,4.10
2010.01.19 16:16:57.374,1.0319,1.03215,2.40,8.80
2010.01.19 16:16:57.764,1.032,1.0322,1.60,7.20
2010.01.19 16:16:58.114,1.032,1.03225,1.60,1.00
2010.01.19 16:16:58.404,1.03205,1.0323,1.60,15.20
2010.01.19 16:16:59.884,1.03205,1.03225,2.20,1.00
2010.01.19 16:17:00.224,1.03205,1.0322,2.20,1.60
2010.01.19 16:17:00.513,1.03195,1.0322,1.60,9.20
2010.01.19 16:17:00.803,1.03195,1.03215,1.60,1.00
2010.01.19 16:17:01.773,1.03195,1.03215,1.60,1.00
2010.01.19 16:17:02.463,1.03195,1.03215,1.60,1.00
2010.01.19 16:17:02.743,1.03195,1.03215,1.60,1.00
2010.01.19 16:17:03.943,1.03195,1.03215,10.00,1.00
2010.01.19 16:17:04.292,1.032,1.03215,1.60,1.00
2010.01.19 16:17:04.572,1.032,1.03215,1.60,1.00
2010.01.19 16:17:05.563,1.032,1.03215,1.60,1.00
2010.01.19 16:17:07.002,1.032,1.03215,1.60,1.00
2010.01.19 16:17:07.282,1.032,1.03215,1.60,1.10
2010.01.19 16:17:09.161,1.032,1.03215,2.40,1.10
2010.01.19 16:17:09.331,1.032,1.03215,10.80,1.10
2010.01.19 16:17:09.671,1.032,1.03215,2.40,1.00
2010.01.19 16:17:10.011,1.032,1.03215,1.60,1.00
2010.01.19 16:17:22.548,1.032,1.03225,3.20,9.70
2010.01.19 16:17:25.577,1.032,1.0322,1.60,1.60
2010.01.19 16:17:32.216,1.03195,1.0322,4.40,13.20
2010.01.19 16:17:32.456,1.032,1.0322,1.60,13.20
2010.01.19 16:17:34.835,1.032,1.0322,1.60,11.60
2010.01.19 16:17:35.065,1.032,1.03225,1.60,12.90
2010.01.19 16:17:42.843,1.03205,1.03225,1.60,12.90
2010.01.19 16:17:43.233,1.03205,1.03225,1.60,8.90
2010.01.19 16:17:43.623,1.03205,1.03225,1.60,1.70
2010.01.19 16:17:44.323,1.03205,1.03225,1.60,8.90
2010.01.19 16:17:44.673,1.032,1.03225,1.60,12.90
2010.01.19 16:17:45.023,1.032,1.0322,1.60,1.60
2010.01.19 16:17:52.981,1.032,1.03225,4.00,11.30
2010.01.19 16:17:53.331,1.032,1.03225,8.00,4.90
2010.01.19 16:17:55.470,1.032,1.03225,9.60,1.70
2010.01.19 16:17:55.820,1.03205,1.0323,1.60,13.30
2010.01.19 16:17:56.300,1.03205,1.0323,10.40,5.20
2010.01.19 16:17:56.480,1.0321,1.0323,1.60,1.60
2010.01.19 16:17:58.149,1.0321,1.03235,1.60,12.80
2010.01.19 16:17:59.519,1.0321,1.0323,1.60,1.60
2010.01.19 16:18:02.688,1.03205,1.0323,12.80,1.60
2010.01.19 16:18:03.068,1.03205,1.0323,6.00,1.60
2010.01.19 16:18:03.418,1.03205,1.0323,5.20,1.60
2010.01.19 16:18:03.768,1.03205,1.0323,4.80,1.70
2010.01.19 16:18:04.108,1.03205,1.0323,3.20,3.30
2010.01.19 16:18:04.448,1.03205,1.0323,3.20,7.30
2010.01.19 16:18:07.497,1.0321,1.0323,1.60,5.70
2010.01.19 16:18:07.797,1.0321,1.0323,1.60,4.00
2010.01.19 16:18:13.576,1.03215,1.0323,1.60,4.00
2010.01.19 16:18:13.856,1.03225,1.0323,1.60,4.00
2010.01.19 16:18:14.096,1.03225,1.03235,1.60,2.00
2010.01.19 16:18:14.276,1.0322,1.03235,3.20,7.60
2010.01.19 16:18:14.546,1.0322,1.03235,1.60,1.60
2010.01.19 16:18:14.715,1.03215,1.03225,1.00,6.40
2010.01.19 16:18:14.935,1.0319,1.0321,2.00,1.00
2010.01.19 16:18:15.325,1.0318,1.0321,1.60,4.90
2010.01.19 16:18:15.675,1.0318,1.0321,1.60,14.80
2010.01.19 16:18:16.025,1.0318,1.03205,1.60,13.60
2010.01.19 16:18:17.125,1.0318,1.032,1.60,3.20
2010.01.19 16:18:17.415,1.0318,1.03205,1.60,13.20
2010.01.19 16:18:17.705,1.0318,1.03205,1.60,15.30
2010.01.19 16:18:19.084,1.0318,1.032,1.60,1.60
2010.01.19 16:18:19.874,1.0318,1.03205,1.60,15.70
2010.01.19 16:18:20.214,1.0318,1.03205,1.60,16.10
2010.01.19 16:18:21.594,1.0318,1.03205,1.60,15.70
2010.01.19 16:18:21.934,1.0318,1.03205,1.60,15.30
2010.01.19 16:18:22.314,1.03185,1.03205,3.20,8.50
2010.01.19 16:18:22.653,1.03185,1.03205,4.80,1.00
2010.01.19 16:18:23.003,1.03185,1.03205,8.80,1.00
2010.01.19 16:18:23.343,1.03185,1.03205,3.20,1.00
2010.01.19 16:18:23.743,1.03185,1.03205,1.60,1.00
2010.01.19 16:18:25.313,1.03185,1.0321,1.60,12.30
2010.01.19 16:18:26.093,1.03185,1.03205,1.60,1.10
2010.01.19 16:18:26.373,1.03185,1.03205,1.60,2.70
2010.01.19 16:18:26.943,1.03185,1.03205,1.60,2.60
2010.01.19 16:18:27.292,1.03185,1.03205,1.60,10.90
2010.01.19 16:18:28.672,1.03185,1.03205,1.60,9.30
2010.01.19 16:18:29.082,1.0319,1.03205,1.60,8.50
2010.01.19 16:18:29.202,1.0319,1.03205,1.60,1.00
2010.01.19 16:18:29.372,1.0319,1.03205,1.00,1.00
2010.01.19 16:18:29.552,1.03185,1.03205,1.60,1.00
2010.01.19 16:18:30.272,1.03185,1.03205,1.60,1.00
2010.01.19 16:18:30.781,1.03185,1.03205,1.60,1.00
2010.01.19 16:18:30.951,1.03185,1.03205,1.60,1.00
2010.01.19 16:18:31.292,1.03185,1.03205,1.60,1.30
2010.01.19 16:18:31.881,1.03185,1.03205,1.60,1.20
2010.01.19 16:18:32.401,1.03185,1.03205,1.60,1.00
2010.01.19 16:18:35.390,1.03185,1.03205,1.60,5.80
2010.01.19 16:18:35.620,1.03185,1.03205,1.60,11.40
2010.01.19 16:18:36.701,1.03185,1.03205,1.60,11.30
2010.01.19 16:18:37.200,1.03185,1.03205,1.60,9.70
2010.01.19 16:18:37.600,1.03185,1.03205,1.60,9.10
2010.01.19 16:18:39.020,1.03185,1.03205,1.60,11.30
2010.01.19 16:18:42.059,1.03185,1.03205,1.60,8.90
2010.01.19 16:18:42.229,1.03185,1.03205,1.60,4.60
2010.01.19 16:18:42.389,1.03185,1.03205,1.60,1.00
2010.01.19 16:18:43.149,1.03185,1.0321,1.80,12.00
2010.01.19 16:18:43.499,1.03185,1.0321,2.20,11.20
2010.01.19 16:18:43.849,1.03185,1.0321,2.00,11.20
2010.01.19 16:18:44.538,1.03185,1.03205,1.60,1.00
2010.01.19 16:18:45.568,1.03185,1.03205,1.60,1.00
2010.01.19 16:18:45.858,1.03185,1.03205,1.60,1.00
2010.01.19 16:18:46.088,1.03185,1.03205,1.60,1.00
2010.01.19 16:18:46.378,1.03185,1.0321,3.00,11.20
2010.01.19 16:18:46.668,1.03185,1.0321,3.60,11.20
2010.01.19 16:18:47.358,1.0319,1.0321,1.60,1.60
2010.01.19 16:18:47.708,1.032,1.0321,4.00,1.60
2010.01.19 16:18:48.118,1.032,1.0321,8.40,1.60
2010.01.19 16:18:48.457,1.032,1.0321,1.60,1.60
2010.01.19 16:18:49.097,1.03205,1.0321,1.60,1.60
2010.01.19 16:18:49.377,1.03205,1.0321,2.20,1.60
2010.01.19 16:18:49.617,1.03205,1.0321,4.00,1.60
2010.01.19 16:18:50.247,1.03205,1.0323,3.90,3.20
2010.01.19 16:18:50.597,1.03205,1.0323,4.10,3.20
2010.01.19 16:18:50.947,1.03205,1.0323,3.80,6.40
2010.01.19 16:18:51.247,1.03205,1.0323,3.20,12.00
2010.01.19 16:18:51.657,1.03205,1.03225,1.60,8.10
2010.01.19 16:18:51.877,1.03205,1.03225,1.60,9.70
2010.01.19 16:18:52.286,1.03205,1.03225,1.60,8.60
2010.01.19 16:18:53.346,1.03205,1.03225,1.60,5.60
2010.01.19 16:18:53.646,1.03215,1.03225,1.00,4.10
2010.01.19 16:18:54.006,1.03215,1.03225,4.80,1.60
2010.01.19 16:18:54.586,1.03215,1.03225,6.40,1.60
2010.01.19 16:18:55.166,1.03215,1.03225,10.40,1.60
2010.01.19 16:18:56.146,1.03215,1.03225,8.80,1.60
2010.01.19 16:18:56.386,1.0321,1.0323,8.00,1.60
2010.01.19 16:18:58.115,1.0321,1.03225,8.00,1.60
2010.01.19 16:18:58.855,1.0321,1.03225,4.00,1.60
2010.01.19 16:18:59.205,1.0321,1.03225,1.60,1.60
2010.01.19 16:18:59.555,1.03215,1.03235,1.60,12.00
2010.01.19 16:18:59.894,1.0321,1.03235,3.20,12.00
2010.01.19 16:19:00.245,1.0321,1.03235,2.40,11.20
2010.01.19 16:19:00.574,1.0321,1.03235,4.00,4.80
2010.01.19 16:19:00.924,1.0321,1.03235,3.20,7.20
2010.01.19 16:19:01.284,1.0321,1.0323,1.60,1.60
2010.01.19 16:19:01.565,1.0321,1.0323,1.60,7.20
2010.01.19 16:19:02.124,1.0321,1.03225,1.60,1.00
2010.01.19 16:19:02.405,1.0321,1.0323,1.60,5.60
2010.01.19 16:19:02.854,1.0321,1.03225,1.60,4.80
2010.01.19 16:19:04.913,1.0321,1.03225,1.60,8.80
2010.01.19 16:19:05.263,1.0321,1.03225,1.60,4.80
2010.01.19 16:19:06.053,1.03205,1.03225,1.60,4.80
2010.01.19 16:19:06.703,1.0321,1.03225,1.60,4.80
2010.01.19 16:19:07.523,1.0321,1.03225,1.60,8.80
2010.01.19 16:19:07.913,1.0321,1.03225,1.60,4.80
2010.01.19 16:19:08.923,1.0321,1.03225,1.60,8.80
2010.01.19 16:19:09.162,1.0321,1.03225,1.60,8.90
2010.01.19 16:19:09.402,1.03205,1.03225,1.60,8.80
2010.01.19 16:19:09.912,1.032,1.03225,1.60,13.60
2010.01.19 16:19:10.552,1.032,1.0322,1.60,1.00
2010.01.19 16:19:10.952,1.03195,1.0322,10.40,4.00
2010.01.19 16:19:11.302,1.03195,1.0322,1.60,11.20
2010.01.19 16:19:11.642,1.03195,1.03215,1.60,1.00
2010.01.19 16:19:12.642,1.03195,1.03215,1.60,1.00
2010.01.19 16:19:14.321,1.03195,1.0322,1.60,11.20
2010.01.19 16:19:15.361,1.03195,1.03215,1.60,1.00
2010.01.19 16:19:16.051,1.032,1.0322,1.60,11.20
2010.01.19 16:19:16.271,1.032,1.03215,1.60,1.00
2010.01.19 16:19:16.451,1.03195,1.03215,1.60,8.00
2010.01.19 16:19:16.691,1.03195,1.03215,1.60,8.40
2010.01.19 16:19:21.870,1.03195,1.03215,1.60,8.90
2010.01.19 16:19:22.039,1.03195,1.03215,1.60,9.20
2010.01.19 16:19:22.219,1.03195,1.03215,1.60,8.80
2010.01.19 16:19:22.729,1.0319,1.0321,3.20,1.00
2010.01.19 16:19:23.059,1.0319,1.03205,1.60,1.00
2010.01.19 16:19:23.409,1.0319,1.03205,1.60,1.00
2010.01.19 16:19:24.149,1.0319,1.03205,1.60,1.00
2010.01.19 16:19:24.479,1.0319,1.03205,1.60,1.00
2010.01.19 16:19:26.328,1.0319,1.03205,1.60,1.00
2010.01.19 16:19:26.548,1.03195,1.03215,4.00,7.60
2010.01.19 16:19:26.878,1.032,1.03215,1.60,1.00
2010.01.19 16:19:27.228,1.03195,1.0322,3.20,12.00
2010.01.19 16:19:27.568,1.03195,1.0322,3.20,9.60
2010.01.19 16:19:28.309,1.032,1.0322,1.60,7.20
2010.01.19 16:19:33.417,1.03205,1.0322,1.00,7.20
2010.01.19 16:19:33.756,1.03205,1.0322,1.00,3.20
2010.01.19 16:19:33.976,1.03205,1.03225,1.00,11.20
2010.01.19 16:19:34.206,1.03205,1.03225,2.00,6.40
2010.01.19 16:19:34.366,1.03205,1.03225,2.00,5.80
2010.01.19 16:19:34.996,1.03205,1.03225,2.00,1.80
2010.01.19 16:19:36.716,1.03205,1.03225,2.00,5.80
2010.01.19 16:19:37.056,1.03205,1.03225,2.00,1.80
2010.01.19 16:19:37.406,1.0321,1.03225,1.60,1.00
2010.01.19 16:19:38.135,1.03215,1.03235,3.20,4.80
2010.01.19 16:19:38.415,1.03215,1.03235,3.20,3.20
2010.01.19 16:19:40.145,1.03215,1.03235,3.20,4.80
2010.01.19 16:19:40.495,1.03215,1.03235,3.20,5.60
2010.01.19 16:19:40.885,1.0321,1.0323,1.00,7.20
2010.01.19 16:19:41.235,1.03205,1.0323,3.20,3.20
2010.01.19 16:19:42.635,1.0321,1.0323,1.60,3.20
2010.01.19 16:19:42.984,1.0321,1.0323,3.20,3.20
2010.01.19 16:19:44.534,1.0321,1.03225,3.20,1.00
2010.01.19 16:19:45.174,1.0321,1.0323,3.20,3.20
2010.01.19 16:19:45.964,1.0321,1.0323,1.60,8.80
2010.01.19 16:19:46.364,1.0321,1.0323,3.20,3.20
2010.01.19 16:19:49.733,1.0321,1.0323,1.60,4.00
2010.01.19 16:19:51.172,1.0321,1.0323,1.60,3.20
2010.01.19 16:19:51.292,1.0321,1.0323,3.20,3.20
2010.01.19 16:19:51.822,1.03205,1.0323,3.80,5.60
2010.01.19 16:19:52.492,1.03205,1.0323,3.20,5.60
2010.01.19 16:19:53.182,1.03205,1.03225,1.60,2.40
2010.01.19 16:19:53.542,1.03205,1.03225,1.60,10.30
2010.01.19 16:19:53.932,1.032,1.0322,1.60,8.00
2010.01.19 16:19:55.082,1.032,1.03225,1.60,11.20
2010.01.19 16:19:55.432,1.032,1.03225,1.60,9.60
2010.01.19 16:19:56.031,1.03205,1.03225,1.60,5.60
2010.01.19 16:19:56.201,1.03205,1.03225,3.20,5.40
2010.01.19 16:19:56.441,1.03205,1.03225,3.20,3.80
2010.01.19 16:19:57.391,1.03205,1.0323,3.20,5.60
2010.01.19 16:19:58.760,1.03205,1.03225,3.20,1.00
2010.01.19 16:20:00.970,1.03205,1.03225,3.20,1.00
2010.01.19 16:20:01.260,1.03205,1.03225,3.20,1.20
2010.01.19 16:20:02.189,1.0321,1.03225,1.60,1.20
2010.01.19 16:20:02.530,1.0321,1.03225,1.60,1.00
2010.01.19 16:20:02.869,1.0321,1.03225,1.60,1.00
2010.01.19 16:20:03.169,1.0321,1.03225,1.60,1.00
2010.01.19 16:20:05.929,1.0321,1.03225,3.20,1.00
2010.01.19 16:20:06.148,1.0321,1.0323,3.20,3.20
2010.01.19 16:20:06.788,1.0321,1.0323,1.60,3.20
2010.01.19 16:20:15.117,1.0321,1.0323,1.60,3.20
2010.01.19 16:20:15.407,1.03215,1.03235,1.60,13.60
2010.01.19 16:20:15.696,1.03215,1.03235,1.60,4.80
2010.01.19 16:20:15.986,1.03215,1.03235,2.20,4.80
2010.01.19 16:20:16.286,1.03215,1.03235,2.00,3.20
2010.01.19 16:20:16.916,1.03215,1.03235,2.20,3.20
2010.01.19 16:20:17.256,1.03215,1.03235,1.60,3.20
2010.01.19 16:20:17.586,1.03215,1.03235,1.60,12.00
2010.01.19 16:20:21.326,1.0322,1.03235,1.60,12.00
2010.01.19 16:20:21.495,1.0322,1.03235,1.60,8.00
2010.01.19 16:20:21.605,1.0322,1.0324,1.60,1.60
2010.01.19 16:20:21.775,1.0322,1.0324,1.60,2.40
2010.01.19 16:20:21.935,1.0322,1.0324,1.60,4.00
2010.01.19 16:20:22.295,1.0322,1.03245,1.60,14.40
2010.01.19 16:20:23.894,1.0322,1.03245,1.60,14.40
2010.01.19 16:20:24.174,1.0322,1.0324,1.60,3.20
2010.01.19 16:20:24.404,1.0322,1.0324,1.60,9.60
2010.01.19 16:20:29.383,1.0322,1.03235,1.60,1.00
2010.01.19 16:20:29.553,1.03215,1.03235,2.00,4.00
2010.01.19 16:20:29.883,1.03215,1.03235,1.60,12.00
2010.01.19 16:20:30.233,1.0321,1.03235,1.60,13.60
2010.01.19 16:20:30.623,1.0321,1.03235,1.60,14.40
2010.01.19 16:20:30.863,1.0321,1.03235,1.60,13.60
2010.01.19 16:20:39.531,1.03215,1.03235,1.60,12.00
2010.01.19 16:20:39.641,1.03215,1.03235,1.60,8.80
2010.01.19 16:20:39.761,1.03215,1.03235,1.60,10.40
2010.01.19 16:20:39.921,1.03215,1.03235,1.60,8.80
2010.01.19 16:20:43.380,1.03215,1.03235,1.60,12.00
2010.01.19 16:20:47.929,1.03215,1.03235,1.60,12.00
2010.01.19 16:20:48.269,1.03215,1.03235,2.10,12.00
2010.01.19 16:20:48.618,1.0322,1.03235,1.60,11.20
2010.01.19 16:20:48.948,1.0322,1.03245,1.60,14.40
2010.01.19 16:20:49.238,1.03225,1.03245,1.60,13.60
2010.01.19 16:20:53.107,1.03225,1.0324,1.60,16.00
2010.01.19 16:20:53.467,1.03225,1.0324,1.60,4.80
2010.01.19 16:20:53.797,1.03225,1.03245,1.60,14.40
2010.01.19 16:20:54.487,1.03225,1.03245,1.60,12.80
2010.01.19 16:20:54.827,1.03225,1.03245,1.60,12.00
2010.01.19 16:20:58.196,1.0322,1.0324,1.60,4.80
2010.01.19 16:20:58.546,1.0322,1.0324,1.60,9.60
2010.01.19 16:21:01.076,1.0322,1.03235,1.60,8.40
2010.01.19 16:21:03.305,1.03215,1.03235,1.60,8.40
2010.01.19 16:21:03.645,1.03215,1.03235,1.60,11.60
2010.01.19 16:21:12.813,1.03215,1.03235,1.60,13.20
2010.01.19 16:21:13.822,1.03215,1.03235,1.60,13.20
2010.01.19 16:21:14.042,1.03215,1.03235,1.60,11.60
2010.01.19 16:21:16.422,1.03215,1.03235,1.60,11.60
2010.01.19 16:21:16.602,1.03215,1.03235,1.60,11.60
2010.01.19 16:21:17.101,1.03215,1.03235,1.60,10.80
2010.01.19 16:21:17.491,1.03215,1.0323,1.60,6.40
2010.01.19 16:21:17.832,1.0321,1.0323,1.60,9.60
2010.01.19 16:21:18.212,1.03215,1.0323,1.60,1.60
2010.01.19 16:21:18.561,1.03215,1.03235,1.60,13.60
2010.01.19 16:21:18.921,1.03215,1.03235,2.00,13.60
2010.01.19 16:21:19.091,1.03215,1.03235,1.60,13.60
2010.01.19 16:21:19.721,1.03215,1.03235,1.60,9.60
2010.01.19 16:21:19.891,1.03215,1.0324,1.60,14.40
2010.01.19 16:21:20.291,1.03215,1.0324,1.60,18.40
2010.01.19 16:21:20.941,1.03215,1.0324,3.20,16.00
2010.01.19 16:21:25.070,1.03215,1.0324,3.20,16.00
2010.01.19 16:21:25.310,1.03215,1.03235,1.60,4.00
2010.01.19 16:21:25.610,1.03215,1.03235,1.60,11.20
2010.01.19 16:21:27.659,1.03215,1.03235,1.60,11.20
2010.01.19 16:21:28.229,1.03215,1.03235,1.60,11.20
2010.01.19 16:21:28.529,1.03215,1.03235,3.20,7.20
2010.01.19 16:21:28.939,1.03215,1.03235,1.60,11.20
2010.01.19 16:21:31.328,1.03215,1.0324,3.20,16.00
2010.01.19 16:21:33.838,1.03215,1.0324,3.20,16.00
2010.01.19 16:21:34.178,1.03215,1.0324,3.20,15.20
2010.01.19 16:21:35.027,1.03215,1.0324,3.20,15.20
2010.01.19 16:21:35.267,1.03215,1.0324,3.20,15.20
2010.01.19 16:21:35.957,1.03215,1.0324,3.20,16.00
2010.01.19 16:21:36.917,1.03225,1.0324,1.60,3.20
2010.01.19 16:21:37.137,1.0322,1.03245,3.40,11.20
2010.01.19 16:21:37.437,1.0322,1.03245,3.20,11.20
2010.01.19 16:21:41.306,1.03225,1.03245,1.60,4.80
2010.01.19 16:21:41.536,1.03225,1.03245,3.20,1.60
2010.01.19 16:21:42.675,1.03225,1.0325,4.00,17.90
2010.01.19 16:21:43.025,1.0323,1.0325,1.60,15.50
2010.01.19 16:21:43.725,1.0323,1.0325,1.60,16.30
2010.01.19 16:21:43.995,1.0323,1.0325,1.60,15.60
2010.01.19 16:21:44.555,1.0323,1.0325,1.60,15.50
2010.01.19 16:21:45.125,1.03235,1.0325,1.60,12.30
2010.01.19 16:21:45.405,1.0323,1.0325,2.10,10.00
2010.01.19 16:21:45.695,1.0323,1.0325,1.60,10.80
2010.01.19 16:21:45.985,1.0323,1.0325,3.20,7.60
2010.01.19 16:21:46.614,1.0323,1.0325,3.20,9.20
2010.01.19 16:21:46.894,1.03225,1.03245,3.20,4.00
2010.01.19 16:21:47.584,1.03225,1.03245,3.20,7.20
2010.01.19 16:21:48.234,1.03225,1.03245,3.20,4.00
2010.01.19 16:21:51.993,1.03225,1.0325,3.20,14.70
2010.01.19 16:21:57.822,1.03225,1.0325,3.20,14.00
2010.01.19 16:21:59.401,1.03225,1.0325,3.20,14.10
2010.01.19 16:21:59.911,1.03225,1.03245,1.60,6.40
2010.01.19 16:22:05.120,1.0323,1.0325,1.60,9.60
2010.01.19 16:22:05.720,1.0323,1.0325,1.60,5.60
2010.01.19 16:22:12.968,1.03225,1.03245,3.20,1.00
2010.01.19 16:22:13.248,1.03225,1.03245,1.60,2.40
2010.01.19 16:22:19.537,1.03225,1.03245,2.00,2.40
2010.01.19 16:22:20.336,1.03225,1.03245,2.00,6.40
2010.01.19 16:22:20.856,1.03225,1.03245,1.60,6.40
2010.01.19 16:22:21.206,1.03225,1.03245,3.20,4.00
2010.01.19 16:22:21.566,1.0323,1.0325,1.60,9.60
2010.01.19 16:22:21.976,1.0323,1.0325,1.60,4.80
2010.01.19 16:22:22.146,1.0323,1.0325,4.00,4.80
2010.01.19 16:22:22.376,1.0323,1.0325,3.20,4.80
2010.01.19 16:22:23.986,1.0323,1.0325,1.60,5.60
2010.01.19 16:22:25.036,1.03225,1.0325,3.20,5.60
2010.01.19 16:22:26.705,1.03225,1.0325,3.20,5.60
2010.01.19 16:22:27.175,1.03225,1.0325,3.60,5.60
2010.01.19 16:22:27.395,1.0323,1.0325,1.60,4.80
2010.01.19 16:22:27.785,1.03225,1.0325,7.90,5.60
2010.01.19 16:22:28.186,1.03225,1.0325,3.20,5.60
2010.01.19 16:22:33.103,1.03225,1.0325,3.20,9.60
2010.01.19 16:22:34.823,1.03225,1.0325,3.80,9.60
2010.01.19 16:22:35.063,1.0323,1.0325,1.00,4.80
2010.01.19 16:22:35.753,1.0323,1.0325,4.80,4.80
2010.01.19 16:22:36.103,1.0323,1.03255,5.60,11.20
2010.01.19 16:22:36.503,1.03235,1.03255,3.20,1.60
2010.01.19 16:22:38.052,1.03235,1.03255,4.00,1.60
2010.01.19 16:22:38.402,1.03235,1.03255,3.20,1.60
2010.01.19 16:22:45.700,1.03235,1.03255,1.60,1.60
2010.01.19 16:22:46.160,1.03235,1.03255,3.20,1.60
2010.01.19 16:22:50.269,1.03235,1.03255,1.60,4.00
2010.01.19 16:22:50.779,1.03235,1.0326,1.60,21.40
2010.01.19 16:22:50.999,1.03235,1.0326,3.20,8.00
2010.01.19 16:22:52.919,1.03235,1.0326,3.20,8.60
2010.01.19 16:22:53.249,1.03235,1.0326,3.20,14.00
2010.01.19 16:22:53.578,1.03235,1.03255,3.20,1.00
2010.01.19 16:22:53.918,1.0324,1.0326,9.10,4.80
2010.01.19 16:22:54.258,1.0324,1.0326,10.70,1.60
2010.01.19 16:22:55.308,1.0324,1.0326,9.10,2.40
2010.01.19 16:22:55.588,1.0324,1.0326,6.70,5.60
2010.01.19 16:22:57.198,1.0324,1.0326,6.70,5.60
2010.01.19 16:22:57.318,1.0324,1.0326,6.20,5.60
2010.01.19 16:22:58.027,1.0324,1.0326,6.70,5.60
2010.01.19 16:22:58.367,1.0324,1.03255,6.00,1.00
2010.01.19 16:22:58.777,1.03235,1.03255,1.60,4.00
2010.01.19 16:23:00.327,1.03235,1.03255,1.60,4.00
2010.01.19 16:23:01.197,1.03235,1.03255,1.60,8.20
2010.01.19 16:23:01.527,1.03235,1.0325,1.60,1.00
2010.01.19 16:23:01.976,1.03235,1.03255,3.20,1.60
2010.01.19 16:23:02.156,1.0323,1.0325,8.20,1.00
2010.01.19 16:23:02.327,1.0323,1.0325,3.40,7.20
2010.01.19 16:23:02.556,1.0323,1.0325,3.20,7.20
2010.01.19 16:23:02.907,1.0323,1.03255,4.80,11.80
2010.01.19 16:23:03.256,1.0323,1.03255,4.80,11.40
2010.01.19 16:23:03.596,1.0323,1.03255,4.80,11.20
2010.01.19 16:23:09.104,1.03235,1.03255,1.60,7.60
2010.01.19 16:23:09.444,1.03235,1.03255,1.60,4.00
2010.01.19 16:23:10.584,1.0323,1.03255,7.80,8.00
2010.01.19 16:23:10.924,1.0323,1.0325,6.20,7.20
2010.01.19 16:23:11.214,1.0323,1.0325,5.40,7.20
2010.01.19 16:23:11.614,1.0323,1.0325,5.40,7.20
2010.01.19 16:23:11.784,1.0323,1.03245,1.60,1.00
2010.01.19 16:23:12.004,1.03225,1.03245,3.20,2.40
2010.01.19 16:23:12.174,1.03225,1.03245,3.20,6.40
2010.01.19 16:23:13.044,1.03225,1.0325,4.80,7.20
2010.01.19 16:23:13.414,1.03225,1.0325,4.80,6.40
2010.01.19 16:23:13.744,1.03225,1.0325,4.80,9.60
2010.01.19 16:23:14.084,1.03225,1.0325,3.20,9.60
2010.01.19 16:23:14.473,1.0322,1.0324,10.60,4.00
2010.01.19 16:23:14.653,1.0322,1.0324,3.20,8.00
2010.01.19 16:23:15.633,1.03225,1.0325,3.20,7.70
2010.01.19 16:23:15.983,1.03225,1.0325,3.20,5.60
2010.01.19 16:23:16.303,1.03225,1.03245,3.20,1.00
2010.01.19 16:23:16.423,1.03225,1.0325,3.20,9.60
2010.01.19 16:23:16.653,1.03225,1.0325,3.20,6.40
2010.01.19 16:23:16.833,1.03225,1.03245,1.60,1.60
2010.01.19 16:23:16.943,1.0322,1.0324,12.10,2.40
2010.01.19 16:23:17.063,1.0322,1.0324,4.10,6.40
2010.01.19 16:23:17.173,1.0322,1.0324,4.10,7.20
2010.01.19 16:23:17.293,1.0322,1.0324,3.20,7.20
2010.01.19 16:23:18.153,1.03225,1.0324,1.00,5.60
2010.01.19 16:23:18.493,1.0323,1.0326,10.20,6.40
2010.01.19 16:23:18.832,1.0323,1.0326,5.40,11.20
2010.01.19 16:23:19.112,1.0324,1.0326,1.60,4.80
2010.01.19 16:23:19.452,1.03235,1.0326,1.60,7.20
2010.01.19 16:23:19.802,1.0323,1.03255,5.40,11.20
2010.01.19 16:23:20.152,1.0323,1.0325,3.80,4.80
2010.01.19 16:23:20.492,1.0323,1.0325,3.80,8.80
2010.01.19 16:23:21.542,1.0323,1.0325,3.20,8.80
2010.01.19 16:23:21.892,1.0323,1.0325,3.20,7.20
2010.01.19 16:23:23.031,1.0323,1.0325,3.80,7.20
2010.01.19 16:23:23.331,1.03235,1.0325,1.60,4.80
2010.01.19 16:23:23.691,1.03235,1.03255,1.60,11.20
2010.01.19 16:23:24.581,1.0323,1.0325,5.40,2.40
2010.01.19 16:23:24.871,1.0323,1.0325,3.80,8.00
2010.01.19 16:23:27.140,1.03235,1.03255,3.20,6.00
2010.01.19 16:23:27.430,1.03235,1.03255,1.60,11.30
2010.01.19 16:23:28.170,1.03235,1.03255,1.60,11.20
2010.01.19 16:23:28.570,1.03245,1.0326,1.60,1.00
2010.01.19 16:23:28.910,1.03245,1.03265,1.60,8.00
2010.01.19 16:23:29.260,1.0324,1.03265,3.40,12.00
2010.01.19 16:23:29.380,1.0324,1.0326,3.40,1.00
2010.01.19 16:23:29.500,1.0324,1.0326,1.00,5.60
2010.01.19 16:23:29.720,1.03235,1.0326,3.70,5.60
2010.01.19 16:23:30.079,1.03235,1.0326,3.60,5.60
2010.01.19 16:23:30.299,1.03235,1.0326,3.20,5.60
2010.01.19 16:23:30.419,1.03235,1.03255,1.60,2.40
2010.01.19 16:23:30.949,1.03235,1.03255,1.60,6.40
2010.01.19 16:23:33.029,1.0323,1.0325,1.60,4.00
2010.01.19 16:23:33.329,1.03235,1.0325,1.60,1.60
2010.01.19 16:23:33.949,1.0323,1.0325,4.00,1.60
2010.01.19 16:23:34.299,1.0323,1.0325,1.60,8.00
2010.01.19 16:23:36.778,1.03225,1.03245,3.40,2.40
2010.01.19 16:23:36.938,1.03225,1.03245,1.80,2.50
2010.01.19 16:23:37.238,1.03225,1.03245,1.60,2.50
2010.01.19 16:23:40.237,1.03225,1.03245,1.60,2.40
2010.01.19 16:23:41.477,1.03225,1.03245,1.60,2.50
2010.01.19 16:23:41.697,1.0323,1.03245,1.60,1.70
2010.01.19 16:23:41.927,1.0323,1.0325,5.60,6.40
2010.01.19 16:23:42.167,1.03235,1.03255,3.20,1.00
2010.01.19 16:23:42.497,1.03235,1.0326,3.20,9.60
2010.01.19 16:23:43.976,1.03235,1.03255,1.60,5.60
2010.01.19 16:23:48.955,1.0324,1.03255,2.20,5.60
2010.01.19 16:23:49.195,1.0324,1.0326,3.80,1.70
2010.01.19 16:23:49.435,1.03245,1.0326,1.60,1.00
2010.01.19 16:23:49.665,1.03245,1.03265,1.60,5.60
2010.01.19 16:23:51.034,1.03245,1.03265,3.20,3.20
2010.01.19 16:23:51.204,1.03245,1.03265,3.20,4.00
2010.01.19 16:23:51.384,1.03245,1.03265,1.60,4.00
2010.01.19 16:23:51.554,1.03245,1.03265,1.60,5.60
2010.01.19 16:23:52.294,1.03245,1.03265,1.60,9.60
2010.01.19 16:23:53.504,1.03245,1.03265,3.20,3.20
2010.01.19 16:23:53.864,1.03245,1.03265,1.60,9.60
2010.01.19 16:23:54.144,1.0324,1.03265,5.60,11.20
2010.01.19 16:23:54.844,1.0324,1.03265,5.00,11.20
2010.01.19 16:23:55.074,1.0324,1.03265,5.00,11.20
2010.01.19 16:23:55.433,1.0324,1.03265,5.00,11.20
2010.01.19 16:23:55.783,1.0324,1.0326,5.00,1.00
2010.01.19 16:23:56.133,1.0324,1.0326,3.40,4.80
2010.01.19 16:23:56.943,1.0324,1.03255,3.40,1.00
2010.01.19 16:23:57.873,1.03235,1.03255,3.20,1.00
2010.01.19 16:24:00.402,1.03235,1.03255,3.20,1.70
2010.01.19 16:24:01.122,1.0323,1.03255,8.80,4.10
2010.01.19 16:24:01.472,1.0323,1.0325,1.60,4.00
2010.01.19 16:24:01.932,1.0323,1.03245,1.60,1.00
2010.01.19 16:24:04.232,1.0323,1.0325,1.60,4.00
2010.01.19 16:24:05.941,1.0323,1.0325,2.40,3.20
2010.01.19 16:24:06.181,1.03235,1.03255,3.20,6.00
2010.01.19 16:24:06.471,1.03235,1.03255,1.60,8.00
2010.01.19 16:24:06.771,1.0323,1.0325,1.80,4.00
2010.01.19 16:24:07.171,1.0323,1.0325,1.80,4.10
2010.01.19 16:24:07.571,1.0323,1.0325,1.80,4.90
2010.01.19 16:24:07.741,1.0323,1.0325,3.40,4.90
2010.01.19 16:24:08.251,1.0323,1.0325,3.40,4.80
2010.01.19 16:24:08.940,1.0323,1.0325,3.40,4.90
2010.01.19 16:24:09.450,1.03235,1.0325,3.20,1.00
2010.01.19 16:24:09.680,1.0323,1.0325,5.00,1.70
2010.01.19 16:24:09.910,1.0323,1.0325,3.40,1.60
2010.01.19 16:24:10.600,1.0323,1.0325,3.40,1.70
2010.01.19 16:24:11.020,1.0323,1.0325,4.20,1.70
2010.01.19 16:24:11.140,1.03235,1.0325,3.20,1.00
2010.01.19 16:24:11.260,1.03235,1.03255,3.20,4.80
2010.01.19 16:24:11.880,1.03235,1.03255,3.20,4.80
2010.01.19 16:24:12.050,1.03235,1.03255,3.20,5.60
2010.01.19 16:24:12.409,1.0323,1.03255,3.40,11.20
2010.01.19 16:24:12.789,1.0323,1.03255,3.40,11.60
2010.01.19 16:24:13.469,1.0323,1.03255,3.40,11.20
2010.01.19 16:24:14.599,1.0323,1.03255,3.40,11.20
2010.01.19 16:24:14.819,1.0323,1.03255,4.20,10.40
2010.01.19 16:24:15.049,1.03235,1.03255,1.60,1.60
2010.01.19 16:24:15.279,1.03235,1.03255,3.20,1.60
2010.01.19 16:24:16.298,1.0323,1.0325,3.40,1.00
2010.01.19 16:24:16.998,1.0323,1.03255,3.40,12.40
2010.01.19 16:24:17.108,1.0323,1.03255,3.40,12.00
2010.01.19 16:24:17.668,1.0323,1.03255,3.40,12.00
2010.01.19 16:24:18.008,1.0323,1.03245,3.40,1.00
2010.01.19 16:24:18.698,1.0323,1.03255,3.40,12.00
2010.01.19 16:24:18.938,1.0323,1.0325,3.40,1.00
2010.01.19 16:24:19.448,1.0323,1.03245,3.40,1.00
2010.01.19 16:24:20.267,1.0323,1.03255,3.40,12.00
2010.01.19 16:24:20.508,1.0323,1.0325,3.40,1.60
2010.01.19 16:24:20.807,1.03235,1.03255,1.60,11.20
2010.01.19 16:24:21.158,1.03235,1.03245,3.20,1.00
2010.01.19 16:24:21.847,1.03235,1.03255,3.20,1.60
2010.01.19 16:24:22.187,1.03235,1.03255,3.20,1.90
2010.01.19 16:24:22.537,1.03235,1.0325,1.60,2.40
2010.01.19 16:24:22.887,1.0323,1.0325,1.60,3.60
2010.01.19 16:24:23.237,1.0323,1.0325,3.20,5.30
2010.01.19 16:24:23.637,1.0323,1.0324,3.20,1.00
2010.01.19 16:24:23.997,1.0323,1.0324,1.60,1.00
2010.01.19 16:24:24.766,1.0323,1.0325,1.60,5.30
2010.01.19 16:24:25.566,1.0323,1.0325,3.20,5.30
2010.01.19 16:24:25.856,1.0323,1.0325,1.60,2.40
2010.01.19 16:24:26.186,1.03225,1.0325,3.20,14.40
2010.01.19 16:24:26.466,1.03225,1.03245,3.20,1.00
2010.01.19 16:24:27.356,1.03225,1.0325,3.20,14.40
2010.01.19 16:24:27.656,1.03225,1.0325,3.20,14.40
2010.01.19 16:24:28.006,1.03225,1.03245,3.20,1.00
2010.01.19 16:24:28.695,1.03225,1.0325,3.20,14.40
2010.01.19 16:24:29.025,1.03225,1.0324,1.60,1.60
2010.01.19 16:24:29.355,1.0322,1.0324,1.60,3.20
2010.01.19 16:24:29.635,1.03225,1.03245,1.60,4.20
2010.01.19 16:24:29.935,1.03225,1.03245,3.20,1.80
2010.01.19 16:24:30.165,1.03225,1.03245,3.20,1.00
2010.01.19 16:24:30.395,1.03225,1.0325,3.20,5.60
2010.01.19 16:24:30.805,1.0322,1.03245,4.80,11.80
2010.01.19 16:24:31.155,1.0323,1.03245,1.60,1.00
2010.01.19 16:24:31.495,1.03225,1.0325,3.70,5.60
2010.01.19 16:24:31.845,1.03225,1.0325,3.20,5.60
2010.01.19 16:24:33.375,1.03225,1.03245,3.20,1.00
2010.01.19 16:24:33.775,1.03225,1.03245,1.60,6.50
2010.01.19 16:24:34.114,1.03225,1.03245,1.60,2.50
2010.01.19 16:24:34.404,1.03225,1.03245,1.60,1.70
2010.01.19 16:24:34.754,1.03225,1.0325,3.20,12.00
2010.01.19 16:24:35.334,1.0323,1.0325,1.60,12.00
2010.01.19 16:24:35.664,1.03225,1.0325,3.20,12.00
2010.01.19 16:24:36.894,1.03225,1.0324,3.20,1.00
2010.01.19 16:24:37.014,1.03225,1.0324,1.60,1.60
2010.01.19 16:24:37.134,1.03225,1.0324,1.60,3.20
2010.01.19 16:24:37.303,1.03225,1.03245,1.60,7.00
2010.01.19 16:24:37.634,1.03225,1.03245,1.60,2.50
2010.01.19 16:24:38.343,1.0323,1.03245,1.60,2.40
2010.01.19 16:24:38.693,1.03225,1.03245,1.60,2.40
2010.01.19 16:24:39.753,1.0323,1.03245,1.00,2.40
2010.01.19 16:24:42.402,1.0323,1.03245,1.60,2.40
2010.01.19 16:24:42.822,1.0323,1.0325,1.60,12.00
2010.01.19 16:24:43.212,1.0323,1.0325,3.20,5.60
2010.01.19 16:24:43.502,1.0323,1.0325,3.20,4.80
2010.01.19 16:24:44.882,1.0323,1.0325,3.20,1.60
2010.01.19 16:24:45.002,1.0323,1.0325,1.00,2.40
2010.01.19 16:24:45.345,1.0323,1.0325,1.00,5.60
2010.01.19 16:24:46.801,1.03225,1.0325,3.20,5.60
2010.01.19 16:24:47.381,1.03225,1.03245,3.20,1.00
2010.01.19 16:24:47.711,1.03225,1.03245,3.20,1.00
2010.01.19 16:24:48.121,1.03225,1.03245,3.20,1.00
2010.01.19 16:24:50.340,1.0323,1.03245,1.60,1.00
2010.01.19 16:24:50.511,1.03225,1.03245,3.20,1.00
2010.01.19 16:24:52.210,1.03225,1.0325,3.20,5.60
2010.01.19 16:24:52.910,1.03225,1.03245,3.20,1.00
2010.01.19 16:24:53.490,1.03225,1.0325,3.20,5.60
2010.01.19 16:24:54.489,1.03225,1.03245,3.20,1.00
2010.01.19 16:24:55.839,1.03225,1.03245,1.60,2.50
2010.01.19 16:24:57.458,1.03225,1.03245,1.60,2.40
2010.01.19 16:24:58.228,1.03225,1.03245,1.60,2.50
2010.01.19 16:24:58.568,1.03225,1.03245,1.60,2.50
2010.01.19 16:24:58.898,1.0323,1.03245,1.00,2.40
2010.01.19 16:24:59.188,1.03225,1.03245,1.60,2.40
2010.01.19 16:25:00.108,1.03225,1.03245,1.60,2.50
2010.01.19 16:25:00.978,1.03225,1.03245,1.60,2.40
2010.01.19 16:25:02.757,1.03225,1.03245,1.60,2.50
2010.01.19 16:25:03.487,1.0322,1.03245,8.00,2.50
2010.01.19 16:25:03.837,1.03225,1.03245,1.60,2.40
2010.01.19 16:25:04.537,1.03225,1.03245,3.20,1.60
2010.01.19 16:25:04.897,1.0323,1.0325,1.00,6.40
2010.01.19 16:25:05.127,1.0323,1.0325,1.00,5.60
2010.01.19 16:25:05.367,1.03225,1.0325,3.30,4.80
2010.01.19 16:25:06.956,1.0323,1.0325,1.00,5.60
2010.01.19 16:25:07.176,1.03225,1.03245,1.60,1.00
2010.01.19 16:25:07.236,1.03225,1.03245,1.60,1.70
2010.01.19 16:25:07.346,1.03225,1.03245,1.60,1.70
2010.01.19 16:25:08.396,1.03225,1.03245,1.60,3.30
2010.01.19 16:25:08.746,1.03225,1.03245,1.00,7.30
2010.01.19 16:25:09.086,1.03225,1.03245,1.00,10.50
2010.01.19 16:25:10.705,1.03225,1.03245,1.00,10.40
2010.01.19 16:25:11.095,1.03225,1.03245,1.60,7.20
2010.01.19 16:25:11.315,1.0323,1.03245,1.00,7.20
2010.01.19 16:25:14.024,1.0322,1.03245,4.80,7.20
2010.01.19 16:25:14.304,1.0323,1.03245,1.00,7.20
2010.01.19 16:25:15.174,1.0322,1.0324,4.80,1.00
2010.01.19 16:25:15.464,1.0322,1.0324,3.20,1.00
2010.01.19 16:25:16.104,1.0322,1.0324,1.60,1.00
2010.01.19 16:25:16.434,1.03215,1.0324,9.20,5.70
2010.01.19 16:25:18.294,1.0322,1.0324,3.20,1.90
2010.01.19 16:25:18.644,1.0322,1.0324,3.20,1.60
2010.01.19 16:25:19.213,1.0322,1.0324,3.20,1.70
2010.01.19 16:25:19.793,1.0322,1.0324,3.20,1.60
2010.01.19 16:25:20.613,1.0322,1.0324,3.20,1.70
2010.01.19 16:25:20.793,1.0322,1.0324,3.20,1.00
2010.01.19 16:25:22.873,1.0322,1.03245,3.20,10.40
2010.01.19 16:25:24.252,1.03225,1.0325,1.60,21.10
2010.01.19 16:25:24.422,1.0322,1.0324,1.60,1.00
2010.01.19 16:25:24.642,1.0322,1.0324,1.00,1.70
2010.01.19 16:25:25.042,1.03215,1.0324,8.00,1.70
2010.01.19 16:25:25.382,1.03215,1.0324,8.00,5.70
2010.01.19 16:25:25.672,1.03215,1.0324,8.00,1.70
2010.01.19 16:25:28.021,1.03215,1.0324,8.00,5.70
2010.01.19 16:25:29.241,1.03215,1.0324,8.00,1.70
2010.01.19 16:25:30.541,1.03215,1.0324,8.00,1.60
2010.01.19 16:25:30.780,1.03215,1.0324,8.40,1.60
2010.01.19 16:25:31.071,1.03215,1.0324,8.40,1.70
2010.01.19 16:25:31.940,1.03215,1.0324,8.40,1.60
2010.01.19 16:25:32.680,1.03215,1.0324,8.40,1.70
2010.01.19 16:25:33.410,1.0322,1.0324,1.60,1.70
2010.01.19 16:25:33.760,1.03215,1.0324,8.40,1.60
2010.01.19 16:25:34.170,1.0322,1.0324,1.60,1.70
2010.01.19 16:25:35.159,1.0322,1.0324,1.60,1.60
2010.01.19 16:25:35.599,1.0322,1.03245,1.60,13.40
2010.01.19 16:25:35.939,1.03225,1.03245,1.60,5.60
2010.01.19 16:25:37.079,1.03225,1.03245,1.60,7.20
2010.01.19 16:25:37.569,1.0322,1.03245,4.80,7.20
2010.01.19 16:25:38.719,1.0322,1.0324,4.80,1.00
2010.01.19 16:25:39.298,1.0322,1.03245,4.80,7.60
2010.01.19 16:25:39.869,1.0322,1.0324,4.80,1.00
2010.01.19 16:25:40.498,1.0322,1.03245,4.80,7.60
2010.01.19 16:25:41.598,1.0322,1.0324,4.80,1.00
2010.01.19 16:25:41.828,1.0322,1.0324,4.80,1.00
2010.01.19 16:25:42.118,1.03225,1.03245,2.00,7.20
2010.01.19 16:25:42.348,1.03225,1.03245,3.60,1.60
2010.01.19 16:25:42.528,1.03225,1.0325,3.60,11.20
2010.01.19 16:25:47.346,1.03225,1.03245,3.60,1.60
2010.01.19 16:25:47.397,1.03225,1.03245,3.60,1.70
2010.01.19 16:25:47.557,1.03225,1.03245,1.60,7.30
2010.01.19 16:25:47.956,1.03225,1.03245,1.60,1.70
2010.01.19 16:25:53.035,1.03225,1.03245,1.60,3.30
2010.01.19 16:25:54.005,1.03225,1.03245,1.60,3.20
2010.01.19 16:25:55.375,1.03225,1.03245,1.60,3.30
2010.01.19 16:25:56.125,1.03225,1.03245,1.60,3.20
2010.01.19 16:25:56.974,1.03225,1.0324,1.60,1.00
2010.01.19 16:25:57.554,1.03225,1.03245,1.60,3.20
2010.01.19 16:25:58.364,1.03225,1.0324,1.60,1.00
2010.01.19 16:25:59.424,1.03225,1.03245,1.60,3.20
2010.01.19 16:25:59.544,1.03225,1.03245,1.60,3.20
2010.01.19 16:25:59.713,1.03225,1.0324,1.60,1.00
2010.01.19 16:25:59.893,1.0322,1.0324,4.80,1.00
2010.01.19 16:26:00.463,1.03215,1.0324,19.70,1.00
2010.01.19 16:26:01.463,1.0322,1.0324,8.80,1.00
2010.01.19 16:26:04.572,1.03215,1.03245,25.30,6.40
2010.01.19 16:26:04.732,1.0322,1.03245,8.80,6.40
2010.01.19 16:26:04.952,1.0322,1.03245,3.20,6.40
2010.01.19 16:26:05.602,1.0322,1.0324,3.20,1.00
2010.01.19 16:26:07.152,1.03225,1.03245,1.60,6.40
2010.01.19 16:26:07.382,1.0323,1.03245,1.60,1.60
2010.01.19 16:26:07.602,1.0323,1.0325,1.60,10.50
2010.01.19 16:26:07.951,1.03225,1.0325,4.00,12.80
2010.01.19 16:26:08.291,1.03225,1.03245,1.60,1.60
2010.01.19 16:26:09.591,1.03225,1.03245,1.60,1.60
2010.01.19 16:26:09.871,1.03225,1.03245,1.60,1.70
2010.01.19 16:26:10.661,1.03225,1.03245,1.60,1.60
2010.01.19 16:26:11.591,1.03225,1.03245,1.60,1.70
2010.01.19 16:26:13.130,1.03225,1.03245,1.60,1.60
2010.01.19 16:26:13.480,1.03225,1.03245,1.60,3.20
2010.01.19 16:26:13.810,1.03225,1.03245,1.60,1.60
2010.01.19 16:26:14.200,1.03225,1.0324,1.60,1.00
2010.01.19 16:26:15.210,1.03225,1.03245,1.60,1.60
2010.01.19 16:26:17.070,1.03225,1.0324,1.60,1.00
2010.01.19 16:26:17.589,1.03225,1.03245,1.60,3.60
2010.01.19 16:26:17.809,1.0322,1.03245,4.00,6.90
2010.01.19 16:26:17.919,1.0322,1.0324,1.60,5.60
2010.01.19 16:26:18.039,1.03215,1.0324,6.90,5.60
2010.01.19 16:26:18.160,1.03215,1.0324,6.00,5.60
2010.01.19 16:26:18.579,1.03215,1.03235,4.80,1.00
2010.01.19 16:26:19.279,1.03215,1.0324,4.80,5.60
2010.01.19 16:26:20.239,1.03215,1.0324,4.80,1.60
2010.01.19 16:26:20.539,1.03215,1.0324,5.20,1.60
2010.01.19 16:26:21.188,1.03215,1.0324,5.40,1.70
2010.01.19 16:26:21.478,1.03215,1.0324,5.40,2.50
2010.01.19 16:26:23.328,1.03215,1.0324,5.00,6.50
2010.01.19 16:26:23.668,1.03215,1.0324,4.80,6.50
2010.01.19 16:26:24.187,1.03215,1.0324,4.80,6.40
2010.01.19 16:26:25.867,1.03215,1.0324,3.20,9.60
2010.01.19 16:26:26.717,1.03215,1.0324,3.20,9.60
2010.01.19 16:26:27.707,1.03215,1.03235,3.20,1.00
2010.01.19 16:26:28.056,1.03215,1.03235,3.20,1.00
2010.01.19 16:26:29.087,1.03215,1.0324,3.20,9.60
2010.01.19 16:26:29.486,1.03215,1.0324,3.20,5.60
2010.01.19 16:26:29.876,1.03215,1.0324,4.80,2.40
2010.01.19 16:26:29.936,1.03215,1.0324,4.80,2.40
2010.01.19 16:26:29.997,1.03215,1.0324,5.20,2.40
2010.01.19 16:26:30.236,1.03215,1.0324,7.30,2.40
2010.01.19 16:26:30.406,1.0322,1.0324,1.00,2.40
2010.01.19 16:26:30.466,1.0322,1.0324,1.60,2.40
2010.01.19 16:26:33.255,1.0322,1.03245,3.20,11.70
2010.01.19 16:26:33.595,1.03225,1.03245,1.60,8.50
2010.01.19 16:26:34.285,1.0322,1.03245,4.80,11.70
2010.01.19 16:26:34.685,1.0322,1.0324,1.60,2.40
2010.01.19 16:26:34.975,1.0322,1.0324,1.60,2.40
2010.01.19 16:26:35.215,1.0322,1.03235,1.60,1.00
2010.01.19 16:26:37.105,1.0322,1.0324,1.60,1.00
2010.01.19 16:26:40.893,1.0322,1.0324,1.60,4.80
2010.01.19 16:26:41.134,1.0322,1.0324,1.60,1.00
2010.01.19 16:26:41.593,1.03225,1.03245,1.60,14.40
2010.01.19 16:26:41.773,1.03225,1.03245,3.20,5.30
2010.01.19 16:26:42.003,1.03225,1.0324,1.60,1.00
2010.01.19 16:26:42.223,1.0322,1.0324,1.60,1.00
2010.01.19 16:26:42.513,1.0322,1.0324,1.60,4.80
2010.01.19 16:26:43.793,1.0322,1.03235,1.60,1.00
2010.01.19 16:26:45.413,1.0322,1.0324,1.60,4.80
2010.01.19 16:26:46.062,1.0322,1.0324,1.60,4.80
2010.01.19 16:26:48.722,1.0322,1.0324,3.20,4.00
2010.01.19 16:26:49.012,1.0322,1.03245,3.20,11.60
2010.01.19 16:26:49.701,1.0322,1.03245,3.20,11.80
2010.01.19 16:26:50.041,1.03225,1.03245,1.00,11.70
2010.01.19 16:26:50.391,1.03225,1.03245,1.60,11.70
2010.01.19 16:26:50.741,1.03225,1.03245,3.20,4.50
2010.01.19 16:26:51.121,1.03225,1.03245,3.20,1.00
2010.01.19 16:26:51.401,1.03225,1.03245,3.20,6.90
2010.01.19 16:26:51.681,1.03225,1.03245,1.60,6.90
2010.01.19 16:26:56.460,1.03225,1.0324,1.60,1.00
2010.01.19 16:26:57.140,1.03225,1.03245,1.60,6.80
2010.01.19 16:26:58.020,1.03225,1.03245,1.60,6.90
2010.01.19 16:26:58.299,1.03225,1.03245,1.60,6.90
2010.01.19 16:26:58.530,1.0322,1.0324,4.80,1.00
2010.01.19 16:26:58.889,1.03215,1.0324,17.20,1.00
2010.01.19 16:26:59.239,1.0322,1.0324,3.20,1.00
2010.01.19 16:27:00.569,1.0322,1.03245,3.20,12.10
2010.01.19 16:27:01.129,1.0322,1.03245,3.20,12.20
2010.01.19 16:27:01.399,1.0322,1.0324,3.20,1.00
2010.01.19 16:27:02.118,1.0322,1.03245,3.20,12.10
2010.01.19 16:27:02.648,1.0322,1.03235,3.20,1.00
2010.01.19 16:27:03.178,1.0322,1.03235,3.20,1.00
2010.01.19 16:27:04.768,1.0322,1.03235,3.20,1.00
2010.01.19 16:27:11.277,1.0322,1.03235,1.60,1.00
2010.01.19 16:27:12.096,1.0322,1.03235,3.20,1.00
2010.01.19 16:27:18.005,1.03225,1.03235,1.60,1.00
2010.01.19 16:27:18.644,1.03225,1.03245,1.60,10.00
2010.01.19 16:27:22.454,1.03225,1.03245,1.60,9.60
2010.01.19 16:27:23.783,1.03225,1.03245,1.60,9.60
2010.01.19 16:27:24.143,1.03225,1.03245,1.60,9.60
2010.01.19 16:27:25.443,1.03225,1.03245,1.60,10.00
2010.01.19 16:27:37.862,1.03225,1.03245,1.60,11.60
2010.01.19 16:27:37.982,1.03225,1.0324,1.60,1.00
2010.01.19 16:27:38.322,1.0322,1.0324,3.20,1.00
2010.01.19 16:27:41.951,1.03225,1.03245,1.00,12.00
2010.01.19 16:27:42.231,1.03225,1.03245,1.00,11.60
2010.01.19 16:27:42.821,1.0322,1.0324,3.20,1.00
2010.01.19 16:27:43.520,1.0322,1.0324,3.20,1.00
2010.01.19 16:27:44.200,1.03225,1.03245,1.60,11.20
2010.01.19 16:27:44.540,1.03225,1.03245,1.60,9.60
2010.01.19 16:27:46.140,1.03225,1.03245,1.60,9.60
2010.01.19 16:27:46.430,1.0322,1.0324,3.20,1.60
2010.01.19 16:27:46.990,1.0322,1.0324,3.20,1.70
2010.01.19 16:27:47.229,1.0322,1.0324,3.20,1.00
2010.01.19 16:27:47.450,1.0322,1.03245,3.20,11.60
2010.01.19 16:27:47.670,1.0322,1.0324,3.20,1.60
2010.01.19 16:27:48.689,1.0322,1.0324,3.20,1.70
2010.01.19 16:27:49.389,1.0322,1.0324,3.20,1.60
2010.01.19 16:27:50.069,1.03215,1.0324,7.20,5.70
2010.01.19 16:27:50.179,1.03215,1.0324,3.20,9.70
2010.01.19 16:27:50.239,1.03215,1.0324,3.20,9.70
2010.01.19 16:27:50.289,1.03215,1.0324,3.20,10.50
2010.01.19 16:27:51.219,1.03215,1.0324,3.20,9.70
2010.01.19 16:27:51.568,1.03215,1.03235,1.60,4.00
2010.01.19 16:27:51.848,1.0321,1.03235,4.80,8.40
2010.01.19 16:27:52.538,1.03215,1.03235,1.60,8.40
2010.01.19 16:27:52.888,1.03215,1.03235,1.60,6.80
2010.01.19 16:27:53.238,1.03215,1.0324,3.20,9.70
2010.01.19 16:27:53.628,1.0322,1.0324,1.60,4.00
2010.01.19 16:27:53.968,1.0322,1.0324,1.60,8.00
2010.01.19 16:27:54.318,1.0322,1.03235,1.60,1.00
2010.01.19 16:27:55.018,1.0322,1.0324,1.60,8.00
2010.01.19 16:27:55.138,1.0322,1.0324,1.60,9.60
2010.01.19 16:27:55.308,1.0322,1.03235,1.60,4.80
2010.01.19 16:27:55.427,1.0322,1.03235,1.60,6.40
