2013.02.01 08:00:03.219,0.99781,0.9979,6.00,1.13
2013.02.01 08:00:03.519,0.99777,0.99787,3.23,1.50
2013.02.01 08:00:03.939,0.99775,0.99787,1.73,3.90
2013.02.01 08:00:03.998,0.99775,0.99786,1.73,1.13
2013.02.01 08:00:05.505,0.99775,0.99786,2.48,1.13
2013.02.01 08:00:06.159,0.99774,0.99784,2.28,2.40
2013.02.01 08:00:06.519,0.99773,0.99782,1.68,1.65
2013.02.01 08:00:06.820,0.99772,0.99782,1.50,1.65
2013.02.01 08:00:07.322,0.99771,0.99781,1.50,1.88
2013.02.01 08:00:10.068,0.99771,0.99781,1.50,1.13
2013.02.01 08:00:11.708,0.99772,0.99782,1.50,1.88
2013.02.01 08:00:15.418,0.99772,0.99782,1.50,1.88
2013.02.01 08:00:16.318,0.99771,0.99781,1.50,1.88
2013.02.01 08:00:27.578,0.99772,0.99782,1.50,3.38
2013.02.01 08:00:28.180,0.99772,0.99782,1.50,3.38
2013.02.01 08:00:29.278,0.99772,0.99782,1.50,3.38
2013.02.01 08:00:33.448,0.99772,0.99782,1.50,3.38
2013.02.01 08:00:35.200,0.99769,0.99781,1.65,1.88
2013.02.01 08:00:35.768,0.9977,0.99781,1.50,1.13
2013.02.01 08:00:37.820,0.99771,0.99781,1.50,1.13
2013.02.01 08:00:37.879,0.99771,0.99781,1.50,1.13
2013.02.01 08:00:39.548,0.99772,0.99782,1.50,3.38
2013.02.01 08:00:39.669,0.99773,0.99782,1.50,3.38
2013.02.01 08:00:39.848,0.99773,0.99784,2.63,3.38
2013.02.01 08:00:40.292,0.99774,0.99786,1.50,3.83
2013.02.01 08:00:42.047,0.99774,0.99786,2.25,2.33
2013.02.01 08:00:42.759,0.99774,0.99783,1.50,1.50
2013.02.01 08:01:18.188,0.99773,0.99783,1.50,3.00
2013.02.01 08:01:26.518,0.99773,0.99783,1.50,2.25
2013.02.01 08:01:27.628,0.99773,0.99783,1.50,2.25
2013.02.01 08:01:29.969,0.99773,0.99783,1.50,2.25
2013.02.01 08:01:32.758,0.99773,0.99783,1.50,2.25
2013.02.01 08:01:44.378,0.99773,0.99783,1.50,2.25
2013.02.01 08:01:46.487,0.99773,0.99783,1.50,2.25
2013.02.01 08:01:48.978,0.99773,0.99783,1.50,2.25
2013.02.01 08:01:49.651,0.99773,0.99783,1.50,2.25
2013.02.01 08:01:52.820,0.99773,0.99783,1.50,2.25
2013.02.01 08:01:56.819,0.99774,0.99783,2.10,2.25
2013.02.01 08:01:56.880,0.99774,0.99786,2.48,4.73
2013.02.01 08:01:56.999,0.99776,0.99785,2.63,1.13
2013.02.01 08:01:57.119,0.99777,0.99788,1.65,2.25
2013.02.01 08:01:57.359,0.99777,0.99789,4.65,3.00
2013.02.01 08:01:57.918,0.99778,0.99788,1.65,1.50
2013.02.01 08:01:58.459,0.99778,0.9979,1.65,3.98
2013.02.01 08:01:59.759,0.99778,0.9979,1.65,3.23
2013.02.01 08:01:59.886,0.99778,0.9979,1.65,3.23
2013.02.01 08:02:00.909,0.99778,0.9979,1.65,3.23
2013.02.01 08:02:09.571,0.99779,0.9979,1.50,2.48
2013.02.01 08:02:10.430,0.99779,0.9979,1.50,2.48
2013.02.01 08:02:11.073,0.99778,0.9979,3.15,2.48
2013.02.01 08:02:11.279,0.99778,0.9979,2.40,2.48
2013.02.01 08:02:12.979,0.99779,0.9979,1.50,2.48
2013.02.01 08:02:13.743,0.99779,0.99791,2.25,1.73
2013.02.01 08:02:41.840,0.99782,0.99791,2.10,1.88
2013.02.01 08:02:42.200,0.99787,0.99798,2.63,1.73
2013.02.01 08:02:51.821,0.99788,0.99799,2.40,3.00
2013.02.01 08:02:56.699,0.99788,0.99799,1.65,3.00
2013.02.01 08:03:00.270,0.99789,0.99801,3.15,4.35
2013.02.01 08:03:03.579,0.99787,0.998,4.88,1.73
2013.02.01 08:03:06.009,0.99787,0.99799,4.88,1.50
2013.02.01 08:03:06.258,0.99787,0.99797,1.88,3.75
2013.02.01 08:03:06.844,0.99787,0.99797,1.88,1.50
2013.02.01 08:03:11.059,0.99787,0.99799,3.38,2.25
2013.02.01 08:03:14.271,0.99787,0.99799,3.38,2.25
2013.02.01 08:03:14.821,0.99787,0.99797,1.65,2.25
2013.02.01 08:03:15.960,0.99786,0.99797,2.85,2.25
2013.02.01 08:03:16.079,0.99787,0.99797,1.65,2.25
2013.02.01 08:03:17.161,0.99786,0.99796,1.73,1.13
2013.02.01 08:03:17.229,0.99785,0.99796,2.25,1.35
2013.02.01 08:03:17.350,0.99783,0.99793,1.65,2.25
2013.02.01 08:03:18.706,0.99783,0.99795,3.15,3.23
2013.02.01 08:03:19.259,0.99782,0.99793,1.50,1.50
2013.02.01 08:03:19.510,0.99781,0.99793,3.75,3.38
2013.02.01 08:03:20.028,0.99781,0.99793,3.75,4.88
2013.02.01 08:03:23.342,0.99781,0.99792,3.00,1.88
2013.02.01 08:03:30.429,0.99781,0.99793,3.90,1.95
2013.02.01 08:03:30.670,0.99782,0.99795,1.88,3.45
2013.02.01 08:03:30.849,0.99782,0.99795,1.88,3.45
2013.02.01 08:03:31.351,0.99782,0.99795,2.63,3.45
2013.02.01 08:03:33.660,0.99787,0.99796,1.88,1.69
2013.02.01 08:03:34.348,0.99787,0.998,1.88,4.43
2013.02.01 08:03:35.744,0.99787,0.998,2.63,3.98
2013.02.01 08:03:36.929,0.99787,0.99799,2.63,1.50
2013.02.01 08:03:40.546,0.99787,0.99797,2.63,1.50
2013.02.01 08:03:40.668,0.99787,0.99799,1.50,3.15
2013.02.01 08:03:41.690,0.99786,0.99795,1.50,1.50
2013.02.01 08:03:41.750,0.99784,0.99795,1.13,2.25
2013.02.01 08:03:43.519,0.99783,0.99795,3.00,2.25
2013.02.01 08:03:48.459,0.99785,0.99795,1.50,1.50
2013.02.01 08:03:50.598,0.99784,0.99796,1.50,3.98
2013.02.01 08:03:51.270,0.99784,0.99796,1.50,1.73
2013.02.01 08:03:52.238,0.99784,0.99796,1.50,1.73
2013.02.01 08:03:53.146,0.99783,0.99796,3.00,1.73
2013.02.01 08:03:53.859,0.99783,0.99796,3.75,1.95
2013.02.01 08:03:54.768,0.99784,0.99796,1.50,1.95
2013.02.01 08:03:55.632,0.99783,0.99796,3.75,1.95
2013.02.01 08:03:56.280,0.99783,0.99796,3.75,1.73
2013.02.01 08:03:59.859,0.99783,0.99796,3.75,1.95
2013.02.01 08:04:02.339,0.99783,0.99793,3.75,1.50
2013.02.01 08:04:02.399,0.99783,0.99793,2.25,1.50
2013.02.01 08:04:02.519,0.99783,0.99793,1.50,2.48
2013.02.01 08:04:03.120,0.99782,0.99793,2.25,2.48
2013.02.01 08:04:03.815,0.99782,0.99793,2.25,1.95
2013.02.01 08:04:04.411,0.99782,0.99793,2.25,1.73
2013.02.01 08:04:05.329,0.99781,0.99791,2.25,1.73
2013.02.01 08:04:22.699,0.99782,0.99793,2.25,3.38
2013.02.01 08:04:23.880,0.99782,0.99793,2.25,2.63
2013.02.01 08:04:26.948,0.99782,0.99793,2.25,2.63
2013.02.01 08:04:27.249,0.99784,0.99793,1.50,2.63
2013.02.01 08:04:33.939,0.99782,0.99793,2.25,2.63
2013.02.01 08:04:46.073,0.99784,0.99793,1.50,2.63
2013.02.01 08:04:48.909,0.99784,0.99794,1.50,5.48
2013.02.01 08:04:48.969,0.99785,0.99796,2.25,3.75
2013.02.01 08:04:49.029,0.99785,0.99796,2.25,3.00
2013.02.01 08:04:50.239,0.99785,0.99796,2.25,2.63
2013.02.01 08:04:50.299,0.99785,0.99795,2.25,1.50
2013.02.01 08:04:50.546,0.99783,0.99793,1.50,1.73
2013.02.01 08:04:51.219,0.99782,0.99793,3.00,1.73
2013.02.01 08:04:56.607,0.99782,0.99793,3.00,1.73
2013.02.01 08:04:57.681,0.99782,0.99793,3.00,1.73
2013.02.01 08:05:01.700,0.99782,0.99794,3.00,3.15
2013.02.01 08:05:07.859,0.99782,0.99794,3.00,3.90
2013.02.01 08:05:07.919,0.99785,0.99794,1.50,2.40
2013.02.01 08:05:08.279,0.99785,0.99797,2.25,3.38
2013.02.01 08:05:08.919,0.99786,0.99797,2.25,1.65
2013.02.01 08:05:09.809,0.99785,0.99796,1.50,3.00
2013.02.01 08:05:12.801,0.99785,0.99796,1.50,3.75
2013.02.01 08:05:12.861,0.99784,0.99794,2.48,1.50
2013.02.01 08:05:13.040,0.99781,0.99792,1.50,1.50
2013.02.01 08:05:13.099,0.99781,0.99792,1.50,1.50
2013.02.01 08:05:13.220,0.9978,0.9979,2.10,1.50
2013.02.01 08:05:13.818,0.99778,0.9979,1.73,1.50
2013.02.01 08:05:30.151,0.9978,0.99791,2.48,1.50
2013.02.01 08:05:30.210,0.99781,0.99792,5.48,2.25
2013.02.01 08:05:30.269,0.99782,0.99794,3.23,1.50
2013.02.01 08:05:32.109,0.99783,0.99796,1.73,2.25
2013.02.01 08:05:32.649,0.99784,0.99797,2.48,1.65
2013.02.01 08:05:33.402,0.99784,0.99797,3.23,1.65
2013.02.01 08:05:36.289,0.99782,0.99794,3.98,1.13
2013.02.01 08:05:36.349,0.99782,0.99791,2.48,1.50
2013.02.01 08:05:36.589,0.99777,0.99791,5.63,3.08
2013.02.01 08:05:36.778,0.99777,0.99791,5.63,3.83
2013.02.01 08:05:37.310,0.99777,0.99791,5.63,3.00
2013.02.01 08:05:46.760,0.99778,0.99791,2.48,2.25
2013.02.01 08:05:47.701,0.99777,0.9979,6.38,1.50
2013.02.01 08:05:49.859,0.9978,0.9979,1.73,1.50
2013.02.01 08:06:00.154,0.99779,0.9979,2.48,3.00
2013.02.01 08:06:02.840,0.9978,0.99791,3.83,1.50
2013.02.01 08:06:02.960,0.99784,0.99793,3.23,1.50
2013.02.01 08:06:03.140,0.99785,0.99796,1.50,2.63
2013.02.01 08:06:04.492,0.99784,0.99796,4.73,2.25
2013.02.01 08:06:07.835,0.99784,0.99796,4.73,2.25
2013.02.01 08:06:08.489,0.99786,0.99796,1.50,2.25
2013.02.01 08:06:12.589,0.99786,0.99798,2.25,4.50
2013.02.01 08:06:22.229,0.99786,0.99798,1.50,3.00
2013.02.01 08:06:28.520,0.99785,0.99797,3.00,2.25
2013.02.01 08:06:36.576,0.99786,0.99797,1.50,2.25
2013.02.01 08:06:37.930,0.99785,0.99794,2.25,1.65
2013.02.01 08:06:38.109,0.99785,0.99794,1.50,6.38
2013.02.01 08:06:47.931,0.99785,0.99796,2.25,1.73
2013.02.01 08:06:48.055,0.99786,0.99798,1.50,1.65
2013.02.01 08:06:48.609,0.99786,0.99798,3.75,1.65
2013.02.01 08:07:04.199,0.99788,0.99798,1.50,1.50
2013.02.01 08:07:04.559,0.99788,0.99798,3.98,1.50
2013.02.01 08:07:04.740,0.99788,0.99796,2.25,1.50
2013.02.01 08:07:04.919,0.99787,0.99797,1.73,2.25
2013.02.01 08:07:05.041,0.99788,0.99798,2.48,2.25
2013.02.01 08:07:05.850,0.99788,0.99798,2.48,1.50
2013.02.01 08:07:10.580,0.99788,0.998,2.48,2.25
2013.02.01 08:07:11.581,0.9979,0.998,1.73,2.25
2013.02.01 08:07:12.339,0.9979,0.998,1.73,2.25
2013.02.01 08:07:17.668,0.99788,0.998,2.25,3.75
2013.02.01 08:07:21.041,0.99788,0.99798,2.25,1.50
2013.02.01 08:07:23.109,0.99788,0.99798,2.25,1.50
2013.02.01 08:07:24.259,0.99788,0.998,2.25,3.75
2013.02.01 08:07:25.900,0.99789,0.99801,2.25,4.88
2013.02.01 08:07:26.019,0.9979,0.99801,1.50,3.23
2013.02.01 08:07:26.199,0.99789,0.99801,3.75,3.23
2013.02.01 08:07:26.766,0.99789,0.99801,3.75,3.23
2013.02.01 08:07:28.829,0.99789,0.99801,3.75,3.23
2013.02.01 08:07:29.391,0.9979,0.99801,1.50,2.48
2013.02.01 08:07:40.442,0.9979,0.99801,3.00,1.73
2013.02.01 08:07:43.401,0.9979,0.99802,4.50,1.73
2013.02.01 08:07:48.380,0.99793,0.99802,1.50,1.73
2013.02.01 08:07:50.099,0.99791,0.99803,1.50,2.48
2013.02.01 08:07:51.529,0.99791,0.99803,2.25,3.23
2013.02.01 08:07:54.110,0.99791,0.99803,2.25,2.48
2013.02.01 08:08:02.609,0.99791,0.99803,1.50,3.23
2013.02.01 08:08:07.189,0.99794,0.99803,1.50,3.23
2013.02.01 08:08:08.359,0.99791,0.998,1.43,1.50
2013.02.01 08:08:10.429,0.9979,0.99803,3.68,3.23
2013.02.01 08:08:28.858,0.99794,0.99803,1.50,2.63
2013.02.01 08:08:31.161,0.99792,0.99803,2.18,3.23
2013.02.01 08:08:31.699,0.9979,0.99803,3.00,3.98
2013.02.01 08:08:36.901,0.99791,0.99803,1.43,3.23
2013.02.01 08:08:55.164,0.99792,0.99803,2.25,1.88
2013.02.01 08:08:55.783,0.99794,0.99803,2.93,1.13
2013.02.01 08:09:02.519,0.99793,0.99802,2.25,1.58
2013.02.01 08:09:08.460,0.99794,0.99802,1.50,1.58
2013.02.01 08:09:10.520,0.99793,0.99802,2.25,2.33
2013.02.01 08:09:17.932,0.99791,0.99802,2.25,1.73
2013.02.01 08:09:18.633,0.99791,0.99802,1.50,2.48
2013.02.01 08:09:19.229,0.99791,0.99802,1.50,2.48
2013.02.01 08:09:19.290,0.99791,0.99802,1.50,2.48
2013.02.01 08:09:19.530,0.99789,0.99801,2.25,5.56
2013.02.01 08:09:20.070,0.99789,0.99802,3.08,3.23
2013.02.01 08:09:23.560,0.99789,0.99802,3.75,2.48
2013.02.01 08:09:24.109,0.99789,0.99802,3.38,3.23
2013.02.01 08:09:24.589,0.99789,0.99802,3.45,2.48
2013.02.01 08:09:29.619,0.99789,0.99802,3.53,1.73
2013.02.01 08:09:43.659,0.9979,0.99802,2.25,1.73
2013.02.01 08:09:43.779,0.9979,0.99804,2.40,5.48
2013.02.01 08:09:44.862,0.99791,0.99804,1.65,4.73
2013.02.01 08:09:48.234,0.99791,0.99803,2.40,1.88
2013.02.01 08:09:51.701,0.99791,0.99803,2.40,1.88
2013.02.01 08:09:52.020,0.99791,0.998,2.33,1.50
2013.02.01 08:09:52.329,0.9979,0.998,1.50,1.50
2013.02.01 08:09:52.851,0.9979,0.998,1.50,1.50
2013.02.01 08:09:53.515,0.9979,0.998,2.25,1.50
2013.02.01 08:09:54.951,0.9979,0.998,1.65,1.50
2013.02.01 08:09:56.660,0.99789,0.99801,3.15,2.55
2013.02.01 08:09:57.165,0.99789,0.998,1.65,2.25
2013.02.01 08:09:57.349,0.99788,0.998,3.15,2.25
2013.02.01 08:09:59.580,0.99789,0.99802,1.65,5.33
2013.02.01 08:10:00.170,0.9979,0.99802,1.65,3.98
2013.02.01 08:10:00.830,0.99788,0.99799,2.40,2.25
2013.02.01 08:10:02.486,0.99788,0.99793,2.40,0.22
2013.02.01 08:10:11.621,0.99789,0.99793,2.25,0.32
2013.02.01 08:10:13.629,0.99788,0.99793,3.00,0.32
2013.02.01 08:10:13.869,0.99788,0.9979,2.25,0.44
2013.02.01 08:10:31.929,0.99788,0.9979,2.33,0.44
2013.02.01 08:10:52.639,0.99789,0.9979,1.50,0.44
2013.02.01 08:11:00.978,0.99789,0.9979,2.25,0.44
2013.02.01 08:11:01.281,0.99788,0.9979,2.25,0.44
2013.02.01 08:11:01.460,0.99788,0.9979,1.50,0.44
2013.02.01 08:11:01.519,0.99791,0.99793,2.85,0.32
2013.02.01 08:11:03.569,0.99792,0.99793,1.35,0.32
2013.02.01 08:11:05.490,0.99792,0.99793,2.10,0.32
2013.02.01 08:11:07.479,0.99791,0.99793,1.50,0.32
2013.02.01 08:11:13.669,0.99791,0.99793,2.55,0.32
2013.02.01 08:11:14.031,0.99794,0.99803,2.18,1.13
2013.02.01 08:11:14.571,0.99792,0.99803,2.48,1.13
2013.02.01 08:11:37.678,0.99794,0.99803,1.50,1.13
2013.02.01 08:11:39.219,0.99793,0.99803,1.50,1.13
2013.02.01 08:12:16.399,0.99792,0.99804,3.38,3.38
2013.02.01 08:12:17.796,0.99792,0.99804,3.38,3.15
2013.02.01 08:12:19.739,0.99794,0.99804,1.50,1.65
2013.02.01 08:12:21.839,0.99792,0.99804,3.38,1.65
2013.02.01 08:12:23.829,0.99792,0.99803,3.38,1.50
2013.02.01 08:12:24.379,0.99793,0.99804,1.50,2.25
2013.02.01 08:12:36.815,0.99793,0.99804,3.75,1.50
2013.02.01 08:12:38.229,0.99796,0.99804,1.43,1.50
2013.02.01 08:12:38.729,0.99793,0.99805,3.00,3.15
2013.02.01 08:12:39.239,0.99793,0.99805,3.00,2.40
2013.02.01 08:12:39.780,0.99791,0.99803,3.00,1.50
2013.02.01 08:12:40.331,0.99792,0.99803,1.50,1.50
2013.02.01 08:12:40.858,0.99793,0.99805,3.00,3.90
2013.02.01 08:12:41.067,0.99793,0.99805,3.00,3.15
2013.02.01 08:12:41.380,0.99798,0.99805,1.50,2.40
2013.02.01 08:12:41.699,0.99793,0.99804,2.25,3.00
2013.02.01 08:12:46.098,0.99793,0.99804,2.93,1.65
2013.02.01 08:12:46.460,0.99793,0.99804,3.90,2.25
2013.02.01 08:12:46.521,0.99795,0.99804,1.43,2.25
2013.02.01 08:12:47.238,0.99792,0.99806,4.58,2.85
2013.02.01 08:12:47.739,0.99794,0.99805,2.25,1.65
2013.02.01 08:12:48.261,0.99793,0.99804,3.38,2.25
2013.02.01 08:12:48.913,0.99797,0.99805,1.50,1.65
2013.02.01 08:12:48.980,0.99794,0.99805,1.50,1.65
2013.02.01 08:12:51.179,0.99794,0.99804,1.35,1.65
2013.02.01 08:12:51.489,0.99799,0.99804,1.50,1.50
2013.02.01 08:12:51.729,0.99797,0.99807,1.43,2.40
2013.02.01 08:12:52.689,0.99798,0.99807,1.50,1.65
2013.02.01 08:12:54.489,0.99794,0.99806,1.43,1.88
2013.02.01 08:12:54.788,0.99792,0.99804,3.75,3.15
2013.02.01 08:12:58.530,0.99792,0.99804,3.00,2.40
2013.02.01 08:12:59.082,0.99793,0.99804,2.18,2.40
2013.02.01 08:12:59.590,0.99793,0.99804,1.50,2.40
2013.02.01 08:13:00.509,0.99793,0.99804,2.18,2.40
2013.02.01 08:13:01.300,0.99792,0.99804,3.00,2.40
2013.02.01 08:13:01.859,0.99792,0.99804,3.00,3.15
2013.02.01 08:13:02.687,0.99792,0.99804,3.00,2.40
2013.02.01 08:13:02.750,0.99795,0.99805,2.25,1.65
2013.02.01 08:13:03.289,0.99798,0.99808,1.50,7.28
2013.02.01 08:13:03.649,0.99795,0.99807,2.18,2.40
2013.02.01 08:13:04.630,0.99798,0.99808,1.50,7.50
2013.02.01 08:13:06.179,0.99796,0.99807,1.43,2.40
2013.02.01 08:13:06.239,0.99796,0.99807,1.43,2.40
2013.02.01 08:13:06.839,0.99796,0.99807,1.43,1.65
2013.02.01 08:13:06.961,0.99795,0.99806,2.25,1.73
2013.02.01 08:13:07.520,0.99795,0.99806,2.25,1.73
2013.02.01 08:13:17.469,0.99793,0.99806,1.50,3.38
2013.02.01 08:13:38.315,0.99793,0.99805,3.00,1.65
2013.02.01 08:13:40.518,0.99792,0.99802,3.00,1.50
2013.02.01 08:14:13.259,0.99792,0.99804,3.75,2.63
2013.02.01 08:14:17.090,0.99792,0.99804,2.25,1.13
2013.02.01 08:14:18.448,0.99792,0.99803,2.25,1.13
2013.02.01 08:14:18.989,0.99792,0.99803,2.25,1.13
2013.02.01 08:14:25.859,0.99792,0.99804,2.25,1.88
2013.02.01 08:14:26.631,0.99792,0.99804,3.00,1.88
2013.02.01 08:14:27.232,0.99792,0.99804,3.00,1.13
2013.02.01 08:14:34.477,0.99792,0.99805,2.25,3.23
2013.02.01 08:14:37.910,0.99794,0.99805,1.50,1.13
2013.02.01 08:14:38.768,0.99793,0.99805,3.00,2.63
2013.02.01 08:14:40.989,0.99794,0.99805,1.50,1.73
2013.02.01 08:14:41.881,0.99794,0.99805,2.25,1.13
2013.02.01 08:14:42.118,0.99794,0.99806,3.00,3.15
2013.02.01 08:14:42.240,0.99796,0.99806,1.50,3.15
2013.02.01 08:14:42.362,0.99799,0.99808,1.65,4.50
2013.02.01 08:14:42.540,0.998,0.99809,1.50,1.73
2013.02.01 08:14:42.791,0.998,0.99812,3.00,1.88
2013.02.01 08:14:42.850,0.99801,0.99813,2.25,3.60
2013.02.01 08:14:47.260,0.99802,0.99812,2.25,1.13
2013.02.01 08:15:01.884,0.99805,0.99813,1.50,1.13
2013.02.01 08:15:02.372,0.99802,0.99813,1.50,5.33
2013.02.01 08:15:02.988,0.99801,0.99813,3.00,4.58
2013.02.01 08:15:03.510,0.99802,0.99813,1.50,4.58
2013.02.01 08:15:05.402,0.99803,0.99813,1.50,2.63
2013.02.01 08:15:06.230,0.99803,0.99813,2.25,1.58
2013.02.01 08:15:06.350,0.99805,0.99813,1.50,1.58
2013.02.01 08:15:06.410,0.99805,0.99814,2.40,2.48
2013.02.01 08:15:06.470,0.99806,0.99815,1.50,2.25
2013.02.01 08:15:06.530,0.99808,0.99817,1.65,1.50
2013.02.01 08:15:07.090,0.99808,0.99818,3.90,1.50
2013.02.01 08:15:11.680,0.9981,0.99821,1.50,5.63
2013.02.01 08:15:11.983,0.99813,0.99822,3.00,1.50
2013.02.01 08:15:12.051,0.99813,0.99825,3.00,2.40
2013.02.01 08:15:12.171,0.99813,0.99825,3.75,1.65
2013.02.01 08:15:12.651,0.99813,0.99825,4.58,1.65
2013.02.01 08:15:13.168,0.99813,0.99825,4.58,1.65
2013.02.01 08:15:13.242,0.99815,0.99827,1.50,2.96
2013.02.01 08:15:18.479,0.99814,0.99825,2.48,1.13
2013.02.01 08:15:18.661,0.99811,0.99821,3.23,2.33
2013.02.01 08:15:18.841,0.99811,0.9982,1.50,1.50
2013.02.01 08:15:19.348,0.99809,0.99821,3.23,3.15
2013.02.01 08:15:20.640,0.9981,0.9982,1.73,2.25
2013.02.01 08:15:21.120,0.99814,0.9982,1.50,1.50
2013.02.01 08:15:21.300,0.99814,0.99824,3.23,2.25
2013.02.01 08:15:27.681,0.99816,0.99826,1.50,1.83
2013.02.01 08:15:27.920,0.99822,0.99829,1.50,1.73
2013.02.01 08:15:28.041,0.99824,0.99832,1.43,2.48
2013.02.01 08:15:28.100,0.99824,0.99833,2.93,1.28
2013.02.01 08:15:28.640,0.99824,0.99834,2.48,2.63
2013.02.01 08:15:29.170,0.99824,0.99834,2.48,2.25
2013.02.01 08:15:29.530,0.99827,0.99836,1.50,1.28
2013.02.01 08:15:29.830,0.99827,0.99836,1.50,1.28
2013.02.01 08:15:30.372,0.99827,0.99836,1.50,1.50
2013.02.01 08:15:31.960,0.99827,0.99839,3.00,4.88
2013.02.01 08:15:32.020,0.99827,0.99839,2.25,3.38
2013.02.01 08:15:32.381,0.99828,0.9984,1.13,3.00
2013.02.01 08:15:33.782,0.99829,0.9984,1.13,3.75
2013.02.01 08:15:34.431,0.99829,0.9984,1.13,3.75
2013.02.01 08:15:38.246,0.99829,0.9984,1.13,3.00
2013.02.01 08:15:38.632,0.99828,0.9984,1.88,3.00
2013.02.01 08:15:38.950,0.99828,0.9984,1.88,2.25
2013.02.01 08:15:39.070,0.9983,0.99841,2.25,1.65
2013.02.01 08:15:39.620,0.99831,0.99843,2.40,2.70
2013.02.01 08:15:39.681,0.99831,0.99843,2.40,2.70
2013.02.01 08:15:42.881,0.99833,0.99843,1.50,1.50
2013.02.01 08:15:44.380,0.99833,0.99843,1.73,2.25
2013.02.01 08:15:46.880,0.99835,0.99844,1.73,1.50
2013.02.01 08:15:47.062,0.99836,0.99845,1.35,1.50
2013.02.01 08:15:47.300,0.99834,0.99845,1.65,1.50
2013.02.01 08:15:47.362,0.99834,0.99844,1.50,1.13
2013.02.01 08:15:47.943,0.99834,0.99844,1.50,2.63
2013.02.01 08:15:48.651,0.99832,0.99842,1.50,2.40
2013.02.01 08:15:49.161,0.99831,0.99842,3.00,2.40
2013.02.01 08:15:51.062,0.99831,0.99842,1.50,3.23
2013.02.01 08:15:51.244,0.9983,0.9984,3.00,1.50
2013.02.01 08:15:51.372,0.9983,0.9984,2.25,1.50
2013.02.01 08:15:51.971,0.99827,0.99838,3.15,1.50
2013.02.01 08:15:52.480,0.99827,0.99838,3.15,1.50
2013.02.01 08:15:52.720,0.99827,0.99838,2.40,1.50
2013.02.01 08:15:57.140,0.99826,0.99838,6.38,1.50
2013.02.01 08:15:58.310,0.99826,0.99838,5.63,1.50
2013.02.01 08:15:58.851,0.99827,0.99838,1.65,1.50
2013.02.01 08:15:59.270,0.9983,0.9984,1.50,2.25
2013.02.01 08:15:59.796,0.9983,0.99842,4.50,1.65
2013.02.01 08:16:00.220,0.9983,0.99842,3.75,3.23
2013.02.01 08:16:00.400,0.99829,0.99841,3.00,6.90
2013.02.01 08:16:00.840,0.99828,0.9984,1.65,3.00
2013.02.01 08:16:08.330,0.99828,0.9984,1.65,3.98
2013.02.01 08:16:08.880,0.9983,0.9984,1.50,2.48
2013.02.01 08:16:10.929,0.99828,0.9984,3.15,3.98
2013.02.01 08:16:15.201,0.99828,0.9984,3.15,3.98
2013.02.01 08:16:30.042,0.99828,0.9984,2.40,3.23
2013.02.01 08:16:31.022,0.99828,0.9984,2.40,2.48
2013.02.01 08:16:31.726,0.99828,0.9984,2.40,3.23
2013.02.01 08:16:33.150,0.99829,0.9984,1.50,1.73
2013.02.01 08:16:35.157,0.99827,0.99838,2.25,3.00
2013.02.01 08:16:35.283,0.99824,0.99837,3.90,1.73
2013.02.01 08:16:51.199,0.99825,0.99838,1.65,3.23
2013.02.01 08:16:54.050,0.99827,0.99838,1.50,1.73
2013.02.01 08:16:54.410,0.99829,0.99839,1.50,4.13
2013.02.01 08:16:55.081,0.99832,0.9984,1.50,1.50
2013.02.01 08:16:55.140,0.99832,0.99841,1.50,2.63
2013.02.01 08:16:55.746,0.99833,0.99841,1.50,1.13
2013.02.01 08:16:56.591,0.99833,0.99846,3.90,1.73
2013.02.01 08:16:56.712,0.99833,0.99845,3.90,2.48
2013.02.01 08:16:56.842,0.99835,0.99847,3.00,4.88
2013.02.01 08:16:57.150,0.99836,0.99847,2.85,3.00
2013.02.01 08:16:58.611,0.99836,0.99847,1.73,2.40
2013.02.01 08:16:58.854,0.99836,0.99847,1.50,2.63
2013.02.01 08:16:58.921,0.99836,0.99847,1.13,2.48
2013.02.01 08:16:59.480,0.99836,0.99847,2.63,1.50
2013.02.01 08:17:00.870,0.99836,0.99847,2.25,1.65
2013.02.01 08:17:01.125,0.99835,0.99846,2.25,1.13
2013.02.01 08:17:12.030,0.99837,0.99846,1.50,1.88
2013.02.01 08:17:14.490,0.99836,0.99846,1.50,1.13
2013.02.01 08:17:18.723,0.99836,0.99846,2.25,1.13
2013.02.01 08:17:20.372,0.99836,0.99846,1.50,1.13
2013.02.01 08:17:26.480,0.99836,0.99846,1.50,1.13
2013.02.01 08:17:28.030,0.99834,0.99846,5.03,2.63
2013.02.01 08:17:32.781,0.99839,0.99846,1.50,1.13
2013.02.01 08:17:34.750,0.99836,0.99846,1.50,1.13
2013.02.01 08:17:42.190,0.99837,0.99847,1.50,1.88
2013.02.01 08:17:42.928,0.99837,0.99847,1.50,1.88
2013.02.01 08:17:45.734,0.99837,0.99845,1.50,1.13
2013.02.01 08:17:46.042,0.99834,0.99843,1.50,1.65
2013.02.01 08:17:46.531,0.99833,0.99843,1.65,1.50
2013.02.01 08:17:46.591,0.99836,0.99844,1.88,1.50
2013.02.01 08:17:46.711,0.99836,0.99844,4.88,1.50
2013.02.01 08:17:46.950,0.99836,0.99848,4.88,3.00
2013.02.01 08:17:47.390,0.99836,0.99848,3.00,2.85
2013.02.01 08:17:47.450,0.99835,0.99845,3.00,1.73
2013.02.01 08:17:47.690,0.99833,0.99845,1.65,3.23
2013.02.01 08:17:47.750,0.99833,0.99842,1.65,1.50
2013.02.01 08:17:47.870,0.99833,0.99845,1.65,1.73
2013.02.01 08:17:50.814,0.99833,0.99845,1.88,1.73
2013.02.01 08:17:51.063,0.99837,0.99847,1.13,2.25
2013.02.01 08:17:51.430,0.99839,0.9985,1.65,3.23
2013.02.01 08:17:51.871,0.99841,0.9985,1.50,2.48
2013.02.01 08:17:52.171,0.99842,0.99853,1.65,2.25
2013.02.01 08:17:54.752,0.99842,0.99853,1.50,4.20
2013.02.01 08:17:55.182,0.99839,0.99851,1.65,1.88
2013.02.01 08:17:55.940,0.99841,0.99851,2.25,1.13
2013.02.01 08:17:56.013,0.99842,0.99853,3.00,2.25
2013.02.01 08:17:56.082,0.99842,0.99855,4.50,2.10
2013.02.01 08:17:56.201,0.99842,0.99855,4.50,2.85
2013.02.01 08:18:00.591,0.99842,0.99854,3.00,1.88
2013.02.01 08:18:00.957,0.99842,0.99853,1.50,1.13
2013.02.01 08:18:01.394,0.99842,0.99853,1.50,1.13
2013.02.01 08:18:07.364,0.99844,0.99852,1.50,1.13
2013.02.01 08:18:12.320,0.9984,0.99851,1.50,2.48
2013.02.01 08:18:12.860,0.99838,0.99851,5.40,1.73
2013.02.01 08:18:13.491,0.99839,0.99852,1.50,3.38
2013.02.01 08:18:14.650,0.9984,0.99852,1.50,4.13
2013.02.01 08:18:15.540,0.9984,0.99851,1.50,2.48
2013.02.01 08:18:16.229,0.99838,0.9985,3.90,3.23
2013.02.01 08:18:18.250,0.9984,0.9985,1.50,1.73
2013.02.01 08:18:18.790,0.99839,0.9985,2.25,2.48
2013.02.01 08:18:26.242,0.99839,0.99851,1.50,2.48
2013.02.01 08:18:26.300,0.99838,0.9985,2.40,1.73
2013.02.01 08:18:26.960,0.99838,0.9985,3.15,1.73
2013.02.01 08:18:27.020,0.99838,0.99851,3.15,3.98
2013.02.01 08:18:27.330,0.99847,0.99857,1.88,2.48
2013.02.01 08:18:27.450,0.99847,0.99857,1.88,2.25
2013.02.01 08:18:28.290,0.99847,0.99859,1.88,2.25
2013.02.01 08:18:29.279,0.99847,0.99859,1.88,1.50
2013.02.01 08:18:41.450,0.99847,0.99858,2.25,2.48
2013.02.01 08:18:41.990,0.99847,0.99858,1.13,2.25
2013.02.01 08:18:43.400,0.99846,0.99858,4.73,3.15
2013.02.01 08:18:44.049,0.99846,0.99857,2.25,1.88
2013.02.01 08:18:49.831,0.99844,0.99855,1.50,2.25
2013.02.01 08:18:50.460,0.99844,0.99855,1.50,2.25
2013.02.01 08:18:52.371,0.99845,0.99856,3.38,1.73
2013.02.01 08:18:52.804,0.99847,0.99859,2.78,3.75
2013.02.01 08:18:53.351,0.99849,0.99859,1.50,1.50
2013.02.01 08:18:53.957,0.99849,0.99858,1.50,1.50
2013.02.01 08:18:55.080,0.99851,0.99859,1.50,1.50
2013.02.01 08:18:55.560,0.99854,0.99862,1.50,1.88
2013.02.01 08:19:02.670,0.99851,0.99861,2.25,1.73
2013.02.01 08:19:02.790,0.99849,0.99859,1.50,2.25
2013.02.01 08:19:03.300,0.99848,0.99858,3.15,2.25
2013.02.01 08:19:03.822,0.99847,0.99858,3.15,2.25
2013.02.01 08:19:08.610,0.99847,0.99858,1.65,2.25
2013.02.01 08:19:09.117,0.99847,0.99858,1.65,2.25
2013.02.01 08:19:09.650,0.99847,0.99857,2.40,1.50
2013.02.01 08:19:10.200,0.99847,0.99857,1.65,1.50
2013.02.01 08:19:11.014,0.99847,0.99858,1.65,3.00
2013.02.01 08:19:11.611,0.99847,0.99859,3.15,2.25
2013.02.01 08:19:12.343,0.99847,0.99859,3.15,2.25
2013.02.01 08:19:14.016,0.9985,0.9986,1.50,2.25
2013.02.01 08:19:15.770,0.99847,0.9986,1.65,3.75
2013.02.01 08:19:17.852,0.99848,0.9986,2.40,3.00
2013.02.01 08:19:18.153,0.99853,0.99863,1.50,3.23
2013.02.01 08:19:18.900,0.9985,0.99863,3.90,3.98
2013.02.01 08:19:19.470,0.99849,0.99861,4.88,2.48
2013.02.01 08:19:20.011,0.99849,0.99859,2.40,1.50
2013.02.01 08:19:20.309,0.99848,0.99861,2.40,3.38
2013.02.01 08:19:23.040,0.99848,0.99861,3.90,4.13
2013.02.01 08:19:23.589,0.99848,0.9986,3.90,1.50
2013.02.01 08:19:24.969,0.99848,0.99859,2.40,1.50
2013.02.01 08:19:25.270,0.99847,0.99857,2.40,1.73
2013.02.01 08:19:54.939,0.99845,0.99857,1.65,1.73
2013.02.01 08:19:55.059,0.99844,0.99854,1.88,1.50
2013.02.01 08:19:55.180,0.99842,0.99854,4.65,2.40
2013.02.01 08:19:55.240,0.99842,0.99854,3.90,7.13
2013.02.01 08:19:55.830,0.99842,0.99853,3.15,1.73
2013.02.01 08:19:55.951,0.99842,0.99851,2.40,1.73
2013.02.01 08:19:56.489,0.99838,0.99849,3.15,2.25
2013.02.01 08:19:57.250,0.99838,0.9985,3.90,1.50
2013.02.01 08:19:57.310,0.99841,0.99848,1.50,1.35
2013.02.01 08:19:57.550,0.99834,0.99845,3.08,1.65
2013.02.01 08:19:58.099,0.99836,0.99848,1.65,2.48
2013.02.01 08:19:58.161,0.99835,0.99848,3.15,2.48
2013.02.01 08:19:59.179,0.99837,0.99848,2.25,2.48
2013.02.01 08:19:59.240,0.99839,0.99849,1.50,6.98
2013.02.01 08:20:01.170,0.99837,0.99843,1.50,1.50
2013.02.01 08:20:01.680,0.99834,0.99843,1.88,1.50
2013.02.01 08:20:01.983,0.99838,0.99848,1.50,4.58
2013.02.01 08:20:02.541,0.99838,0.99848,1.50,4.58
2013.02.01 08:20:03.119,0.99837,0.99845,1.50,1.50
2013.02.01 08:20:03.700,0.99836,0.99846,1.50,1.73
2013.02.01 08:20:04.259,0.99834,0.99846,2.25,3.23
2013.02.01 08:20:15.930,0.99834,0.99846,2.25,4.73
2013.02.01 08:20:17.450,0.99834,0.99846,2.25,3.23
2013.02.01 08:20:21.179,0.99834,0.99846,2.25,3.23
2013.02.01 08:20:31.640,0.99835,0.99846,2.25,2.63
2013.02.01 08:20:35.080,0.99835,0.99846,1.50,1.13
2013.02.01 08:20:35.744,0.99835,0.99846,1.50,1.13
2013.02.01 08:20:38.150,0.99837,0.99848,1.65,4.50
2013.02.01 08:20:38.520,0.99839,0.99846,1.50,1.13
2013.02.01 08:20:38.639,0.99835,0.99845,1.50,1.13
2013.02.01 08:20:38.761,0.99836,0.99848,1.50,1.88
2013.02.01 08:20:39.060,0.99839,0.99849,1.50,6.23
2013.02.01 08:20:39.540,0.99841,0.99851,3.00,1.13
2013.02.01 08:20:40.114,0.99842,0.99851,1.50,1.13
2013.02.01 08:20:41.049,0.99841,0.99851,3.00,1.13
2013.02.01 08:20:47.693,0.99841,0.99851,3.75,1.13
2013.02.01 08:20:48.300,0.99841,0.99851,3.00,1.13
2013.02.01 08:20:55.162,0.99844,0.99854,1.50,2.85
2013.02.01 08:20:55.710,0.99845,0.99854,1.50,2.10
2013.02.01 08:20:58.011,0.99844,0.99854,2.25,2.85
2013.02.01 08:20:59.180,0.99845,0.99854,1.50,2.10
2013.02.01 08:20:59.241,0.99846,0.99856,1.50,2.10
2013.02.01 08:20:59.301,0.99846,0.99856,1.50,1.73
2013.02.01 08:21:01.910,0.99848,0.99857,1.50,1.13
2013.02.01 08:21:01.970,0.9985,0.99857,1.50,1.13
2013.02.01 08:21:03.590,0.99846,0.99857,2.25,1.13
2013.02.01 08:21:11.019,0.99846,0.99857,2.25,1.88
2013.02.01 08:21:13.061,0.99845,0.99856,3.00,1.73
2013.02.01 08:21:13.479,0.99844,0.99854,1.50,1.88
2013.02.01 08:21:13.599,0.99842,0.99853,1.50,1.65
2013.02.01 08:21:14.250,0.99841,0.99853,3.75,3.38
2013.02.01 08:21:14.370,0.99842,0.99853,1.50,1.88
2013.02.01 08:21:14.429,0.99844,0.99855,3.15,1.50
2013.02.01 08:21:14.980,0.99845,0.99856,1.50,1.88
2013.02.01 08:21:16.800,0.99845,0.99856,1.50,3.38
2013.02.01 08:21:21.166,0.99846,0.99856,1.50,1.13
2013.02.01 08:21:22.468,0.99846,0.99853,1.50,1.35
2013.02.01 08:21:23.142,0.99842,0.99853,3.00,1.35
2013.02.01 08:21:25.910,0.99842,0.99852,2.25,1.13
2013.02.01 08:21:34.720,0.99842,0.99851,2.25,1.13
2013.02.01 08:21:34.961,0.99841,0.9985,1.50,3.75
2013.02.01 08:21:35.021,0.99838,0.9985,4.65,3.75
2013.02.01 08:21:35.142,0.99838,0.99847,3.75,1.13
2013.02.01 08:21:35.331,0.99835,0.99845,2.25,1.50
2013.02.01 08:21:35.739,0.99835,0.99845,2.25,1.50
2013.02.01 08:21:36.387,0.99835,0.99845,2.25,1.50
2013.02.01 08:21:37.129,0.99835,0.99847,3.75,2.63
2013.02.01 08:21:38.829,0.99836,0.99847,1.88,2.48
2013.02.01 08:21:39.169,0.9984,0.9985,1.50,3.00
2013.02.01 08:21:39.242,0.99841,0.9985,1.50,3.00
2013.02.01 08:21:39.561,0.99845,0.99852,1.50,2.48
2013.02.01 08:21:40.050,0.99846,0.99856,1.50,1.35
2013.02.01 08:21:40.941,0.99846,0.99856,2.25,2.70
2013.02.01 08:21:52.520,0.99846,0.99856,2.25,1.13
2013.02.01 08:21:55.640,0.99846,0.99856,1.50,1.13
2013.02.01 08:21:56.179,0.99845,0.99856,2.25,1.13
2013.02.01 08:21:56.721,0.99845,0.99856,2.25,1.13
2013.02.01 08:21:56.901,0.99848,0.99859,1.50,4.13
2013.02.01 08:21:59.839,0.99851,0.99862,1.50,3.38
2013.02.01 08:21:59.911,0.99851,0.99862,2.40,1.73
2013.02.01 08:22:00.469,0.99851,0.99864,3.15,3.38
2013.02.01 08:22:00.970,0.99852,0.99864,1.65,3.38
2013.02.01 08:22:46.421,0.99853,0.99864,3.00,3.23
2013.02.01 08:22:51.860,0.99853,0.99864,3.00,1.73
2013.02.01 08:22:51.980,0.99855,0.99865,1.50,1.88
2013.02.01 08:22:52.689,0.99855,0.99865,1.50,1.88
2013.02.01 08:22:53.284,0.99854,0.99865,3.00,1.88
2013.02.01 08:22:53.860,0.99854,0.99865,3.00,1.88
2013.02.01 08:23:00.849,0.99854,0.99865,2.25,3.23
2013.02.01 08:23:00.910,0.99854,0.99863,1.50,1.65
2013.02.01 08:23:00.970,0.99853,0.99863,3.00,1.88
2013.02.01 08:23:05.702,0.99852,0.99863,2.25,1.88
2013.02.01 08:23:07.270,0.99852,0.99863,2.25,1.88
2013.02.01 08:23:13.729,0.99852,0.99864,3.00,4.20
2013.02.01 08:23:14.859,0.99852,0.99864,3.00,4.20
2013.02.01 08:23:15.851,0.99852,0.99864,3.00,4.20
2013.02.01 08:23:20.785,0.99852,0.99864,3.00,4.20
2013.02.01 08:23:22.529,0.99852,0.99864,3.00,4.95
2013.02.01 08:23:25.660,0.99852,0.99864,3.00,4.95
2013.02.01 08:23:26.700,0.99852,0.99864,3.00,4.95
2013.02.01 08:23:28.740,0.99852,0.99864,3.00,4.95
2013.02.01 08:23:29.799,0.99853,0.99862,1.50,1.13
2013.02.01 08:23:29.980,0.99855,0.99865,1.50,2.25
2013.02.01 08:23:30.040,0.99855,0.99866,2.25,3.15
2013.02.01 08:23:30.160,0.99856,0.99866,2.25,2.63
2013.02.01 08:23:30.279,0.99858,0.99867,1.65,1.64
2013.02.01 08:23:31.447,0.99857,0.99867,2.40,1.64
2013.02.01 08:23:42.625,0.99857,0.99867,2.40,2.25
2013.02.01 08:23:42.960,0.99857,0.99867,1.50,2.63
2013.02.01 08:23:43.080,0.99856,0.99865,1.50,1.13
2013.02.01 08:23:43.620,0.99854,0.99865,1.50,1.13
2013.02.01 08:23:46.379,0.99854,0.99865,3.75,1.13
2013.02.01 08:23:48.780,0.99854,0.99865,3.00,1.13
2013.02.01 08:23:50.809,0.99854,0.99866,3.00,2.63
2013.02.01 08:23:58.060,0.99854,0.99865,3.00,1.13
2013.02.01 08:23:58.120,0.99854,0.99864,3.00,1.13
2013.02.01 08:23:58.479,0.99849,0.9986,3.75,2.63
2013.02.01 08:23:58.991,0.99849,0.9986,3.00,2.63
2013.02.01 08:24:02.912,0.9985,0.99861,1.50,1.65
2013.02.01 08:24:03.032,0.99852,0.99864,3.00,4.13
2013.02.01 08:24:10.582,0.99852,0.99864,2.40,3.15
2013.02.01 08:24:14.240,0.99853,0.99865,1.50,1.65
2013.02.01 08:24:15.650,0.99853,0.99865,1.65,1.50
2013.02.01 08:24:19.730,0.99853,0.99864,1.50,1.50
2013.02.01 08:24:46.819,0.99852,0.99863,1.65,1.50
2013.02.01 08:24:57.554,0.99852,0.99863,1.50,1.65
2013.02.01 08:24:57.740,0.99851,0.99862,1.50,1.13
2013.02.01 08:24:57.800,0.99851,0.99862,1.50,1.13
2013.02.01 08:25:01.145,0.99851,0.99862,1.50,1.13
2013.02.01 08:25:11.050,0.99852,0.99863,2.25,1.13
2013.02.01 08:25:12.069,0.99851,0.99863,3.00,1.13
2013.02.01 08:25:12.869,0.99852,0.99863,2.25,1.13
2013.02.01 08:25:22.010,0.99852,0.99863,1.50,1.35
2013.02.01 08:25:24.921,0.99852,0.99863,2.25,1.35
2013.02.01 08:25:25.901,0.99852,0.99863,1.50,1.35
2013.02.01 08:25:28.531,0.99852,0.99863,2.25,1.35
2013.02.01 08:25:30.201,0.99852,0.99863,1.50,1.35
2013.02.01 08:25:31.443,0.99852,0.99863,1.50,1.13
2013.02.01 08:25:48.090,0.99853,0.99863,1.50,1.13
2013.02.01 08:26:04.939,0.99852,0.99862,1.50,1.13
2013.02.01 08:26:05.690,0.99851,0.99862,3.75,1.13
2013.02.01 08:26:06.599,0.99851,0.99863,3.75,2.10
2013.02.01 08:26:08.519,0.99851,0.99863,3.00,1.35
2013.02.01 08:26:15.399,0.99851,0.99862,1.50,1.13
2013.02.01 08:26:37.049,0.9985,0.99862,3.00,1.13
2013.02.01 08:26:59.479,0.99851,0.99861,2.25,1.13
2013.02.01 08:27:00.960,0.99851,0.99861,2.25,1.13
2013.02.01 08:27:43.498,0.9985,0.99861,2.25,1.13
2013.02.01 08:27:55.244,0.9985,0.99861,2.25,1.13
2013.02.01 08:28:12.959,0.99852,0.99861,3.00,1.13
2013.02.01 08:28:14.259,0.99854,0.99861,1.50,1.13
2013.02.01 08:28:26.109,0.99852,0.99863,2.25,1.35
2013.02.01 08:28:36.080,0.99852,0.99864,2.25,2.85
2013.02.01 08:28:36.321,0.99853,0.99864,1.50,1.65
2013.02.01 08:28:36.501,0.99855,0.99866,1.50,1.13
2013.02.01 08:28:36.862,0.99861,0.99871,3.00,1.50
2013.02.01 08:28:37.170,0.99861,0.99873,3.15,3.98
2013.02.01 08:28:37.230,0.99861,0.99873,3.38,3.00
2013.02.01 08:28:37.891,0.99861,0.99873,3.38,1.50
2013.02.01 08:28:39.090,0.99862,0.99874,2.25,1.50
2013.02.01 08:29:07.621,0.99862,0.99873,3.75,1.50
2013.02.01 08:29:07.921,0.9986,0.99872,1.50,1.88
2013.02.01 08:29:08.460,0.99859,0.99871,1.50,3.23
2013.02.01 08:29:08.760,0.9986,0.99871,1.50,2.48
2013.02.01 08:29:15.600,0.99857,0.9987,3.90,1.05
2013.02.01 08:29:16.020,0.99856,0.99868,3.23,4.13
2013.02.01 08:29:16.324,0.99853,0.99867,3.75,3.60
2013.02.01 08:29:17.150,0.99855,0.99867,3.00,2.63
2013.02.01 08:29:17.210,0.99857,0.99867,2.25,1.13
2013.02.01 08:29:17.452,0.99857,0.99871,4.13,4.88
2013.02.01 08:29:21.321,0.99858,0.9987,2.40,2.25
2013.02.01 08:29:21.501,0.99858,0.99868,2.25,1.73
2013.02.01 08:29:21.950,0.99857,0.99866,1.50,1.73
2013.02.01 08:29:22.010,0.99855,0.99866,1.50,1.73
2013.02.01 08:29:22.131,0.99854,0.99864,3.75,1.58
2013.02.01 08:29:22.310,0.99853,0.99864,7.20,2.48
2013.02.01 08:29:24.184,0.99851,0.99862,3.00,1.13
2013.02.01 08:29:24.791,0.99851,0.99863,3.00,1.88
2013.02.01 08:29:37.681,0.99852,0.99864,2.63,2.48
2013.02.01 08:29:37.742,0.99857,0.99865,1.50,1.05
2013.02.01 08:29:38.172,0.99857,0.99868,3.00,1.88
2013.02.01 08:29:38.241,0.99858,0.99868,1.65,1.50
2013.02.01 08:29:38.300,0.99857,0.99869,3.90,2.33
2013.02.01 08:29:38.672,0.99857,0.99866,1.50,3.23
2013.02.01 08:29:39.922,0.99856,0.99864,2.25,2.25
2013.02.01 08:29:39.981,0.99856,0.99864,1.50,2.85
2013.02.01 08:29:40.041,0.99854,0.99864,2.63,3.45
2013.02.01 08:29:40.222,0.99852,0.99862,1.58,1.88
2013.02.01 08:29:40.461,0.99849,0.99862,1.80,1.88
2013.02.01 08:29:42.480,0.99849,0.99861,3.15,2.63
2013.02.01 08:29:44.499,0.99849,0.99861,3.15,2.63
2013.02.01 08:29:52.000,0.99849,0.99861,2.40,2.63
2013.02.01 08:29:59.600,0.99849,0.99861,2.40,3.38
2013.02.01 08:30:00.394,0.99849,0.99861,2.40,3.38
2013.02.01 08:30:00.881,0.99848,0.99859,1.50,1.35
2013.02.01 08:30:00.952,0.99848,0.99859,1.50,3.83
2013.02.01 08:30:01.070,0.99847,0.99857,1.50,1.73
2013.02.01 08:30:01.582,0.99847,0.99859,1.50,4.58
2013.02.01 08:30:07.812,0.99846,0.99857,3.15,1.73
2013.02.01 08:30:11.391,0.99846,0.99859,1.65,4.73
2013.02.01 08:30:11.750,0.99843,0.99854,1.50,1.65
2013.02.01 08:30:12.346,0.99842,0.99853,1.65,1.50
2013.02.01 08:30:13.534,0.99844,0.99853,1.50,1.50
2013.02.01 08:30:13.661,0.99845,0.99854,1.13,1.50
2013.02.01 08:30:13.942,0.99845,0.99856,1.50,1.73
2013.02.01 08:30:14.492,0.99845,0.99856,1.50,1.73
2013.02.01 08:30:14.550,0.99842,0.99851,3.15,1.58
2013.02.01 08:30:14.910,0.99836,0.99844,1.50,1.50
2013.02.01 08:30:14.971,0.99833,0.99843,1.50,2.48
2013.02.01 08:30:15.750,0.99829,0.99842,1.50,3.98
2013.02.01 08:30:15.810,0.99829,0.99839,1.50,2.85
2013.02.01 08:30:16.170,0.99826,0.99838,4.50,2.48
2013.02.01 08:30:21.241,0.99828,0.99838,1.50,1.50
2013.02.01 08:30:21.782,0.99828,0.9984,1.50,1.73
2013.02.01 08:30:26.252,0.99828,0.99841,2.25,3.98
2013.02.01 08:30:26.433,0.99828,0.99839,2.25,1.73
2013.02.01 08:30:26.965,0.99828,0.99839,1.50,1.73
2013.02.01 08:30:37.991,0.99828,0.9984,1.50,2.48
2013.02.01 08:30:38.111,0.99827,0.99841,3.75,3.98
2013.02.01 08:30:39.691,0.9983,0.99841,1.50,1.73
2013.02.01 08:30:43.006,0.9983,0.99842,2.25,3.23
2013.02.01 08:30:43.680,0.99833,0.99842,1.50,1.73
2013.02.01 08:30:45.672,0.99831,0.99842,2.25,1.73
2013.02.01 08:31:03.911,0.99832,0.99842,2.25,1.35
2013.02.01 08:31:04.150,0.99834,0.99845,1.13,6.23
2013.02.01 08:31:04.211,0.99834,0.99847,3.75,3.23
2013.02.01 08:31:04.526,0.99843,0.99852,1.50,1.88
2013.02.01 08:31:04.831,0.9984,0.99852,3.75,1.88
2013.02.01 08:31:06.342,0.9984,0.99852,4.50,1.88
2013.02.01 08:31:06.891,0.9984,0.9985,2.25,1.13
2013.02.01 08:31:07.135,0.99838,0.99849,1.50,4.13
2013.02.01 08:31:07.640,0.99836,0.99848,2.40,1.73
2013.02.01 08:31:09.400,0.99837,0.99848,2.40,1.73
2013.02.01 08:31:13.634,0.99836,0.99844,3.38,1.50
2013.02.01 08:31:13.762,0.99836,0.99842,1.13,1.13
2013.02.01 08:31:13.942,0.99833,0.99842,1.50,1.13
2013.02.01 08:31:14.468,0.9983,0.99842,4.50,2.63
2013.02.01 08:31:16.281,0.99834,0.99842,1.50,1.13
2013.02.01 08:31:16.531,0.99834,0.99845,3.00,1.13
2013.02.01 08:31:20.430,0.99834,0.99845,3.75,1.13
2013.02.01 08:31:24.351,0.99835,0.99846,1.13,3.23
2013.02.01 08:31:24.890,0.99837,0.99846,3.15,1.73
2013.02.01 08:31:25.505,0.99837,0.99846,1.65,1.73
2013.02.01 08:31:26.072,0.99838,0.99846,1.50,1.73
2013.02.01 08:31:26.573,0.99837,0.99843,2.40,1.73
2013.02.01 08:31:26.761,0.99837,0.99847,3.15,1.50
2013.02.01 08:31:27.301,0.99838,0.99848,1.50,4.50
2013.02.01 08:31:27.857,0.99838,0.99848,1.50,4.50
2013.02.01 08:31:29.624,0.99836,0.99848,3.75,5.48
2013.02.01 08:31:30.172,0.99836,0.99846,1.50,1.65
2013.02.01 08:31:30.351,0.99836,0.99846,4.65,1.50
2013.02.01 08:31:31.992,0.99839,0.99848,1.50,2.25
2013.02.01 08:31:32.881,0.99839,0.99848,1.65,1.50
2013.02.01 08:31:33.253,0.99839,0.99851,3.38,1.65
2013.02.01 08:31:33.652,0.99839,0.99847,1.73,1.50
2013.02.01 08:31:33.771,0.99836,0.99847,1.50,1.65
2013.02.01 08:31:33.891,0.99834,0.99843,3.75,1.50
2013.02.01 08:31:33.951,0.99833,0.99843,3.75,2.40
2013.02.01 08:31:34.011,0.99833,0.99843,2.25,2.40
2013.02.01 08:31:34.071,0.99833,0.99843,1.65,1.50
2013.02.01 08:31:34.251,0.99834,0.99846,2.63,2.40
2013.02.01 08:31:34.433,0.99833,0.99843,2.25,1.13
2013.02.01 08:31:34.622,0.99833,0.99844,1.65,3.98
2013.02.01 08:31:34.740,0.99834,0.99846,2.48,3.00
2013.02.01 08:31:42.391,0.99836,0.99848,1.65,3.00
2013.02.01 08:31:42.630,0.99838,0.99849,1.65,1.73
2013.02.01 08:31:43.180,0.99839,0.9985,1.13,1.50
2013.02.01 08:31:50.132,0.99839,0.99851,1.88,3.15
2013.02.01 08:31:51.231,0.99839,0.99851,1.88,3.90
2013.02.01 08:32:05.872,0.9984,0.99853,1.73,5.63
2013.02.01 08:32:06.354,0.99841,0.99853,1.50,5.63
2013.02.01 08:32:08.691,0.99842,0.99853,2.25,1.13
2013.02.01 08:32:09.961,0.99842,0.99853,2.25,1.13
2013.02.01 08:32:12.390,0.99842,0.99853,2.25,1.13
2013.02.01 08:32:14.130,0.99843,0.99854,3.00,2.85
2013.02.01 08:32:14.371,0.99843,0.99854,3.15,1.73
2013.02.01 08:32:14.491,0.99848,0.99857,1.50,1.88
2013.02.01 08:32:14.552,0.99848,0.99857,3.00,1.50
2013.02.01 08:32:14.731,0.9985,0.9986,1.50,1.50
2013.02.01 08:32:15.291,0.9985,0.99862,1.50,2.40
2013.02.01 08:32:15.861,0.99849,0.99861,2.48,2.25
2013.02.01 08:32:17.113,0.99849,0.9986,1.73,1.88
2013.02.01 08:32:17.235,0.99848,0.99858,1.50,2.25
2013.02.01 08:32:17.604,0.99846,0.99856,3.90,1.50
2013.02.01 08:32:17.671,0.99844,0.99855,2.78,1.13
2013.02.01 08:32:17.731,0.99844,0.99854,2.63,1.88
2013.02.01 08:32:17.791,0.99844,0.99854,1.50,3.38
2013.02.01 08:32:18.341,0.99843,0.99854,2.25,3.38
2013.02.01 08:32:21.866,0.99843,0.99854,2.25,3.00
2013.02.01 08:32:21.933,0.99847,0.99854,1.50,1.50
2013.02.01 08:32:22.483,0.9985,0.99856,3.75,1.50
2013.02.01 08:32:23.021,0.9985,0.99857,1.50,2.25
2013.02.01 08:32:23.531,0.99849,0.99856,1.50,1.50
2013.02.01 08:32:23.832,0.99849,0.99855,1.50,1.65
2013.02.01 08:32:24.072,0.99844,0.99854,1.50,2.63
2013.02.01 08:32:24.251,0.9984,0.99853,3.00,5.40
2013.02.01 08:32:24.801,0.99839,0.9985,2.48,1.50
2013.02.01 08:32:26.131,0.99839,0.99852,3.23,1.65
2013.02.01 08:32:26.871,0.99839,0.99853,3.23,5.40
2013.02.01 08:32:40.872,0.9984,0.99853,1.50,3.15
2013.02.01 08:32:41.233,0.99842,0.99853,4.50,1.50
2013.02.01 08:32:41.475,0.99848,0.99858,2.40,1.50
2013.02.01 08:32:41.544,0.9985,0.9986,1.50,1.73
2013.02.01 08:32:41.924,0.99852,0.99861,1.65,2.25
2013.02.01 08:32:42.451,0.9985,0.99862,3.23,3.15
2013.02.01 08:32:44.071,0.9985,0.99859,2.48,3.75
2013.02.01 08:32:44.191,0.9985,0.99855,1.50,1.65
2013.02.01 08:32:44.252,0.99847,0.99853,1.50,1.13
2013.02.01 08:32:44.312,0.99844,0.99853,2.85,1.13
2013.02.01 08:32:45.461,0.99842,0.99853,1.50,3.38
2013.02.01 08:32:46.250,0.99842,0.99853,1.50,3.38
2013.02.01 08:32:48.958,0.99841,0.99853,3.00,3.90
2013.02.01 08:32:51.491,0.99841,0.99852,3.00,1.50
2013.02.01 08:32:51.914,0.99841,0.99852,2.25,1.50
2013.02.01 08:32:58.181,0.99842,0.99853,1.50,3.90
2013.02.01 08:32:58.400,0.99842,0.99853,1.50,3.15
2013.02.01 08:33:02.133,0.99843,0.99853,1.50,3.15
2013.02.01 08:33:02.434,0.99847,0.99856,1.50,2.25
2013.02.01 08:33:02.740,0.99845,0.99856,3.75,3.00
2013.02.01 08:33:03.311,0.99844,0.99856,3.23,3.00
2013.02.01 08:33:03.890,0.99844,0.99856,3.23,3.00
2013.02.01 08:33:05.841,0.99844,0.99856,3.98,3.00
2013.02.01 08:33:06.141,0.99847,0.99857,1.50,1.50
2013.02.01 08:33:06.261,0.99848,0.99859,2.48,2.25
2013.02.01 08:33:06.381,0.9985,0.99859,2.25,2.25
2013.02.01 08:33:06.441,0.9985,0.99861,2.25,1.13
2013.02.01 08:33:06.861,0.9985,0.99863,3.75,2.25
2013.02.01 08:33:08.961,0.9985,0.99861,2.25,1.50
2013.02.01 08:33:09.262,0.99846,0.99858,1.50,3.15
2013.02.01 08:33:09.321,0.99845,0.99856,1.73,3.15
2013.02.01 08:33:09.503,0.99844,0.99856,1.73,3.15
2013.02.01 08:33:31.610,0.99844,0.99854,1.73,1.50
2013.02.01 08:33:40.696,0.99844,0.99854,2.48,2.25
2013.02.01 08:33:41.001,0.99841,0.99848,1.50,1.50
2013.02.01 08:33:41.181,0.99835,0.99846,1.50,2.25
2013.02.01 08:33:41.481,0.99834,0.99846,3.98,2.25
2013.02.01 08:33:41.603,0.99834,0.99845,3.98,1.65
2013.02.01 08:33:42.041,0.99832,0.99843,3.00,2.25
2013.02.01 08:33:43.300,0.99832,0.99843,3.00,2.25
2013.02.01 08:33:44.203,0.99834,0.99844,3.75,3.98
2013.02.01 08:33:44.511,0.99842,0.99848,1.50,1.50
2013.02.01 08:33:44.572,0.99842,0.99852,1.50,2.25
2013.02.01 08:33:44.872,0.99843,0.99853,1.50,3.90
2013.02.01 08:33:45.112,0.99843,0.99853,1.50,4.50
2013.02.01 08:33:45.651,0.99842,0.99853,1.50,2.25
2013.02.01 08:33:45.771,0.9984,0.99852,3.23,2.25
2013.02.01 08:33:45.832,0.9984,0.9985,3.23,2.10
2013.02.01 08:33:46.130,0.99837,0.99845,1.50,1.73
2013.02.01 08:33:46.251,0.99835,0.99845,3.00,1.50
2013.02.01 08:33:46.611,0.99835,0.99845,2.25,1.50
2013.02.01 08:33:46.911,0.99835,0.99845,1.73,1.50
2013.02.01 08:33:57.084,0.99833,0.99843,1.73,1.50
2013.02.01 08:33:57.275,0.99832,0.99842,1.50,2.25
2013.02.01 08:33:57.831,0.99831,0.99842,2.25,2.25
2013.02.01 08:34:02.382,0.99832,0.99842,1.50,1.50
2013.02.01 08:34:02.621,0.99833,0.99845,1.73,1.50
2013.02.01 08:34:03.321,0.99833,0.99845,1.73,1.65
2013.02.01 08:34:03.561,0.99832,0.99844,3.00,2.63
2013.02.01 08:34:04.125,0.99834,0.99843,1.50,1.65
2013.02.01 08:34:05.077,0.99834,0.99844,1.50,3.38
2013.02.01 08:34:05.847,0.99834,0.99845,1.73,1.13
2013.02.01 08:34:07.260,0.99833,0.99845,2.48,1.50
2013.02.01 08:34:07.813,0.99838,0.99845,1.50,1.50
2013.02.01 08:34:07.992,0.99838,0.9985,3.75,1.73
2013.02.01 08:34:08.232,0.99842,0.99852,1.50,1.50
2013.02.01 08:34:08.533,0.99843,0.99855,1.73,2.25
2013.02.01 08:34:09.071,0.99843,0.99856,2.48,3.15
2013.02.01 08:34:13.621,0.99843,0.99854,2.48,1.50
2013.02.01 08:34:14.283,0.99843,0.99855,3.98,1.50
2013.02.01 08:34:15.511,0.99845,0.99857,1.73,5.78
2013.02.01 08:34:15.872,0.99849,0.99861,1.73,1.50
2013.02.01 08:34:15.992,0.9985,0.99862,1.73,3.00
2013.02.01 08:34:16.231,0.9985,0.99862,3.23,2.25
2013.02.01 08:34:16.535,0.99858,0.99863,1.50,2.25
2013.02.01 08:34:17.055,0.99856,0.99863,1.50,1.65
2013.02.01 08:34:17.124,0.99854,0.99864,1.50,2.40
2013.02.01 08:34:17.311,0.99854,0.99865,3.23,1.50
2013.02.01 08:34:17.432,0.99857,0.99867,1.50,1.50
2013.02.01 08:34:19.121,0.99856,0.99867,1.50,2.10
2013.02.01 08:34:19.780,0.99856,0.99867,1.50,1.50
2013.02.01 08:34:20.692,0.99856,0.99868,1.50,2.85
2013.02.01 08:34:21.113,0.99858,0.99868,1.50,2.10
2013.02.01 08:34:21.293,0.9986,0.99871,1.50,1.73
2013.02.01 08:34:21.353,0.99862,0.99873,2.25,1.50
2013.02.01 08:34:21.661,0.99863,0.99874,1.73,1.50
2013.02.01 08:34:25.881,0.99863,0.99876,3.23,2.25
2013.02.01 08:34:26.650,0.99863,0.99876,3.98,2.25
2013.02.01 08:34:30.440,0.99865,0.99876,1.73,1.50
2013.02.01 08:34:31.551,0.99865,0.99875,1.73,1.50
2013.02.01 08:34:34.101,0.99864,0.99875,2.48,1.50
2013.02.01 08:34:36.901,0.99866,0.99876,2.25,1.50
2013.02.01 08:34:36.961,0.99867,0.99878,2.25,1.58
2013.02.01 08:34:37.324,0.9987,0.99881,1.50,2.25
2013.02.01 08:34:37.871,0.9987,0.99883,3.00,2.25
2013.02.01 08:34:38.717,0.9987,0.99882,3.00,1.50
2013.02.01 08:34:39.070,0.99871,0.99884,3.00,3.15
2013.02.01 08:34:39.647,0.99871,0.99883,3.00,1.50
2013.02.01 08:34:40.472,0.99871,0.99883,1.50,1.50
2013.02.01 08:34:41.422,0.99872,0.99884,1.50,5.40
2013.02.01 08:34:41.782,0.99873,0.99885,3.98,3.00
2013.02.01 08:34:43.611,0.99876,0.99885,1.50,1.50
2013.02.01 08:34:44.152,0.99873,0.99885,3.98,1.50
2013.02.01 08:34:44.514,0.99873,0.99883,2.25,1.50
2013.02.01 08:34:45.045,0.99873,0.99883,2.25,2.25
2013.02.01 08:34:46.330,0.99873,0.99883,2.25,3.00
2013.02.01 08:34:46.571,0.9987,0.99882,4.50,2.25
2013.02.01 08:34:48.012,0.99872,0.99883,1.50,2.25
2013.02.01 08:34:48.313,0.99872,0.99883,1.50,2.25
2013.02.01 08:34:53.541,0.99871,0.99882,1.50,1.50
2013.02.01 08:34:53.815,0.99871,0.99882,1.50,1.50
2013.02.01 08:34:55.542,0.99871,0.99883,3.75,2.25
2013.02.01 08:34:56.262,0.99871,0.99883,3.75,2.25
2013.02.01 08:34:57.001,0.99871,0.99882,3.75,1.50
2013.02.01 08:35:02.635,0.99871,0.99881,2.25,1.50
2013.02.01 08:35:08.612,0.99871,0.99882,2.25,1.50
2013.02.01 08:35:10.151,0.99872,0.99882,1.50,1.50
2013.02.01 08:35:10.667,0.99871,0.99883,3.00,4.50
2013.02.01 08:35:11.531,0.99871,0.99883,3.75,4.50
2013.02.01 08:35:13.044,0.99871,0.99883,3.75,3.00
2013.02.01 08:35:15.111,0.99872,0.99883,1.50,2.25
2013.02.01 08:35:16.252,0.99872,0.99882,2.25,2.25
2013.02.01 08:35:20.753,0.99873,0.99883,2.25,1.50
2013.02.01 08:35:29.722,0.99873,0.99883,2.25,2.25
2013.02.01 08:35:35.695,0.99873,0.99883,3.00,1.50
2013.02.01 08:35:35.881,0.99874,0.99885,1.73,2.25
2013.02.01 08:35:37.514,0.99873,0.99886,3.98,2.25
2013.02.01 08:35:40.661,0.99874,0.99886,1.73,2.25
2013.02.01 08:35:41.523,0.99874,0.99886,1.73,2.25
2013.02.01 08:35:43.346,0.99874,0.99885,1.73,2.40
2013.02.01 08:35:43.534,0.99873,0.99884,3.00,2.40
2013.02.01 08:35:43.963,0.99874,0.99884,1.50,1.50
2013.02.01 08:35:44.084,0.99875,0.99885,1.50,1.50
2013.02.01 08:35:44.392,0.99876,0.99886,1.73,1.50
2013.02.01 08:35:44.452,0.99875,0.99885,3.23,1.50
2013.02.01 08:35:44.512,0.99875,0.99887,2.48,3.75
2013.02.01 08:35:46.915,0.99874,0.99886,3.23,3.75
2013.02.01 08:35:54.651,0.99874,0.99884,2.48,2.40
2013.02.01 08:35:54.893,0.99872,0.99882,1.50,3.75
2013.02.01 08:35:55.472,0.99871,0.9988,1.13,1.50
2013.02.01 08:35:55.532,0.99871,0.9988,1.13,1.50
2013.02.01 08:35:56.110,0.99869,0.9988,2.48,1.50
2013.02.01 08:35:56.901,0.9987,0.99881,1.73,2.25
2013.02.01 08:35:58.481,0.9987,0.99881,2.48,1.50
2013.02.01 08:35:58.983,0.9987,0.99882,2.48,2.25
2013.02.01 08:36:00.081,0.99873,0.99882,1.50,2.25
2013.02.01 08:36:03.151,0.99873,0.99884,2.25,2.63
2013.02.01 08:36:03.512,0.99873,0.99885,4.73,1.50
2013.02.01 08:36:04.112,0.99873,0.99883,3.23,1.50
2013.02.01 08:36:04.172,0.99873,0.99882,3.00,1.50
2013.02.01 08:36:04.541,0.99871,0.99882,1.50,1.50
2013.02.01 08:36:08.780,0.9987,0.99882,3.98,1.50
2013.02.01 08:36:09.081,0.99864,0.99874,2.48,1.65
2013.02.01 08:36:09.381,0.99864,0.99874,1.50,1.13
2013.02.01 08:36:14.241,0.99862,0.99872,3.23,2.33
2013.02.01 08:36:14.432,0.9986,0.99868,1.73,2.40
2013.02.01 08:36:14.491,0.99858,0.99865,2.48,1.50
2013.02.01 08:36:14.671,0.99854,0.99865,1.73,2.25
2013.02.01 08:36:15.216,0.99854,0.99865,1.73,2.25
2013.02.01 08:36:15.722,0.99854,0.99865,1.73,2.25
2013.02.01 08:36:17.132,0.99853,0.99864,1.73,1.65
2013.02.01 08:36:17.373,0.99852,0.99864,1.50,4.88
2013.02.01 08:36:17.681,0.99852,0.99862,2.25,1.50
2013.02.01 08:36:18.256,0.99854,0.99863,1.73,1.50
2013.02.01 08:36:23.412,0.99852,0.99861,1.50,2.25
2013.02.01 08:36:23.532,0.99848,0.99859,1.50,2.25
2013.02.01 08:36:23.778,0.99848,0.99856,1.50,1.50
2013.02.01 08:36:23.902,0.9985,0.99861,1.73,3.00
2013.02.01 08:36:23.962,0.9985,0.9986,1.73,1.50
2013.02.01 08:36:24.142,0.99851,0.99861,2.48,2.25
2013.02.01 08:36:24.203,0.99851,0.99861,2.25,2.25
2013.02.01 08:36:24.875,0.99851,0.99862,1.50,2.25
2013.02.01 08:36:25.571,0.9985,0.9986,3.00,1.50
2013.02.01 08:36:25.767,0.99848,0.99859,1.50,3.98
2013.02.01 08:36:26.152,0.99848,0.99859,1.50,3.75
2013.02.01 08:36:27.262,0.9985,0.99859,1.50,2.25
2013.02.01 08:36:30.121,0.99849,0.99859,1.50,2.25
2013.02.01 08:36:30.326,0.99849,0.99859,1.50,1.50
2013.02.01 08:36:30.451,0.99849,0.9986,2.25,3.23
2013.02.01 08:36:30.961,0.99851,0.99861,1.50,2.25
2013.02.01 08:36:31.642,0.99851,0.99861,1.50,1.50
2013.02.01 08:36:37.260,0.99851,0.9986,1.50,1.50
2013.02.01 08:36:37.562,0.99848,0.99857,1.50,3.00
2013.02.01 08:36:37.741,0.99844,0.99857,3.23,3.15
2013.02.01 08:36:38.280,0.99844,0.99857,1.73,3.15
2013.02.01 08:36:38.451,0.99844,0.99857,1.73,3.15
2013.02.01 08:36:40.522,0.99847,0.99857,2.25,3.15
2013.02.01 08:36:40.641,0.99848,0.99858,2.25,2.40
2013.02.01 08:36:40.764,0.99848,0.99858,2.25,2.25
2013.02.01 08:36:41.326,0.99848,0.99858,1.50,2.25
2013.02.01 08:36:42.271,0.99847,0.99855,1.50,1.50
2013.02.01 08:36:42.452,0.99846,0.99857,2.25,1.50
2013.02.01 08:36:42.512,0.99845,0.99857,3.00,1.65
2013.02.01 08:36:42.639,0.99845,0.99857,3.00,3.98
2013.02.01 08:36:42.963,0.99844,0.99852,1.50,1.50
2013.02.01 08:36:43.092,0.99841,0.99852,1.50,1.50
2013.02.01 08:36:46.835,0.99841,0.99852,2.25,1.50
2013.02.01 08:36:46.901,0.99846,0.99854,1.50,3.00
2013.02.01 08:36:47.092,0.99846,0.99857,1.50,3.00
2013.02.01 08:36:47.451,0.99842,0.99854,5.48,1.50
2013.02.01 08:36:47.902,0.99842,0.99854,2.25,3.38
2013.02.01 08:36:57.761,0.99841,0.99852,1.50,1.50
2013.02.01 08:37:01.546,0.99841,0.99852,1.88,1.50
2013.02.01 08:37:01.733,0.99845,0.99856,5.48,3.00
2013.02.01 08:37:01.864,0.99847,0.99857,1.50,1.50
2013.02.01 08:37:01.993,0.99847,0.99857,1.88,1.50
2013.02.01 08:37:03.102,0.99847,0.99857,1.88,2.25
2013.02.01 08:37:03.741,0.99845,0.99856,1.73,1.65
2013.02.01 08:37:04.041,0.99843,0.99856,3.23,1.65
2013.02.01 08:37:04.544,0.99843,0.99856,3.23,1.65
2013.02.01 08:37:08.882,0.99844,0.99857,1.73,2.40
2013.02.01 08:37:09.062,0.99848,0.99859,1.50,4.35
2013.02.01 08:37:09.304,0.9985,0.9986,1.50,1.50
2013.02.01 08:37:09.811,0.9985,0.99863,1.50,3.90
2013.02.01 08:37:14.361,0.99851,0.99863,1.50,3.90
2013.02.01 08:37:15.334,0.9985,0.99863,3.00,3.90
2013.02.01 08:37:16.643,0.9985,0.99863,3.00,3.90
2013.02.01 08:37:18.079,0.9985,0.99863,3.75,3.15
2013.02.01 08:37:23.103,0.99852,0.99863,1.50,3.15
2013.02.01 08:37:25.044,0.99852,0.99863,1.50,3.15
2013.02.01 08:37:25.550,0.99852,0.99863,1.50,3.00
2013.02.01 08:37:25.732,0.99853,0.99863,1.73,1.50
2013.02.01 08:37:25.856,0.99854,0.99866,2.48,2.25
2013.02.01 08:37:37.345,0.99854,0.99866,2.48,3.75
2013.02.01 08:37:39.672,0.99854,0.99866,2.48,3.75
2013.02.01 08:37:41.871,0.99854,0.99866,1.73,3.00
2013.02.01 08:38:05.081,0.99856,0.99865,1.50,1.50
2013.02.01 08:38:05.445,0.99856,0.99867,1.50,1.50
2013.02.01 08:38:07.501,0.99857,0.99867,1.50,1.50
2013.02.01 08:38:07.681,0.99858,0.9987,1.50,3.23
2013.02.01 08:38:07.741,0.99859,0.99871,1.73,1.50
2013.02.01 08:38:08.201,0.99862,0.99873,2.25,4.28
2013.02.01 08:38:10.694,0.99862,0.99873,2.25,3.90
2013.02.01 08:38:17.171,0.9986,0.99871,3.00,3.83
2013.02.01 08:38:17.232,0.99859,0.99868,1.73,2.25
2013.02.01 08:38:17.592,0.99857,0.99867,2.63,1.50
2013.02.01 08:38:18.142,0.99857,0.99868,3.38,1.50
2013.02.01 08:38:18.501,0.99861,0.99873,1.50,6.15
2013.02.01 08:38:18.621,0.99861,0.99873,1.50,6.15
2013.02.01 08:38:19.218,0.99861,0.99873,1.50,6.15
2013.02.01 08:38:19.894,0.9986,0.99873,1.50,6.15
2013.02.01 08:38:22.101,0.99862,0.99873,1.50,6.00
2013.02.01 08:38:22.162,0.99866,0.99873,1.50,1.50
2013.02.01 08:38:22.222,0.99866,0.99875,1.65,1.50
2013.02.01 08:38:22.282,0.99867,0.99877,1.65,3.00
2013.02.01 08:38:22.521,0.99864,0.99877,2.25,1.73
2013.02.01 08:38:22.701,0.99863,0.99875,4.35,2.25
2013.02.01 08:38:29.292,0.99863,0.99875,3.98,2.25
2013.02.01 08:38:29.474,0.99866,0.99875,2.40,2.25
2013.02.01 08:38:30.171,0.99867,0.99875,1.88,2.25
2013.02.01 08:38:32.552,0.99871,0.99877,1.50,1.50
2013.02.01 08:38:32.672,0.99871,0.9988,1.65,1.50
2013.02.01 08:38:32.792,0.99873,0.99883,2.48,1.50
2013.02.01 08:38:34.483,0.99874,0.99884,1.73,1.50
2013.02.01 08:38:35.231,0.99873,0.99883,1.73,1.50
2013.02.01 08:38:39.956,0.99875,0.99887,3.00,2.03
2013.02.01 08:38:40.865,0.99875,0.99887,2.25,1.65
2013.02.01 08:38:43.654,0.99874,0.99886,1.73,2.40
2013.02.01 08:38:44.214,0.99874,0.99886,3.23,2.40
2013.02.01 08:38:46.002,0.99874,0.99886,3.23,2.40
2013.02.01 08:38:50.161,0.99874,0.99886,3.23,2.40
2013.02.01 08:38:51.104,0.99874,0.99886,1.73,3.15
2013.02.01 08:38:51.171,0.99874,0.99886,1.73,3.15
2013.02.01 08:38:56.681,0.99878,0.99886,1.50,1.50
2013.02.01 08:38:56.921,0.9988,0.9989,3.00,2.48
2013.02.01 08:38:57.041,0.99881,0.9989,3.00,2.25
2013.02.01 08:38:57.162,0.99884,0.99893,1.50,3.15
2013.02.01 08:38:58.701,0.99882,0.99893,3.00,2.40
2013.02.01 08:38:59.241,0.99882,0.99893,3.00,2.40
2013.02.01 08:39:00.621,0.99883,0.99893,1.50,1.50
2013.02.01 08:39:00.681,0.99886,0.99894,1.50,1.73
2013.02.01 08:39:01.224,0.99884,0.99895,3.23,2.25
2013.02.01 08:39:02.971,0.99884,0.99895,1.73,2.25
2013.02.01 08:39:06.191,0.99884,0.99895,1.73,2.25
2013.02.01 08:39:09.551,0.99884,0.99895,2.48,2.25
2013.02.01 08:39:12.741,0.99884,0.99895,1.73,2.25
2013.02.01 08:39:14.234,0.99885,0.99896,1.50,2.40
2013.02.01 08:39:14.764,0.99884,0.99896,3.23,2.40
2013.02.01 08:39:15.252,0.99886,0.999,2.25,1.50
2013.02.01 08:39:15.312,0.99889,0.99898,1.50,3.15
2013.02.01 08:39:15.432,0.99892,0.99898,1.50,1.50
2013.02.01 08:39:15.922,0.99892,0.99906,3.00,2.40
2013.02.01 08:39:17.512,0.99892,0.99902,3.00,1.50
2013.02.01 08:39:18.152,0.99892,0.99902,3.75,1.50
2013.02.01 08:39:18.332,0.99895,0.99903,1.50,2.25
2013.02.01 08:39:18.391,0.99895,0.99903,1.73,2.25
2013.02.01 08:39:19.036,0.99893,0.99904,1.73,2.25
2013.02.01 08:39:19.353,0.99893,0.99901,1.73,1.50
2013.02.01 08:39:21.323,0.99894,0.99904,2.48,2.25
2013.02.01 08:39:32.515,0.99898,0.99906,1.50,1.35
2013.02.01 08:39:32.644,0.99895,0.99907,1.73,2.40
2013.02.01 08:39:33.213,0.99894,0.99906,1.73,2.25
2013.02.01 08:39:33.827,0.99894,0.99903,1.73,1.50
2013.02.01 08:39:34.332,0.99894,0.99903,1.73,2.25
2013.02.01 08:39:51.176,0.99892,0.99902,2.48,2.25
2013.02.01 08:39:57.692,0.99892,0.99902,2.48,2.25
2013.02.01 08:39:59.313,0.99893,0.99902,1.73,2.25
2013.02.01 08:40:01.697,0.99893,0.99897,1.73,0.24
2013.02.01 08:40:08.933,0.99895,0.99897,1.73,0.24
2013.02.01 08:40:11.065,0.99896,0.99897,1.50,0.24
2013.02.01 08:40:13.511,0.99894,0.99897,1.50,0.24
2013.02.01 08:40:14.022,0.99892,0.99897,1.50,0.24
2013.02.01 08:40:15.022,0.99892,0.99897,1.50,0.24
2013.02.01 08:40:15.261,0.9989,0.99897,1.50,0.24
2013.02.01 08:40:15.742,0.99886,0.99897,2.25,0.24
2013.02.01 08:40:15.803,0.99885,0.99896,3.00,2.25
2013.02.01 08:40:16.111,0.99885,0.99896,1.50,2.40
2013.02.01 08:40:16.636,0.99885,0.99896,1.50,2.40
2013.02.01 08:40:17.171,0.99885,0.99896,1.50,2.40
2013.02.01 08:40:17.721,0.99885,0.99896,1.50,2.40
2013.02.01 08:40:18.232,0.99885,0.99896,1.50,2.40
2013.02.01 08:40:22.429,0.99885,0.99896,1.50,3.15
2013.02.01 08:40:24.812,0.99885,0.99896,2.25,2.40
2013.02.01 08:40:27.002,0.99885,0.99896,1.50,3.15
2013.02.01 08:40:30.932,0.99885,0.99896,1.50,3.75
2013.02.01 08:40:30.992,0.99885,0.99894,1.50,2.40
2013.02.01 08:40:31.171,0.99881,0.99892,2.25,1.50
2013.02.01 08:40:31.472,0.99882,0.99892,2.25,1.50
2013.02.01 08:40:32.342,0.9988,0.99892,3.98,3.00
2013.02.01 08:40:33.541,0.9988,0.99892,3.98,3.00
2013.02.01 08:40:34.063,0.99882,0.99892,2.25,1.50
2013.02.01 08:40:37.793,0.9988,0.99892,2.48,1.50
2013.02.01 08:40:38.881,0.99881,0.99892,1.50,1.50
2013.02.01 08:40:40.281,0.99881,0.99891,1.50,1.50
2013.02.01 08:40:40.341,0.99881,0.99889,1.50,2.10
2013.02.01 08:40:40.464,0.99879,0.99887,3.23,1.35
2013.02.01 08:40:40.902,0.99874,0.99885,1.73,1.50
2013.02.01 08:40:42.743,0.99874,0.99885,1.73,2.25
2013.02.01 08:40:44.972,0.99877,0.99885,1.50,2.25
2013.02.01 08:40:45.033,0.99877,0.99885,1.73,1.50
2013.02.01 08:40:45.153,0.99877,0.99887,1.73,2.25
2013.02.01 08:40:46.652,0.99881,0.99887,1.50,1.50
2013.02.01 08:40:46.831,0.99884,0.99893,1.73,2.25
2013.02.01 08:40:47.132,0.99884,0.99894,1.73,1.50
2013.02.01 08:40:47.431,0.99883,0.99893,1.73,1.65
2013.02.01 08:40:47.794,0.9988,0.9989,1.73,3.00
2013.02.01 08:40:47.982,0.99877,0.99887,2.48,1.50
2013.02.01 08:40:48.042,0.99877,0.99887,2.25,1.50
2013.02.01 08:40:48.341,0.99875,0.99885,2.25,1.65
2013.02.01 08:40:48.522,0.99873,0.99884,2.25,2.40
2013.02.01 08:40:48.641,0.99873,0.99884,1.50,3.15
2013.02.01 08:40:49.194,0.99871,0.99882,1.50,2.10
2013.02.01 08:40:49.743,0.99871,0.99882,1.50,1.35
2013.02.01 08:40:50.262,0.99871,0.99882,1.50,2.10
2013.02.01 08:40:54.645,0.99871,0.99882,1.50,2.10
2013.02.01 08:40:54.723,0.99873,0.99882,2.48,1.50
2013.02.01 08:40:55.024,0.99871,0.99882,1.50,1.50
2013.02.01 08:40:55.574,0.99872,0.99883,1.50,1.50
2013.02.01 08:40:58.602,0.99871,0.99883,2.25,2.25
2013.02.01 08:41:00.710,0.99871,0.99883,3.00,2.25
2013.02.01 08:41:01.881,0.99871,0.99883,3.00,2.25
2013.02.01 08:41:02.729,0.99871,0.99883,3.00,2.25
2013.02.01 08:41:03.802,0.99871,0.99882,1.50,1.35
2013.02.01 08:41:03.993,0.9987,0.99879,1.50,1.50
2013.02.01 08:41:04.232,0.99867,0.99877,3.23,1.50
2013.02.01 08:41:04.292,0.99867,0.99877,3.00,1.50
2013.02.01 08:41:04.352,0.99866,0.99877,1.50,3.00
2013.02.01 08:41:05.101,0.99862,0.99873,1.50,3.15
2013.02.01 08:41:05.717,0.99861,0.99872,3.00,2.85
2013.02.01 08:41:06.453,0.99863,0.99874,1.50,3.75
2013.02.01 08:41:06.513,0.99863,0.99874,1.73,2.25
2013.02.01 08:41:06.632,0.99864,0.99874,1.73,5.10
2013.02.01 08:41:06.872,0.99862,0.99873,1.50,3.00
2013.02.01 08:41:06.992,0.99863,0.99873,2.48,2.25
2013.02.01 08:41:07.351,0.99862,0.99873,1.50,1.50
2013.02.01 08:41:08.435,0.99862,0.99873,1.50,3.00
2013.02.01 08:41:08.652,0.99863,0.99873,2.63,1.50
2013.02.01 08:41:09.011,0.99868,0.99877,1.73,1.50
2013.02.01 08:41:09.202,0.99863,0.99874,5.48,1.65
2013.02.01 08:41:09.453,0.99862,0.99873,1.50,1.65
2013.02.01 08:41:11.664,0.99861,0.99871,2.25,1.50
2013.02.01 08:41:12.342,0.99861,0.99871,2.25,2.10
2013.02.01 08:41:17.812,0.9986,0.99871,3.23,3.60
2013.02.01 08:41:21.891,0.9986,0.99871,2.48,3.60
2013.02.01 08:41:22.432,0.9986,0.99871,3.23,3.60
2013.02.01 08:41:23.931,0.9986,0.99871,2.48,4.35
2013.02.01 08:41:24.052,0.99859,0.99868,3.23,2.10
2013.02.01 08:41:24.365,0.99856,0.99867,2.25,3.00
2013.02.01 08:41:24.432,0.99855,0.99866,2.48,2.85
2013.02.01 08:41:24.734,0.99851,0.9986,2.25,1.35
2013.02.01 08:41:24.805,0.99851,0.9986,1.50,1.58
2013.02.01 08:41:25.321,0.99849,0.99859,1.50,1.73
2013.02.01 08:41:26.576,0.99858,0.99867,1.50,3.60
2013.02.01 08:41:26.883,0.99858,0.99865,2.25,1.73
2013.02.01 08:41:27.183,0.99859,0.99866,1.50,1.50
2013.02.01 08:41:27.243,0.99859,0.99868,1.50,3.75
2013.02.01 08:41:28.223,0.99858,0.99868,1.50,3.60
2013.02.01 08:41:28.736,0.99858,0.99868,1.50,2.25
2013.02.01 08:41:33.633,0.99858,0.99868,1.73,1.50
2013.02.01 08:41:33.814,0.9986,0.9987,2.48,1.50
2013.02.01 08:41:34.172,0.9986,0.99871,2.48,1.50
2013.02.01 08:41:35.012,0.9986,0.99872,2.48,3.00
2013.02.01 08:41:37.192,0.99861,0.99872,1.50,3.00
2013.02.01 08:41:39.201,0.99862,0.99872,1.50,3.00
2013.02.01 08:41:41.185,0.99862,0.99872,1.50,3.75
2013.02.01 08:41:41.681,0.99862,0.99872,1.50,1.50
2013.02.01 08:41:41.923,0.99862,0.99873,1.50,2.25
2013.02.01 08:41:42.303,0.99864,0.99873,1.50,3.75
2013.02.01 08:41:43.502,0.99864,0.99873,2.25,2.40
2013.02.01 08:41:43.742,0.99862,0.99873,2.25,2.40
2013.02.01 08:41:45.109,0.99862,0.99873,2.25,1.65
2013.02.01 08:41:45.303,0.99864,0.99874,1.50,2.63
2013.02.01 08:41:45.834,0.99864,0.99875,1.73,2.25
2013.02.01 08:41:54.911,0.99862,0.99873,1.73,1.50
2013.02.01 08:41:54.972,0.99862,0.99873,1.50,3.00
2013.02.01 08:41:55.666,0.99862,0.99873,1.50,4.50
2013.02.01 08:41:56.601,0.99861,0.99873,3.00,6.00
2013.02.01 08:41:57.652,0.99863,0.99873,1.50,4.50
2013.02.01 08:41:57.712,0.99863,0.99873,4.73,3.75
2013.02.01 08:41:57.832,0.99866,0.99876,2.25,2.25
2013.02.01 08:41:58.372,0.99866,0.99876,2.25,2.25
2013.02.01 08:41:58.862,0.99866,0.99872,1.50,1.50
2013.02.01 08:41:58.982,0.99863,0.99872,3.00,1.50
2013.02.01 08:42:00.041,0.99862,0.99872,1.50,2.25
2013.02.01 08:42:01.257,0.99861,0.99872,3.00,3.00
2013.02.01 08:42:01.382,0.99861,0.99867,2.25,3.60
2013.02.01 08:42:01.443,0.99858,0.99867,1.50,8.25
2013.02.01 08:42:01.562,0.99856,0.99867,1.50,6.53
2013.02.01 08:42:01.621,0.99856,0.99866,1.50,1.50
2013.02.01 08:42:01.922,0.99857,0.99867,1.73,1.35
2013.02.01 08:42:02.361,0.99861,0.99869,2.25,1.73
2013.02.01 08:42:02.671,0.99862,0.99871,1.50,1.50
2013.02.01 08:42:03.932,0.99862,0.99873,1.50,4.50
2013.02.01 08:42:53.071,0.99862,0.99873,1.73,1.50
2013.02.01 08:42:53.373,0.99862,0.9987,1.73,1.50
2013.02.01 08:42:53.434,0.99863,0.99872,1.73,1.50
2013.02.01 08:42:56.102,0.9986,0.9987,6.00,1.50
2013.02.01 08:42:56.283,0.99858,0.99868,2.48,1.50
2013.02.01 08:42:56.584,0.99857,0.99868,2.25,2.25
2013.02.01 08:42:58.532,0.99857,0.99868,2.25,1.50
2013.02.01 08:42:58.652,0.99855,0.99864,1.50,1.50
2013.02.01 08:42:58.892,0.99853,0.99863,1.73,2.25
2013.02.01 08:42:58.952,0.99851,0.99863,3.75,2.25
2013.02.01 08:43:01.835,0.99851,0.99862,1.50,3.75
2013.02.01 08:43:01.964,0.9985,0.99862,3.00,3.75
2013.02.01 08:43:02.334,0.9985,0.99854,2.25,1.50
2013.02.01 08:43:02.583,0.99846,0.99854,1.50,1.50
2013.02.01 08:43:02.644,0.99846,0.99855,1.50,1.50
2013.02.01 08:43:02.714,0.99847,0.99857,2.25,1.50
2013.02.01 08:43:03.193,0.99848,0.99859,1.50,1.50
2013.02.01 08:43:03.253,0.99848,0.99859,1.50,1.50
2013.02.01 08:43:04.013,0.99848,0.9986,1.50,2.48
2013.02.01 08:43:07.432,0.99847,0.99859,3.98,1.50
2013.02.01 08:43:12.812,0.99846,0.99858,1.73,1.50
2013.02.01 08:43:12.933,0.99845,0.99855,7.73,1.50
2013.02.01 08:43:13.292,0.99844,0.99853,1.73,2.25
2013.02.01 08:43:13.473,0.99841,0.99852,1.65,1.50
2013.02.01 08:43:14.093,0.99841,0.99853,1.50,3.75
2013.02.01 08:43:14.602,0.99842,0.99853,2.40,2.25
2013.02.01 08:43:14.833,0.99847,0.99853,1.50,2.25
2013.02.01 08:43:15.012,0.99845,0.99853,3.00,1.50
2013.02.01 08:43:15.765,0.99847,0.99854,1.50,1.50
2013.02.01 08:43:21.522,0.99845,0.99854,1.50,1.50
2013.02.01 08:43:22.553,0.99847,0.99855,1.50,5.48
2013.02.01 08:43:22.613,0.99845,0.99854,1.50,1.50
2013.02.01 08:43:23.279,0.99843,0.99854,3.08,1.50
2013.02.01 08:43:24.415,0.99843,0.99852,2.40,1.50
2013.02.01 08:43:28.441,0.99845,0.99854,2.25,1.50
2013.02.01 08:43:31.372,0.99843,0.99854,1.50,2.40
2013.02.01 08:43:31.732,0.99846,0.99854,1.50,2.25
2013.02.01 08:43:32.271,0.99844,0.99854,2.48,2.25
2013.02.01 08:43:32.805,0.99844,0.99854,2.48,2.25
2013.02.01 08:43:33.162,0.99848,0.99854,1.50,1.50
2013.02.01 08:43:37.021,0.99845,0.99854,1.50,2.25
2013.02.01 08:43:37.571,0.99848,0.99854,1.50,1.50
2013.02.01 08:43:38.561,0.99843,0.99851,1.50,2.25
2013.02.01 08:43:39.132,0.99843,0.99851,1.50,2.25
2013.02.01 08:43:44.161,0.99843,0.99853,1.50,3.15
2013.02.01 08:43:54.303,0.99843,0.99853,5.33,3.00
2013.02.01 08:43:54.482,0.99845,0.99853,1.50,1.50
2013.02.01 08:43:55.264,0.99843,0.99854,3.75,3.15
2013.02.01 08:43:55.347,0.99845,0.99854,1.50,1.50
2013.02.01 08:43:55.663,0.99847,0.99854,1.73,1.50
2013.02.01 08:43:55.852,0.99846,0.99854,1.65,2.25
2013.02.01 08:43:55.912,0.99844,0.99856,2.63,2.25
2013.02.01 08:43:55.972,0.99845,0.99856,1.50,1.50
2013.02.01 08:43:56.031,0.99845,0.99856,1.50,1.50
2013.02.01 08:43:56.092,0.99846,0.99858,3.00,4.28
2013.02.01 08:43:56.224,0.99845,0.99856,1.50,1.50
2013.02.01 08:43:56.292,0.99845,0.99856,1.50,1.50
2013.02.01 08:43:56.352,0.99845,0.99854,1.50,1.65
2013.02.01 08:43:56.473,0.99844,0.99854,2.25,2.63
2013.02.01 08:43:57.011,0.99842,0.99853,1.50,3.00
2013.02.01 08:44:01.424,0.99846,0.99853,1.50,2.25
2013.02.01 08:44:01.972,0.99848,0.99853,1.50,1.50
2013.02.01 08:44:02.095,0.99846,0.99853,1.50,2.25
2013.02.01 08:44:02.165,0.99843,0.99853,1.50,2.25
2013.02.01 08:44:02.708,0.99843,0.99853,1.50,3.00
2013.02.01 08:44:06.103,0.99843,0.99853,1.50,3.00
2013.02.01 08:44:06.621,0.99842,0.99851,1.50,2.85
2013.02.01 08:44:06.801,0.9984,0.99851,2.25,4.35
2013.02.01 08:44:08.211,0.99839,0.99851,1.73,3.00
2013.02.01 08:44:12.252,0.9984,0.99851,2.25,2.25
2013.02.01 08:44:13.452,0.9984,0.99851,2.25,1.50
2013.02.01 08:44:16.682,0.9984,0.99852,2.25,1.50
2013.02.01 08:44:19.364,0.99843,0.99852,2.10,1.50
2013.02.01 08:44:19.602,0.99848,0.99857,2.25,1.13
2013.02.01 08:44:19.725,0.99848,0.9986,3.00,5.48
2013.02.01 08:44:19.793,0.99848,0.9986,3.23,4.50
2013.02.01 08:44:20.347,0.99848,0.99859,3.23,1.50
2013.02.01 08:44:20.893,0.99848,0.99859,3.23,1.50
2013.02.01 08:44:23.552,0.99848,0.9986,3.23,3.00
2013.02.01 08:44:25.562,0.99849,0.9986,2.48,3.00
2013.02.01 08:44:25.934,0.99849,0.9986,2.48,3.00
2013.02.01 08:44:26.461,0.99848,0.9986,3.23,3.00
2013.02.01 08:44:32.342,0.99848,0.99859,3.23,2.25
2013.02.01 08:44:32.872,0.99848,0.99858,3.00,2.25
2013.02.01 08:44:38.182,0.99848,0.9986,2.48,2.25
2013.02.01 08:44:38.815,0.99849,0.9986,1.73,2.25
2013.02.01 08:44:45.692,0.99848,0.9986,1.73,3.75
2013.02.01 08:44:45.954,0.99848,0.9986,1.73,3.75
2013.02.01 08:44:48.361,0.99848,0.9986,1.73,5.85
2013.02.01 08:44:48.422,0.99847,0.99858,2.25,1.50
2013.02.01 08:44:48.482,0.99846,0.99858,3.00,3.75
2013.02.01 08:44:48.842,0.99844,0.99854,1.05,3.00
2013.02.01 08:44:50.232,0.99846,0.99854,2.40,3.60
2013.02.01 08:44:56.862,0.99847,0.99854,1.50,3.00
2013.02.01 08:44:57.043,0.99844,0.99855,1.73,1.50
2013.02.01 08:44:57.222,0.99844,0.99852,1.50,2.25
2013.02.01 08:44:57.282,0.99841,0.99852,2.25,2.25
2013.02.01 08:44:57.828,0.99841,0.99851,2.25,1.50
2013.02.01 08:44:58.422,0.99839,0.9985,1.73,3.00
2013.02.01 08:45:03.162,0.9984,0.99853,1.05,6.00
2013.02.01 08:45:12.882,0.99842,0.99853,2.70,3.75
2013.02.01 08:45:12.944,0.99843,0.99853,1.88,3.75
2013.02.01 08:45:13.482,0.99843,0.99853,1.50,1.65
2013.02.01 08:45:15.146,0.99841,0.99853,3.00,3.75
2013.02.01 08:45:15.802,0.99841,0.99853,3.30,3.75
2013.02.01 08:45:16.342,0.99843,0.99855,2.25,1.73
2013.02.01 08:45:16.717,0.99841,0.99853,2.33,2.10
2013.02.01 08:45:17.265,0.99841,0.99853,1.58,2.85
2013.02.01 08:45:17.452,0.9984,0.9985,1.80,1.50
2013.02.01 08:45:18.070,0.99841,0.9985,1.58,1.50
2013.02.01 08:45:18.612,0.9984,0.9985,1.05,2.25
2013.02.01 08:45:19.197,0.99839,0.9985,1.05,2.25
2013.02.01 08:45:20.281,0.99838,0.9985,3.98,2.25
2013.02.01 08:45:20.613,0.9984,0.9985,1.73,2.25
2013.02.01 08:45:21.144,0.99839,0.9985,1.73,2.25
2013.02.01 08:45:22.182,0.9984,0.9985,1.73,2.25
2013.02.01 08:45:22.767,0.99839,0.9985,1.73,2.25
2013.02.01 08:45:23.202,0.9984,0.9985,1.88,2.25
2013.02.01 08:45:27.093,0.9984,0.9985,1.88,2.25
2013.02.01 08:45:36.393,0.9984,0.9985,1.13,2.25
2013.02.01 08:45:41.473,0.9984,0.99851,3.38,1.50
2013.02.01 08:45:42.534,0.99842,0.99852,1.50,2.25
2013.02.01 08:45:43.043,0.99841,0.99853,3.08,5.10
2013.02.01 08:45:49.016,0.99841,0.99851,1.50,2.25
2013.02.01 08:45:49.086,0.9984,0.99847,1.73,2.85
2013.02.01 08:45:49.156,0.99839,0.99844,2.48,1.50
2013.02.01 08:45:49.286,0.99834,0.99844,2.25,2.40
2013.02.01 08:45:49.353,0.99834,0.99844,1.73,1.65
2013.02.01 08:45:49.591,0.99831,0.99844,3.00,2.25
2013.02.01 08:45:50.014,0.99832,0.99845,1.13,3.00
2013.02.01 08:45:50.322,0.99834,0.99844,1.50,3.23
2013.02.01 08:45:54.624,0.99831,0.99843,2.25,1.65
2013.02.01 08:45:57.212,0.99837,0.99843,1.50,2.25
2013.02.01 08:45:57.455,0.99836,0.99846,3.00,2.25
2013.02.01 08:45:57.574,0.99839,0.99848,1.50,2.25
2013.02.01 08:45:59.943,0.99836,0.99848,4.50,2.25
2013.02.01 08:46:00.454,0.99836,0.99848,2.25,2.25
2013.02.01 08:46:13.542,0.99837,0.99848,2.25,1.50
2013.02.01 08:46:13.782,0.99838,0.99847,2.48,1.50
2013.02.01 08:46:21.092,0.99838,0.99846,2.48,1.50
2013.02.01 08:46:21.212,0.99833,0.99844,5.25,5.25
2013.02.01 08:46:21.474,0.99833,0.99843,2.25,1.50
2013.02.01 08:46:21.988,0.99831,0.99843,1.50,4.50
2013.02.01 08:46:22.522,0.99831,0.99843,1.50,5.25
2013.02.01 08:46:22.642,0.99831,0.99843,1.50,5.63
2013.02.01 08:46:25.995,0.9983,0.99842,1.73,1.50
2013.02.01 08:46:26.623,0.99829,0.99842,3.23,2.25
2013.02.01 08:46:27.495,0.9983,0.99842,1.73,1.50
2013.02.01 08:46:29.492,0.99829,0.99842,3.23,2.25
2013.02.01 08:46:30.380,0.9983,0.99842,1.73,1.50
2013.02.01 08:46:32.863,0.9983,0.99843,3.23,5.25
2013.02.01 08:46:33.490,0.9983,0.99842,3.23,1.50
2013.02.01 08:46:43.312,0.9983,0.99842,1.73,3.15
2013.02.01 08:46:43.672,0.9983,0.99839,1.73,1.50
2013.02.01 08:46:45.482,0.99829,0.99842,2.63,3.15
2013.02.01 08:46:46.592,0.9983,0.99842,1.73,2.40
2013.02.01 08:46:47.814,0.99829,0.99842,2.63,2.40
2013.02.01 08:46:48.975,0.99829,0.99841,1.88,1.65
2013.02.01 08:46:49.503,0.99829,0.99839,1.88,1.50
2013.02.01 08:46:51.467,0.99829,0.99842,2.63,2.40
2013.02.01 08:46:51.716,0.99829,0.99839,1.13,1.50
2013.02.01 08:46:52.024,0.99825,0.99834,1.13,2.25
2013.02.01 08:46:52.084,0.99822,0.99834,4.73,3.75
2013.02.01 08:46:52.153,0.99822,0.99833,1.73,1.50
2013.02.01 08:46:52.333,0.99822,0.99831,1.50,1.13
2013.02.01 08:46:52.452,0.9982,0.99831,2.25,1.13
2013.02.01 08:46:52.753,0.99822,0.99833,1.50,1.65
2013.02.01 08:46:52.873,0.99823,0.99833,1.28,1.13
2013.02.01 08:46:52.992,0.99822,0.99834,3.15,3.75
2013.02.01 08:46:53.755,0.99822,0.99834,3.15,2.25
2013.02.01 08:46:55.221,0.99823,0.99834,1.50,2.25
2013.02.01 08:46:55.294,0.99823,0.99835,2.63,4.88
2013.02.01 08:46:55.928,0.99824,0.99835,1.50,5.63
2013.02.01 08:46:56.353,0.99822,0.99834,2.48,3.75
2013.02.01 08:47:00.335,0.99827,0.99834,1.50,6.00
2013.02.01 08:47:00.403,0.99824,0.99834,1.50,5.25
2013.02.01 08:47:00.923,0.99823,0.99834,4.80,5.25
2013.02.01 08:47:01.732,0.99823,0.99833,4.80,1.50
2013.02.01 08:47:02.044,0.99827,0.99833,1.50,1.50
2013.02.01 08:47:02.283,0.99822,0.99833,3.00,1.65
2013.02.01 08:47:02.832,0.99821,0.99833,1.50,1.65
2013.02.01 08:47:08.973,0.9982,0.99832,2.25,3.15
2013.02.01 08:47:11.263,0.9982,0.99832,3.75,3.90
2013.02.01 08:47:11.967,0.99821,0.99833,1.05,3.00
2013.02.01 08:47:12.514,0.99822,0.99832,2.25,1.65
2013.02.01 08:47:14.172,0.99822,0.99833,2.25,3.38
2013.02.01 08:47:14.293,0.99826,0.99833,1.50,3.00
2013.02.01 08:47:14.852,0.99826,0.99833,1.50,2.25
2013.02.01 08:47:23.102,0.99824,0.99833,2.25,1.50
2013.02.01 08:47:23.583,0.99821,0.99834,1.65,4.88
2013.02.01 08:47:24.107,0.99821,0.99833,1.65,2.03
2013.02.01 08:47:25.052,0.99821,0.99833,2.03,1.88
2013.02.01 08:47:25.614,0.99824,0.99834,1.13,1.50
2013.02.01 08:47:26.482,0.99824,0.99835,2.10,2.25
2013.02.01 08:47:26.842,0.99827,0.99837,1.50,1.65
2013.02.01 08:47:27.423,0.99825,0.99837,1.50,1.65
2013.02.01 08:47:29.993,0.99826,0.99838,3.00,2.25
2013.02.01 08:47:31.334,0.99828,0.99838,1.50,1.50
2013.02.01 08:47:31.874,0.99828,0.99838,2.25,1.50
2013.02.01 08:47:32.314,0.99828,0.99841,2.63,2.78
2013.02.01 08:47:33.312,0.99829,0.99842,2.63,1.65
2013.02.01 08:47:33.372,0.99831,0.99842,1.50,1.65
2013.02.01 08:47:50.647,0.99829,0.9984,1.13,1.50
2013.02.01 08:47:51.417,0.99829,0.9984,1.13,1.50
2013.02.01 08:47:55.302,0.9983,0.9984,1.50,1.50
2013.02.01 08:47:56.053,0.99829,0.9984,2.48,1.50
2013.02.01 08:47:56.669,0.99829,0.9984,1.73,3.00
2013.02.01 08:47:57.247,0.99829,0.9984,1.73,2.25
2013.02.01 08:48:03.972,0.99832,0.99841,1.50,1.28
2013.02.01 08:48:05.473,0.99832,0.99842,1.50,2.78
2013.02.01 08:48:05.982,0.99829,0.99842,2.48,2.78
2013.02.01 08:48:06.820,0.99829,0.99842,2.48,2.78
2013.02.01 08:48:12.702,0.99829,0.99841,2.48,1.28
2013.02.01 08:48:13.212,0.99829,0.99841,2.48,1.28
2013.02.01 08:48:14.472,0.99829,0.99842,2.48,3.53
2013.02.01 08:48:17.697,0.99829,0.99842,2.48,3.00
2013.02.01 08:48:22.222,0.99829,0.99841,2.48,1.28
2013.02.01 08:48:25.401,0.99829,0.99841,2.48,1.28
2013.02.01 08:48:26.121,0.99829,0.99841,2.48,1.28
2013.02.01 08:48:26.644,0.99829,0.99841,1.73,1.28
2013.02.01 08:48:27.552,0.99829,0.99841,2.48,1.28
2013.02.01 08:48:28.692,0.99829,0.99841,2.48,1.28
2013.02.01 08:48:29.988,0.99829,0.99842,2.48,3.45
2013.02.01 08:48:36.313,0.99829,0.99841,2.48,1.28
2013.02.01 08:48:36.894,0.99829,0.9984,2.48,1.28
2013.02.01 08:48:37.012,0.99829,0.9984,1.73,2.25
2013.02.01 08:48:43.273,0.99829,0.9984,1.73,3.00
2013.02.01 08:48:45.123,0.99828,0.99834,1.13,1.50
2013.02.01 08:48:45.244,0.99826,0.99834,1.50,2.63
2013.02.01 08:48:45.783,0.99823,0.99833,3.23,1.65
2013.02.01 08:48:46.502,0.99823,0.99833,2.48,1.65
2013.02.01 08:48:47.972,0.99821,0.99832,1.50,2.25
2013.02.01 08:48:48.582,0.99821,0.99833,1.50,1.65
2013.02.01 08:48:49.122,0.99824,0.99833,1.50,1.73
2013.02.01 08:49:06.484,0.99824,0.99834,1.50,6.15
2013.02.01 08:49:06.612,0.99826,0.99834,2.25,5.25
2013.02.01 08:49:06.794,0.99827,0.99838,2.63,1.50
2013.02.01 08:49:06.974,0.99829,0.99841,1.88,3.15
2013.02.01 08:49:22.632,0.99828,0.99835,2.63,1.50
2013.02.01 08:49:22.812,0.99827,0.99834,1.13,1.88
2013.02.01 08:49:22.873,0.99824,0.99834,1.73,1.65
2013.02.01 08:49:22.933,0.99824,0.99836,1.88,2.63
2013.02.01 08:49:22.993,0.99824,0.99836,2.63,2.03
2013.02.01 08:49:23.233,0.99825,0.99834,1.73,4.88
2013.02.01 08:49:23.533,0.99826,0.99838,3.38,6.00
2013.02.01 08:49:23.772,0.99826,0.99838,2.48,4.88
2013.02.01 08:49:24.253,0.99824,0.99837,2.63,1.28
2013.02.01 08:49:24.919,0.99824,0.99837,2.48,2.48
2013.02.01 08:49:27.562,0.99825,0.99837,3.00,1.50
2013.02.01 08:49:27.683,0.99825,0.99838,2.40,2.25
2013.02.01 08:49:29.053,0.99828,0.99838,1.50,1.50
2013.02.01 08:49:30.172,0.99828,0.99838,1.50,1.88
2013.02.01 08:49:30.292,0.99826,0.99838,3.75,3.00
2013.02.01 08:49:30.833,0.99828,0.99838,1.50,3.00
2013.02.01 08:49:31.365,0.99827,0.99838,1.50,3.75
2013.02.01 08:49:34.052,0.99827,0.99838,3.00,1.50
2013.02.01 08:49:35.931,0.99827,0.99838,3.38,1.50
2013.02.01 08:49:36.243,0.99828,0.99841,1.13,3.90
2013.02.01 08:49:39.482,0.99831,0.99843,1.50,4.50
2013.02.01 08:49:39.602,0.99831,0.99843,1.50,4.50
2013.02.01 08:49:50.074,0.99831,0.99842,2.25,1.50
2013.02.01 08:50:04.532,0.99831,0.99844,1.50,6.60
2013.02.01 08:50:05.182,0.99831,0.99844,1.50,7.35
2013.02.01 08:50:09.874,0.9983,0.99841,2.63,1.50
2013.02.01 08:50:10.217,0.99827,0.9984,2.85,4.50
2013.02.01 08:50:11.132,0.99827,0.9984,2.85,4.50
2013.02.01 08:50:11.692,0.99828,0.9984,2.10,3.75
2013.02.01 08:50:13.053,0.99829,0.9984,1.13,6.00
2013.02.01 08:50:13.294,0.99828,0.99835,1.50,3.75
2013.02.01 08:50:13.533,0.99823,0.99834,1.73,1.65
2013.02.01 08:50:14.092,0.99821,0.99832,2.48,1.50
2013.02.01 08:50:14.633,0.99821,0.99834,2.25,3.90
2013.02.01 08:50:23.416,0.99821,0.99832,2.25,2.25
2013.02.01 08:50:24.210,0.99821,0.99832,2.25,2.25
2013.02.01 08:50:32.106,0.99821,0.99832,2.25,1.50
2013.02.01 08:50:33.903,0.99821,0.99833,2.25,3.90
2013.02.01 08:50:34.176,0.99821,0.99833,3.00,3.90
2013.02.01 08:50:34.786,0.99821,0.99833,3.00,4.65
2013.02.01 08:50:38.352,0.99821,0.99833,3.00,4.65
2013.02.01 08:50:50.932,0.9982,0.99832,3.15,3.90
2013.02.01 08:51:00.063,0.9982,0.9983,1.50,2.33
2013.02.01 08:51:00.186,0.99816,0.99828,3.00,1.35
2013.02.01 08:51:00.254,0.99815,0.99825,3.00,1.65
2013.02.01 08:51:00.373,0.99814,0.99824,1.73,1.88
2013.02.01 08:51:00.794,0.99812,0.99822,1.50,1.65
2013.02.01 08:51:01.473,0.99812,0.99823,1.50,1.65
2013.02.01 08:51:02.072,0.99811,0.99823,2.25,3.15
2013.02.01 08:51:02.492,0.99812,0.99824,2.25,2.63
2013.02.01 08:51:03.924,0.99814,0.99825,1.73,5.25
2013.02.01 08:51:04.163,0.99814,0.99824,3.23,2.63
2013.02.01 08:51:04.342,0.99812,0.99824,1.50,2.63
2013.02.01 08:51:09.423,0.99812,0.99824,3.38,2.25
2013.02.01 08:51:09.484,0.99813,0.99825,1.65,3.23
2013.02.01 08:51:11.456,0.99814,0.99826,3.38,1.65
2013.02.01 08:51:12.115,0.99814,0.99826,2.63,2.40
2013.02.01 08:51:12.683,0.99814,0.99824,3.38,1.50
2013.02.01 08:51:12.742,0.99814,0.99824,3.23,1.88
2013.02.01 08:51:14.368,0.99814,0.99824,1.50,4.35
2013.02.01 08:51:14.553,0.99814,0.99824,1.88,1.50
2013.02.01 08:51:14.674,0.99814,0.99826,3.38,3.15
2013.02.01 08:51:14.854,0.99816,0.99826,1.88,3.00
2013.02.01 08:51:15.413,0.99818,0.99829,1.13,3.00
2013.02.01 08:51:15.932,0.99818,0.99827,1.13,2.25
2013.02.01 08:51:16.354,0.99817,0.99828,3.38,1.50
2013.02.01 08:51:16.858,0.99818,0.99829,1.13,3.00
2013.02.01 08:51:17.310,0.9982,0.99832,3.00,4.65
2013.02.01 08:51:17.855,0.9982,0.99832,3.00,3.90
2013.02.01 08:51:19.174,0.9982,0.99832,4.50,3.15
2013.02.01 08:51:24.034,0.9982,0.99833,5.25,2.40
2013.02.01 08:51:27.563,0.9982,0.99833,3.75,2.40
2013.02.01 08:51:40.488,0.99822,0.99833,1.50,2.40
2013.02.01 08:51:41.424,0.99822,0.99832,1.50,1.65
2013.02.01 08:51:42.465,0.99822,0.99833,1.50,2.40
2013.02.01 08:51:45.163,0.99822,0.99832,1.50,1.50
2013.02.01 08:51:46.683,0.99822,0.99832,1.50,1.50
2013.02.01 08:51:47.224,0.99822,0.99832,1.50,1.50
2013.02.01 08:51:48.642,0.99822,0.99832,1.50,1.50
2013.02.01 08:51:50.915,0.99822,0.99832,1.50,1.50
2013.02.01 08:51:52.413,0.99823,0.99831,1.50,1.35
2013.02.01 08:51:53.313,0.99821,0.99831,1.50,1.35
2013.02.01 08:51:54.543,0.99821,0.99832,2.25,1.35
2013.02.01 08:52:01.154,0.99821,0.99833,2.25,2.40
2013.02.01 08:52:06.234,0.99821,0.99831,1.50,2.33
2013.02.01 08:52:06.294,0.9982,0.99831,1.50,1.50
2013.02.01 08:52:06.595,0.99818,0.99829,2.48,3.00
2013.02.01 08:52:06.914,0.99817,0.99827,3.38,2.25
2013.02.01 08:52:07.964,0.99817,0.99826,1.73,1.50
2013.02.01 08:52:08.024,0.99816,0.99826,1.50,1.50
2013.02.01 08:52:08.204,0.99817,0.99826,1.88,2.25
2013.02.01 08:52:08.443,0.99816,0.99826,3.00,1.50
2013.02.01 08:52:08.804,0.99814,0.99823,1.73,1.50
2013.02.01 08:52:12.315,0.99816,0.99825,1.50,1.50
2013.02.01 08:52:13.863,0.99816,0.99826,2.25,3.00
2013.02.01 08:52:14.403,0.99814,0.99827,2.48,1.50
2013.02.01 08:52:23.315,0.99816,0.99827,3.00,1.50
2013.02.01 08:52:23.733,0.99817,0.99828,2.63,2.25
2013.02.01 08:52:25.153,0.99817,0.99827,1.88,1.50
2013.02.01 08:52:25.863,0.99817,0.99827,1.13,3.75
2013.02.01 08:52:26.713,0.99815,0.99827,2.25,3.75
2013.02.01 08:52:31.153,0.99815,0.99827,2.25,4.50
2013.02.01 08:52:34.862,0.99815,0.99825,2.25,2.25
2013.02.01 08:52:35.103,0.99812,0.99824,1.50,3.15
2013.02.01 08:52:35.799,0.99811,0.99824,3.00,3.90
2013.02.01 08:52:37.064,0.99811,0.99823,3.00,2.40
2013.02.01 08:52:40.594,0.99811,0.99823,3.15,1.65
2013.02.01 08:52:41.782,0.99812,0.99823,2.40,2.25
2013.02.01 08:52:44.872,0.99811,0.99824,3.38,2.40
2013.02.01 08:52:46.193,0.99812,0.99824,2.25,2.40
2013.02.01 08:52:47.084,0.99812,0.99824,1.50,2.40
2013.02.01 08:52:51.363,0.99811,0.99824,4.65,2.40
2013.02.01 08:52:52.202,0.99811,0.99824,5.25,3.90
2013.02.01 08:52:55.012,0.99814,0.99824,1.50,3.90
2013.02.01 08:52:55.578,0.99814,0.99824,1.50,2.40
2013.02.01 08:52:57.205,0.99814,0.99824,1.50,2.25
2013.02.01 08:53:01.332,0.99814,0.99824,2.25,2.25
2013.02.01 08:53:01.634,0.99814,0.99824,2.25,2.25
2013.02.01 08:53:02.065,0.99814,0.99824,2.25,2.25
2013.02.01 08:53:02.607,0.99811,0.99823,3.00,1.50
2013.02.01 08:53:08.903,0.99812,0.99824,1.50,3.00
2013.02.01 08:53:17.345,0.99813,0.99825,1.50,8.48
2013.02.01 08:53:17.514,0.99813,0.99825,1.50,8.48
2013.02.01 08:53:18.053,0.99813,0.99825,2.25,9.38
2013.02.01 08:53:18.554,0.99813,0.99824,2.25,2.40
2013.02.01 08:53:19.062,0.99813,0.99824,2.25,1.50
2013.02.01 08:53:21.212,0.99813,0.99824,2.25,1.65
2013.02.01 08:53:32.582,0.99813,0.99824,2.25,1.65
2013.02.01 08:53:33.177,0.99814,0.99824,1.50,1.65
2013.02.01 08:53:37.903,0.99814,0.99824,2.25,1.65
2013.02.01 08:53:39.014,0.99814,0.99824,3.00,1.65
2013.02.01 08:53:43.592,0.99814,0.99826,3.00,3.23
2013.02.01 08:53:43.712,0.99814,0.99826,3.98,2.25
2013.02.01 08:53:44.252,0.99816,0.99826,2.25,1.50
2013.02.01 08:53:45.633,0.99815,0.99826,2.25,1.50
2013.02.01 08:53:50.823,0.99815,0.99826,2.25,2.25
2013.02.01 08:53:51.184,0.99813,0.99823,3.38,1.65
2013.02.01 08:53:53.924,0.99811,0.99821,3.00,1.50
2013.02.01 08:53:54.473,0.9981,0.99821,1.73,2.25
2013.02.01 08:53:55.980,0.99811,0.99822,3.15,2.25
2013.02.01 08:53:56.045,0.99811,0.99822,3.38,2.25
2013.02.01 08:53:56.344,0.99813,0.99823,1.73,3.00
2013.02.01 08:53:56.463,0.99813,0.99825,4.73,3.00
2013.02.01 08:54:00.432,0.99813,0.99825,2.48,2.25
2013.02.01 08:54:04.032,0.99813,0.99824,1.73,2.25
2013.02.01 08:54:04.722,0.99813,0.99824,1.73,2.25
2013.02.01 08:54:21.233,0.99812,0.99826,3.38,4.50
2013.02.01 08:55:01.563,0.9981,0.99824,2.25,2.78
2013.02.01 08:55:01.924,0.99803,0.99814,2.48,2.40
2013.02.01 08:55:02.473,0.99801,0.99813,2.63,2.25
2013.02.01 08:55:04.825,0.99799,0.99808,2.48,1.35
2013.02.01 08:55:05.004,0.99798,0.99804,1.50,1.50
2013.02.01 08:55:05.677,0.99797,0.99808,3.23,2.25
2013.02.01 08:55:06.277,0.99797,0.99809,3.23,2.25
2013.02.01 08:55:10.141,0.99797,0.99807,3.23,1.35
2013.02.01 08:55:10.564,0.99798,0.99809,1.73,3.75
2013.02.01 08:55:10.626,0.99798,0.99809,1.73,3.00
2013.02.01 08:55:10.933,0.99798,0.99809,1.73,6.75
2013.02.01 08:55:11.053,0.99798,0.99809,1.73,3.00
2013.02.01 08:55:21.888,0.99798,0.99809,1.73,4.50
2013.02.01 08:55:22.419,0.998,0.99811,1.73,2.25
2013.02.01 08:55:22.487,0.99799,0.99811,3.23,2.25
2013.02.01 08:55:22.873,0.99799,0.99809,3.23,4.50
2013.02.01 08:55:23.054,0.99795,0.99805,3.00,2.25
2013.02.01 08:55:23.114,0.99796,0.99805,2.25,1.50
2013.02.01 08:55:23.534,0.99797,0.99808,1.73,4.35
2013.02.01 08:55:27.006,0.99795,0.99804,2.48,3.75
2013.02.01 08:55:27.080,0.99792,0.99804,2.48,5.25
2013.02.01 08:55:27.204,0.99792,0.99804,3.23,3.00
2013.02.01 08:55:27.445,0.99794,0.99804,2.48,6.00
2013.02.01 08:55:27.963,0.99791,0.998,1.73,1.50
2013.02.01 08:55:29.583,0.9979,0.99797,2.25,2.25
2013.02.01 08:55:29.644,0.9979,0.99796,2.25,3.00
2013.02.01 08:55:29.704,0.99787,0.99794,1.50,1.50
2013.02.01 08:55:29.764,0.99784,0.99794,3.75,1.65
2013.02.01 08:55:29.824,0.99784,0.99794,3.00,1.50
2013.02.01 08:55:30.003,0.99782,0.99792,1.50,1.50
2013.02.01 08:55:30.243,0.9978,0.99789,2.25,1.50
2013.02.01 08:55:30.304,0.99778,0.99789,2.25,1.50
2013.02.01 08:55:35.343,0.99778,0.99789,3.00,1.73
2013.02.01 08:55:42.079,0.99779,0.99789,2.25,1.73
2013.02.01 08:55:42.524,0.99779,0.99789,3.00,1.73
2013.02.01 08:55:45.665,0.99779,0.99788,3.00,1.50
2013.02.01 08:55:48.663,0.99781,0.99788,1.50,1.50
2013.02.01 08:55:50.734,0.99781,0.99788,1.50,3.00
2013.02.01 08:55:50.793,0.99777,0.99788,1.50,3.00
2013.02.01 08:55:51.094,0.99776,0.99786,2.25,1.65
2013.02.01 08:55:51.154,0.99776,0.99786,3.00,1.65
2013.02.01 08:55:51.284,0.99772,0.99784,2.25,1.65
2013.02.01 08:55:51.344,0.99772,0.99784,2.25,1.65
2013.02.01 08:55:51.585,0.99777,0.99789,2.25,6.15
2013.02.01 08:55:52.133,0.99779,0.99789,2.25,2.25
2013.02.01 08:55:52.313,0.9978,0.99792,1.50,4.13
2013.02.01 08:55:52.843,0.99781,0.99792,1.50,2.63
2013.02.01 08:55:53.693,0.99782,0.99792,1.50,1.50
2013.02.01 08:55:53.753,0.99784,0.99792,1.50,1.50
2013.02.01 08:55:55.873,0.99782,0.99793,3.00,2.25
2013.02.01 08:56:05.795,0.99782,0.99792,1.50,3.00
2013.02.01 08:56:06.504,0.99781,0.99792,2.25,3.00
2013.02.01 08:56:07.155,0.99781,0.99792,2.25,3.00
2013.02.01 08:56:10.732,0.99781,0.99792,1.50,3.75
2013.02.01 08:56:11.214,0.99782,0.99791,2.25,1.50
2013.02.01 08:56:11.332,0.99782,0.99793,2.25,3.00
2013.02.01 08:56:11.872,0.99782,0.99793,2.25,1.50
2013.02.01 08:56:12.466,0.99782,0.99793,1.50,2.25
2013.02.01 08:56:13.685,0.99782,0.99793,1.50,3.00
2013.02.01 08:56:14.785,0.99782,0.99793,1.50,2.25
2013.02.01 08:56:18.123,0.99782,0.99793,1.50,2.25
2013.02.01 08:56:20.393,0.99782,0.99793,1.50,3.75
2013.02.01 08:56:21.834,0.99782,0.99793,2.25,3.75
2013.02.01 08:56:22.014,0.99783,0.99794,1.50,3.75
2013.02.01 08:56:25.518,0.99784,0.99795,1.73,1.50
2013.02.01 08:56:26.024,0.99784,0.99795,1.73,1.50
2013.02.01 08:56:27.441,0.99783,0.99795,1.73,1.50
2013.02.01 08:56:27.953,0.99783,0.99795,1.73,1.50
2013.02.01 08:56:28.573,0.99783,0.99795,1.73,1.50
2013.02.01 08:56:29.473,0.99783,0.99795,1.73,1.50
2013.02.01 08:56:32.823,0.99783,0.99795,1.73,1.50
2013.02.01 08:56:35.134,0.99786,0.99795,1.65,1.50
2013.02.01 08:56:35.315,0.99787,0.99799,4.73,4.50
2013.02.01 08:56:35.434,0.99787,0.99799,5.25,2.25
2013.02.01 08:56:35.553,0.99787,0.99799,4.05,3.00
2013.02.01 08:56:35.795,0.99789,0.99801,2.48,2.25
2013.02.01 08:56:35.913,0.99791,0.99801,2.40,1.50
2013.02.01 08:56:36.214,0.99791,0.99801,2.63,1.50
2013.02.01 08:56:36.514,0.99789,0.99801,5.48,1.50
2013.02.01 08:56:36.574,0.99789,0.99799,3.23,1.50
2013.02.01 08:56:37.576,0.99791,0.99803,1.50,4.50
2013.02.01 08:56:38.664,0.99791,0.99803,2.25,4.50
2013.02.01 08:56:38.723,0.99792,0.99803,1.13,4.50
2013.02.01 08:56:38.843,0.99793,0.99805,1.73,3.00
2013.02.01 08:56:46.142,0.99792,0.99804,1.88,2.25
2013.02.01 08:57:00.354,0.99792,0.99804,3.23,1.50
2013.02.01 08:57:00.937,0.99792,0.99804,3.23,2.25
2013.02.01 08:57:03.623,0.99792,0.99804,3.98,2.25
2013.02.01 08:57:13.333,0.99792,0.99804,2.63,3.75
2013.02.01 08:57:13.960,0.99791,0.99803,5.48,3.00
2013.02.01 08:57:14.037,0.9979,0.99802,1.50,1.50
2013.02.01 08:57:19.895,0.99789,0.99798,2.48,2.25
2013.02.01 08:57:20.139,0.99787,0.99796,1.50,1.65
2013.02.01 08:57:20.225,0.99787,0.99795,1.50,3.75
2013.02.01 08:57:20.304,0.99783,0.99795,2.48,4.50
2013.02.01 08:57:25.475,0.99782,0.99793,1.73,3.00
2013.02.01 08:57:26.088,0.99782,0.99793,1.73,1.50
2013.02.01 08:57:26.275,0.99782,0.99793,1.73,3.00
2013.02.01 08:57:31.203,0.99782,0.99794,3.23,3.75
2013.02.01 08:57:39.663,0.99784,0.99793,1.73,2.40
2013.02.01 08:57:39.724,0.99782,0.99792,1.50,2.25
2013.02.01 08:57:40.195,0.9978,0.99787,1.50,3.15
2013.02.01 08:57:40.495,0.99766,0.99777,1.73,1.50
2013.02.01 08:57:40.674,0.99765,0.99772,1.50,1.50
2013.02.01 08:57:40.735,0.99765,0.99772,1.73,1.50
2013.02.01 08:57:40.795,0.99765,0.99773,1.73,1.50
2013.02.01 08:57:41.225,0.99761,0.9977,1.73,1.50
2013.02.01 08:57:42.066,0.9976,0.9977,1.73,3.00
2013.02.01 08:57:42.605,0.9976,0.9977,1.73,3.00
2013.02.01 08:57:42.889,0.99755,0.99764,4.65,1.50
2013.02.01 08:57:43.075,0.99755,0.99761,1.73,1.65
2013.02.01 08:57:43.134,0.99754,0.9976,1.50,1.80
2013.02.01 08:57:43.846,0.99748,0.99757,2.25,3.61
2013.02.01 08:57:44.457,0.99747,0.9976,1.50,4.95
2013.02.01 08:57:45.213,0.99747,0.99759,1.50,1.28
2013.02.01 08:57:45.523,0.99747,0.99759,1.50,2.93
2013.02.01 08:57:45.665,0.99744,0.99758,1.99,1.05
2013.02.01 08:57:46.303,0.99741,0.99752,1.50,1.50
2013.02.01 08:57:46.787,0.99743,0.99754,1.50,1.50
2013.02.01 08:57:47.094,0.99745,0.99755,1.11,2.25
2013.02.01 08:57:47.513,0.99744,0.99759,1.23,1.88
2013.02.01 08:57:48.018,0.99744,0.99755,1.01,1.50
2013.02.01 08:57:48.144,0.99741,0.99754,1.50,2.25
2013.02.01 08:57:48.504,0.99745,0.99755,1.11,2.63
2013.02.01 08:57:49.053,0.99745,0.99755,1.11,1.50
2013.02.01 08:57:50.218,0.99745,0.99755,1.11,1.50
2013.02.01 08:57:50.286,0.99741,0.99757,3.60,3.75
2013.02.01 08:57:51.951,0.99746,0.99757,1.73,1.50
2013.02.01 08:57:52.254,0.99749,0.99761,2.48,1.88
2013.02.01 08:57:52.494,0.99749,0.99761,3.23,1.13
2013.02.01 08:57:53.064,0.99751,0.99762,1.50,1.50
2013.02.01 08:57:53.596,0.9975,0.99762,1.50,1.50
2013.02.01 08:57:57.425,0.9975,0.99763,1.50,3.00
2013.02.01 08:57:57.930,0.99751,0.99762,1.50,1.50
2013.02.01 08:58:00.385,0.99752,0.99762,1.50,1.50
2013.02.01 08:58:00.830,0.99753,0.99764,1.73,1.50
2013.02.01 08:58:01.607,0.99753,0.99764,1.73,1.50
2013.02.01 08:58:22.798,0.99751,0.99763,4.88,2.25
2013.02.01 08:58:23.464,0.99751,0.99764,4.88,2.25
2013.02.01 08:58:23.994,0.99751,0.99763,4.88,1.50
2013.02.01 08:58:25.675,0.99752,0.99763,1.73,2.25
2013.02.01 08:58:28.744,0.99752,0.99764,1.73,1.50
2013.02.01 08:58:37.317,0.99754,0.99764,2.85,1.50
2013.02.01 08:58:37.625,0.99757,0.99767,1.13,1.05
2013.02.01 08:58:38.156,0.99757,0.99767,1.88,1.05
2013.02.01 08:58:39.863,0.99757,0.99767,1.88,1.05
2013.02.01 08:58:40.191,0.99755,0.99767,1.50,1.05
2013.02.01 08:58:40.346,0.99755,0.99763,1.50,1.50
2013.02.01 08:58:40.908,0.99754,0.99763,2.48,1.50
2013.02.01 08:58:48.824,0.99755,0.99764,1.50,2.25
2013.02.01 08:58:49.526,0.99755,0.99764,1.50,2.25
2013.02.01 08:58:57.814,0.99754,0.99763,2.25,1.50
2013.02.01 08:58:58.197,0.99754,0.99766,3.23,2.25
2013.02.01 08:58:59.435,0.99755,0.99766,1.50,1.65
2013.02.01 08:59:00.156,0.99754,0.99768,3.98,1.20
2013.02.01 08:59:03.914,0.99754,0.99766,4.35,2.25
2013.02.01 08:59:09.306,0.99755,0.99766,2.25,1.65
2013.02.01 08:59:09.815,0.99756,0.99767,1.50,1.05
2013.02.01 08:59:11.021,0.99756,0.99766,1.50,1.80
2013.02.01 08:59:11.404,0.99756,0.99766,1.50,1.80
2013.02.01 08:59:14.708,0.9975,0.99759,1.50,1.50
2013.02.01 08:59:14.779,0.9975,0.99755,4.50,1.65
2013.02.01 08:59:14.963,0.9975,0.99757,5.25,1.50
2013.02.01 08:59:15.205,0.99749,0.99759,1.73,3.90
2013.02.01 08:59:15.265,0.99749,0.99759,1.73,3.90
2013.02.01 08:59:15.807,0.99749,0.99758,1.73,1.05
2013.02.01 08:59:16.058,0.99749,0.99757,1.50,1.50
2013.02.01 08:59:16.575,0.99749,0.9976,2.48,1.35
2013.02.01 08:59:16.826,0.99755,0.99763,2.25,3.15
2013.02.01 08:59:16.956,0.99755,0.99762,1.50,1.50
2013.02.01 08:59:17.017,0.99755,0.99762,1.50,1.50
2013.02.01 08:59:17.507,0.99755,0.99763,1.50,1.50
2013.02.01 08:59:18.369,0.99754,0.99763,1.50,1.50
2013.02.01 08:59:28.593,0.99751,0.99763,3.75,3.00
2013.02.01 08:59:32.273,0.99751,0.99763,3.00,3.00
2013.02.01 08:59:33.647,0.99752,0.99763,1.50,3.00
2013.02.01 08:59:35.475,0.99752,0.99763,1.50,3.00
2013.02.01 08:59:36.686,0.99751,0.99762,3.00,2.25
2013.02.01 08:59:42.634,0.99752,0.99762,1.50,1.50
2013.02.01 08:59:49.892,0.99751,0.99762,2.25,2.25
2013.02.01 08:59:50.804,0.99752,0.99763,2.25,2.55
2013.02.01 08:59:58.324,0.9975,0.99763,3.23,4.05
2013.02.01 08:59:58.784,0.9975,0.99761,2.48,6.98
2013.02.01 08:59:59.143,0.99747,0.99759,3.23,1.05
