2013.02.28 16:00:00.038,1.02762,1.02799,2.18,1.50
2013.02.28 16:00:00.287,1.02766,1.02801,1.43,3.04
2013.02.28 16:00:00.348,1.02762,1.02801,1.28,2.10
2013.02.28 16:00:00.989,1.02779,1.02788,1.58,1.13
2013.02.28 16:00:01.080,1.02778,1.02786,1.43,2.10
2013.02.28 16:00:01.749,1.02776,1.02786,1.20,2.25
2013.02.28 16:00:02.059,1.02775,1.02786,2.70,3.38
2013.02.28 16:00:02.608,1.02773,1.02781,1.43,1.50
2013.02.28 16:00:02.738,1.0277,1.02781,1.50,1.50
2013.02.28 16:00:02.919,1.02768,1.02778,1.50,1.50
2013.02.28 16:00:03.227,1.02768,1.02775,1.50,1.50
2013.02.28 16:00:03.410,1.0277,1.02778,1.50,1.13
2013.02.28 16:00:03.536,1.0277,1.0278,1.50,1.88
2013.02.28 16:00:03.597,1.02775,1.02785,1.73,5.07
2013.02.28 16:00:04.041,1.02779,1.02785,1.43,1.50
2013.02.28 16:00:04.106,1.02775,1.02785,1.50,1.50
2013.02.28 16:00:04.166,1.02776,1.02785,1.50,1.50
2013.02.28 16:00:04.490,1.0278,1.02785,1.35,1.50
2013.02.28 16:00:05.038,1.02779,1.02787,2.33,2.25
2013.02.28 16:00:05.397,1.02782,1.02794,1.58,1.73
2013.02.28 16:00:05.459,1.02783,1.02791,1.80,1.50
2013.02.28 16:00:05.527,1.02789,1.02802,1.20,7.50
2013.02.28 16:00:05.890,1.02782,1.02791,1.50,1.35
2013.02.28 16:00:05.958,1.02791,1.02802,2.10,7.53
2013.02.28 16:00:06.028,1.02783,1.02794,1.13,1.73
2013.02.28 16:00:06.088,1.02785,1.02798,1.73,2.25
2013.02.28 16:00:06.217,1.02785,1.02798,1.73,1.73
2013.02.28 16:00:06.516,1.02786,1.02804,1.65,3.14
2013.02.28 16:00:06.697,1.02788,1.02798,1.50,1.50
2013.02.28 16:00:06.817,1.02787,1.02804,1.50,2.39
2013.02.28 16:00:07.176,1.02792,1.02801,1.20,1.20
2013.02.28 16:00:07.597,1.02791,1.02799,1.58,2.25
2013.02.28 16:00:08.407,1.02793,1.02797,1.13,1.20
2013.02.28 16:00:08.490,1.02787,1.02798,1.50,1.80
2013.02.28 16:00:08.678,1.02787,1.02795,1.50,1.50
2013.02.28 16:00:08.797,1.02788,1.02798,1.50,1.28
2013.02.28 16:00:08.858,1.02788,1.02798,1.50,1.28
2013.02.28 16:00:09.401,1.02792,1.02802,2.25,1.73
2013.02.28 16:00:09.470,1.02794,1.02802,1.50,1.73
2013.02.28 16:00:09.716,1.02792,1.02802,2.25,1.73
2013.02.28 16:00:09.836,1.02792,1.02802,2.25,1.73
2013.02.28 16:00:10.141,1.02796,1.02802,1.50,1.88
2013.02.28 16:00:10.268,1.02797,1.02806,2.25,1.73
2013.02.28 16:00:10.327,1.02796,1.02806,4.50,2.48
2013.02.28 16:00:10.648,1.02791,1.02802,1.50,2.48
2013.02.28 16:00:10.968,1.02785,1.02796,5.10,1.95
2013.02.28 16:00:11.098,1.0279,1.02797,1.50,2.18
2013.02.28 16:00:11.219,1.0279,1.02802,1.50,1.50
2013.02.28 16:00:11.527,1.02794,1.02804,1.43,3.00
2013.02.28 16:00:11.829,1.02799,1.02805,1.50,1.50
2013.02.28 16:00:12.137,1.02801,1.02808,3.60,4.43
2013.02.28 16:00:12.196,1.02801,1.02808,3.60,2.93
2013.02.28 16:00:12.377,1.028,1.02808,3.19,3.68
2013.02.28 16:00:12.678,1.02807,1.02812,2.25,1.73
2013.02.28 16:00:12.918,1.0281,1.02815,1.50,2.03
2013.02.28 16:00:12.989,1.02804,1.02818,5.25,2.33
2013.02.28 16:00:13.297,1.02805,1.02823,6.00,1.50
2013.02.28 16:00:14.439,1.02809,1.02817,1.13,1.50
2013.02.28 16:00:14.566,1.02811,1.02822,1.50,1.50
2013.02.28 16:00:14.746,1.02804,1.02818,11.63,2.18
2013.02.28 16:00:15.226,1.02807,1.02819,1.50,1.43
2013.02.28 16:00:16.371,1.02809,1.02821,1.13,1.43
2013.02.28 16:00:16.473,1.02811,1.02823,1.50,1.50
2013.02.28 16:00:16.927,1.02812,1.02823,2.25,1.50
2013.02.28 16:00:17.048,1.02806,1.02823,4.13,1.50
2013.02.28 16:00:17.117,1.02809,1.02823,2.25,1.50
2013.02.28 16:00:17.237,1.02812,1.02823,2.25,1.50
2013.02.28 16:00:17.358,1.02814,1.02824,1.50,1.50
2013.02.28 16:00:17.476,1.02819,1.02828,1.50,1.50
2013.02.28 16:00:17.719,1.02822,1.02829,1.50,2.63
2013.02.28 16:00:18.090,1.0282,1.02827,1.50,2.25
2013.02.28 16:00:18.341,1.02814,1.02824,1.28,1.50
2013.02.28 16:00:18.466,1.02814,1.02824,1.13,1.50
2013.02.28 16:00:18.773,1.02812,1.02824,2.25,1.50
2013.02.28 16:00:19.167,1.02812,1.02824,2.25,3.75
2013.02.28 16:00:19.288,1.02813,1.02824,1.50,4.50
2013.02.28 16:00:19.858,1.02814,1.02824,1.50,3.38
2013.02.28 16:00:19.979,1.02814,1.02826,1.50,2.25
2013.02.28 16:00:20.467,1.02816,1.02828,1.50,2.25
2013.02.28 16:00:21.008,1.02814,1.02828,1.73,2.25
2013.02.28 16:00:21.136,1.02815,1.02828,3.23,1.50
2013.02.28 16:00:21.467,1.02815,1.02824,1.50,6.00
2013.02.28 16:00:22.188,1.02813,1.02823,1.50,1.50
2013.02.28 16:00:22.727,1.02816,1.02827,1.50,1.88
2013.02.28 16:00:23.301,1.02821,1.02832,1.50,1.13
2013.02.28 16:00:23.369,1.02821,1.02831,1.50,1.50
2013.02.28 16:00:23.677,1.02813,1.02823,1.43,1.50
2013.02.28 16:00:23.920,1.0281,1.02824,5.48,1.50
2013.02.28 16:00:24.349,1.02813,1.02826,2.85,1.50
2013.02.28 16:00:24.417,1.02813,1.02828,3.60,2.25
2013.02.28 16:00:24.538,1.02815,1.02828,1.73,1.50
2013.02.28 16:00:24.787,1.02815,1.0283,3.23,1.50
2013.02.28 16:00:24.968,1.02818,1.02832,2.48,2.25
2013.02.28 16:00:25.028,1.02816,1.02831,1.73,1.50
2013.02.28 16:00:25.510,1.0282,1.02831,1.88,1.50
2013.02.28 16:00:25.579,1.02822,1.02834,2.25,2.25
2013.02.28 16:00:25.649,1.02822,1.02834,2.25,2.25
2013.02.28 16:00:26.056,1.02823,1.02834,1.65,2.25
2013.02.28 16:00:26.238,1.02823,1.02834,2.40,2.25
2013.02.28 16:00:26.369,1.02821,1.02834,2.25,1.50
2013.02.28 16:00:28.039,1.02821,1.02834,1.50,2.25
2013.02.28 16:00:28.380,1.0282,1.0283,1.73,2.10
2013.02.28 16:00:28.699,1.02818,1.02824,2.25,5.10
2013.02.28 16:00:28.828,1.02814,1.02823,1.73,1.50
2013.02.28 16:00:28.950,1.02812,1.02823,1.73,1.50
2013.02.28 16:00:29.258,1.02814,1.02824,1.73,1.50
2013.02.28 16:00:30.027,1.02816,1.02827,2.48,2.25
2013.02.28 16:00:30.250,1.02816,1.02829,1.73,2.93
2013.02.28 16:00:30.497,1.02817,1.02829,1.50,2.25
2013.02.28 16:00:30.618,1.02817,1.02829,4.50,2.25
2013.02.28 16:00:30.885,1.02828,1.0284,1.35,1.88
2013.02.28 16:00:31.328,1.02836,1.02844,2.10,1.35
2013.02.28 16:00:31.637,1.02841,1.02849,2.10,1.50
2013.02.28 16:00:31.698,1.02842,1.02851,1.50,2.55
2013.02.28 16:00:32.128,1.02844,1.02854,1.73,1.43
2013.02.28 16:00:32.246,1.02844,1.02856,2.48,2.85
2013.02.28 16:00:32.667,1.02841,1.02854,3.98,2.85
2013.02.28 16:00:32.726,1.02841,1.02854,3.75,2.85
2013.02.28 16:00:32.968,1.02839,1.02851,1.50,3.87
2013.02.28 16:00:33.505,1.02837,1.02849,1.50,1.43
2013.02.28 16:00:33.626,1.02836,1.02849,1.50,1.43
2013.02.28 16:00:34.279,1.02835,1.02849,1.73,2.78
2013.02.28 16:00:34.468,1.02835,1.02847,2.48,1.80
2013.02.28 16:00:35.017,1.02834,1.02845,1.50,1.28
2013.02.28 16:00:35.537,1.02834,1.02846,1.50,3.12
2013.02.28 16:00:35.790,1.02831,1.02846,1.50,2.93
2013.02.28 16:00:36.106,1.02831,1.02836,1.50,1.50
2013.02.28 16:00:36.839,1.02827,1.02833,1.13,1.50
2013.02.28 16:00:37.120,1.02828,1.02837,1.50,2.18
2013.02.28 16:00:37.667,1.02828,1.02838,1.73,1.35
2013.02.28 16:00:37.787,1.02828,1.02841,1.73,1.43
2013.02.28 16:00:38.118,1.02829,1.02841,1.73,2.18
2013.02.28 16:00:38.419,1.02827,1.02839,1.88,2.85
2013.02.28 16:00:38.488,1.02827,1.02839,1.88,3.60
2013.02.28 16:00:38.672,1.02828,1.02834,1.50,1.50
2013.02.28 16:00:39.007,1.02825,1.02834,2.25,2.18
2013.02.28 16:00:39.549,1.02825,1.02837,1.73,1.43
2013.02.28 16:00:39.887,1.02825,1.02838,3.98,2.25
2013.02.28 16:00:40.248,1.02828,1.02838,2.25,1.50
2013.02.28 16:00:41.400,1.02828,1.02841,2.63,2.25
2013.02.28 16:00:41.468,1.02831,1.02841,1.50,1.50
2013.02.28 16:00:42.010,1.02832,1.02844,1.50,3.38
2013.02.28 16:00:42.387,1.02832,1.02838,1.50,1.50
2013.02.28 16:00:42.566,1.0283,1.02838,1.50,1.50
2013.02.28 16:00:42.687,1.02831,1.02838,1.50,1.50
2013.02.28 16:00:42.748,1.02831,1.02843,1.50,1.50
2013.02.28 16:00:43.563,1.02833,1.02843,1.50,1.50
2013.02.28 16:00:43.641,1.02832,1.02844,3.00,1.50
2013.02.28 16:00:44.376,1.02834,1.02845,1.50,4.50
2013.02.28 16:00:44.617,1.02837,1.02848,1.50,1.59
2013.02.28 16:00:44.677,1.02837,1.02848,1.50,1.50
2013.02.28 16:00:44.738,1.02839,1.0285,1.50,2.25
2013.02.28 16:00:44.987,1.02841,1.02853,2.25,1.73
2013.02.28 16:00:45.107,1.02841,1.02853,2.25,1.73
2013.02.28 16:00:45.888,1.02841,1.02854,2.25,2.25
2013.02.28 16:00:46.436,1.02841,1.02854,1.50,3.00
2013.02.28 16:00:46.971,1.02841,1.02853,1.50,2.25
2013.02.28 16:00:47.996,1.02841,1.02853,1.73,1.50
2013.02.28 16:00:49.369,1.02841,1.02853,2.48,2.25
2013.02.28 16:00:49.986,1.02841,1.02853,2.48,1.50
2013.02.28 16:00:51.548,1.02838,1.02849,1.50,1.88
2013.02.28 16:00:51.866,1.02837,1.02844,1.50,4.88
2013.02.28 16:00:52.047,1.02837,1.02846,1.50,2.25
2013.02.28 16:00:52.286,1.02833,1.02846,2.48,1.88
2013.02.28 16:00:52.946,1.02833,1.02845,3.23,1.13
2013.02.28 16:00:53.580,1.02832,1.02842,2.48,1.50
2013.02.28 16:00:53.916,1.02828,1.02839,1.73,3.75
2013.02.28 16:00:54.036,1.02828,1.02838,1.50,1.13
2013.02.28 16:00:54.409,1.02828,1.02837,1.50,1.13
2013.02.28 16:00:54.536,1.02825,1.02837,1.73,1.13
2013.02.28 16:00:54.839,1.02825,1.02835,1.73,1.50
2013.02.28 16:00:55.088,1.02823,1.02833,1.50,2.25
2013.02.28 16:00:55.507,1.0282,1.02833,3.23,3.00
2013.02.28 16:00:56.047,1.02821,1.02833,1.73,2.25
2013.02.28 16:00:57.168,1.02821,1.02833,2.48,2.25
2013.02.28 16:00:57.706,1.02821,1.02833,2.48,2.63
2013.02.28 16:00:58.513,1.02819,1.0283,1.88,5.25
2013.02.28 16:00:58.588,1.02814,1.02826,1.73,2.25
2013.02.28 16:00:59.246,1.02812,1.02825,1.73,1.43
2013.02.28 16:00:59.646,1.02813,1.02824,2.10,1.50
2013.02.28 16:00:59.706,1.02816,1.02825,1.73,1.50
2013.02.28 16:01:00.655,1.02819,1.02828,1.50,1.50
2013.02.28 16:01:00.723,1.02822,1.02834,1.73,3.45
2013.02.28 16:01:04.367,1.02822,1.02834,1.73,3.00
2013.02.28 16:01:04.907,1.02822,1.02834,1.73,3.45
2013.02.28 16:01:06.583,1.02822,1.02832,1.73,1.35
2013.02.28 16:01:06.906,1.02814,1.02827,3.23,2.70
2013.02.28 16:01:06.967,1.02814,1.02827,3.23,2.70
2013.02.28 16:01:07.027,1.02814,1.02827,3.23,1.20
2013.02.28 16:01:07.267,1.02814,1.02828,2.48,2.70
2013.02.28 16:01:07.707,1.02816,1.02828,1.73,2.25
2013.02.28 16:01:08.816,1.02815,1.02828,1.73,2.33
2013.02.28 16:01:09.576,1.02814,1.02827,1.73,1.50
2013.02.28 16:01:09.877,1.02812,1.02824,2.48,1.50
2013.02.28 16:01:09.997,1.02812,1.02824,2.48,1.50
2013.02.28 16:01:10.418,1.02814,1.02824,1.73,1.50
2013.02.28 16:01:10.536,1.02815,1.02828,1.73,3.83
2013.02.28 16:01:10.656,1.02818,1.02828,1.50,3.00
2013.02.28 16:01:11.016,1.02824,1.02837,1.50,2.63
2013.02.28 16:01:11.077,1.02824,1.02838,3.00,3.08
2013.02.28 16:01:11.926,1.02825,1.02837,1.50,1.50
2013.02.28 16:01:11.988,1.02823,1.02833,1.50,1.73
2013.02.28 16:01:12.227,1.02826,1.02836,3.98,1.50
2013.02.28 16:01:12.407,1.02827,1.02837,1.73,1.50
2013.02.28 16:01:14.327,1.02824,1.02837,2.48,1.58
2013.02.28 16:01:14.388,1.02824,1.02833,2.48,1.50
2013.02.28 16:01:14.507,1.02823,1.02833,1.50,2.25
2013.02.28 16:01:14.940,1.02823,1.02835,2.25,1.13
2013.02.28 16:01:15.007,1.02824,1.02836,1.73,2.25
2013.02.28 16:01:15.865,1.02824,1.02837,1.73,1.50
2013.02.28 16:01:16.397,1.02826,1.02838,1.73,3.08
2013.02.28 16:01:16.576,1.0283,1.02838,1.73,1.50
2013.02.28 16:01:16.636,1.0283,1.02841,2.48,1.50
2013.02.28 16:01:16.876,1.02831,1.02842,1.73,1.50
2013.02.28 16:01:26.616,1.02836,1.02844,1.50,5.25
2013.02.28 16:01:26.736,1.02836,1.02846,1.73,1.69
2013.02.28 16:01:26.978,1.02838,1.02848,1.50,1.50
2013.02.28 16:01:27.037,1.02838,1.02848,2.25,1.50
2013.02.28 16:01:27.156,1.02839,1.0285,1.50,1.50
2013.02.28 16:01:27.396,1.02841,1.02852,1.50,1.73
2013.02.28 16:01:27.960,1.02838,1.0285,1.50,1.50
2013.02.28 16:01:28.207,1.02838,1.0285,1.73,2.99
2013.02.28 16:01:28.510,1.02838,1.02848,1.73,1.50
2013.02.28 16:01:31.144,1.02836,1.02847,3.23,2.25
2013.02.28 16:01:32.467,1.02834,1.02846,2.48,2.25
2013.02.28 16:01:32.887,1.02833,1.02843,1.73,1.50
2013.02.28 16:01:33.248,1.02829,1.02841,3.98,2.24
2013.02.28 16:01:33.809,1.0283,1.02842,1.73,1.50
2013.02.28 16:01:34.117,1.02832,1.02843,1.73,3.00
2013.02.28 16:01:34.358,1.02833,1.02846,1.73,2.10
2013.02.28 16:01:34.418,1.02833,1.02844,1.73,1.50
2013.02.28 16:01:34.478,1.02832,1.02844,2.48,2.25
2013.02.28 16:01:35.006,1.02829,1.02841,3.98,1.50
2013.02.28 16:01:35.066,1.02829,1.0284,2.48,2.99
2013.02.28 16:01:35.687,1.02828,1.0284,1.73,2.25
2013.02.28 16:01:35.930,1.0283,1.02842,1.73,2.25
2013.02.28 16:01:37.876,1.0283,1.02842,2.48,2.25
2013.02.28 16:01:37.997,1.0283,1.0284,1.73,2.24
2013.02.28 16:01:38.176,1.0283,1.02842,3.23,3.00
2013.02.28 16:01:38.834,1.0283,1.02842,3.23,3.75
2013.02.28 16:01:40.387,1.0283,1.02842,3.23,2.25
2013.02.28 16:01:42.657,1.02831,1.02842,1.73,1.50
2013.02.28 16:01:42.740,1.02833,1.02845,1.73,1.50
2013.02.28 16:01:47.128,1.02833,1.02845,1.73,3.00
2013.02.28 16:01:47.780,1.02832,1.02843,1.73,1.50
2013.02.28 16:01:48.317,1.02831,1.02843,2.48,3.00
2013.02.28 16:01:48.857,1.02831,1.02843,2.48,2.25
2013.02.28 16:01:48.917,1.02832,1.02845,1.73,2.25
2013.02.28 16:01:50.117,1.02833,1.02845,2.48,2.25
2013.02.28 16:01:50.237,1.02833,1.02843,1.50,1.50
2013.02.28 16:01:51.447,1.02832,1.02845,3.23,3.00
2013.02.28 16:01:51.507,1.02832,1.02845,3.98,2.25
2013.02.28 16:01:52.299,1.02833,1.02844,1.73,1.50
2013.02.28 16:01:52.376,1.02832,1.02843,2.48,2.25
2013.02.28 16:01:55.367,1.02832,1.02844,3.23,3.00
2013.02.28 16:01:55.487,1.02833,1.02845,1.73,1.50
2013.02.28 16:01:55.547,1.02833,1.02846,1.73,1.88
2013.02.28 16:01:56.059,1.02833,1.02846,2.48,1.13
2013.02.28 16:01:56.588,1.02833,1.02846,1.73,1.88
2013.02.28 16:01:58.447,1.02832,1.02845,3.23,1.50
2013.02.28 16:01:58.626,1.02832,1.02844,2.48,1.50
2013.02.28 16:01:58.686,1.02831,1.02842,2.48,1.50
2013.02.28 16:01:59.208,1.02831,1.02843,2.48,2.25
2013.02.28 16:01:59.767,1.02831,1.02843,1.73,3.75
2013.02.28 16:02:00.841,1.02831,1.02843,1.73,3.00
2013.02.28 16:02:01.297,1.02833,1.02844,1.73,1.50
2013.02.28 16:02:01.477,1.02833,1.02846,1.73,1.50
2013.02.28 16:02:02.246,1.02832,1.02844,1.73,1.50
2013.02.28 16:02:02.397,1.02838,1.02845,1.50,5.48
2013.02.28 16:02:02.456,1.02838,1.02846,1.50,2.48
2013.02.28 16:02:02.519,1.02837,1.02847,2.48,1.50
2013.02.28 16:02:02.576,1.02837,1.02847,2.48,1.50
2013.02.28 16:02:02.876,1.02838,1.0285,1.50,1.50
2013.02.28 16:02:03.176,1.02837,1.0285,2.48,2.25
2013.02.28 16:02:04.016,1.02838,1.0285,1.73,5.24
2013.02.28 16:02:07.496,1.02838,1.0285,1.73,4.49
2013.02.28 16:02:08.143,1.02838,1.0285,1.73,3.00
2013.02.28 16:02:08.674,1.02838,1.0285,1.73,4.49
2013.02.28 16:02:08.977,1.02836,1.02847,1.73,1.50
2013.02.28 16:02:09.038,1.02836,1.02846,1.73,1.50
2013.02.28 16:02:09.216,1.02833,1.02844,1.50,2.25
2013.02.28 16:02:09.277,1.02831,1.02844,1.73,3.75
2013.02.28 16:02:09.818,1.02831,1.02843,1.73,2.25
2013.02.28 16:02:10.558,1.02832,1.02843,4.73,2.25
2013.02.28 16:02:10.858,1.02837,1.02846,2.48,1.50
2013.02.28 16:02:10.919,1.02835,1.02846,1.73,1.50
2013.02.28 16:02:11.227,1.02831,1.02843,2.48,1.50
2013.02.28 16:02:12.604,1.02829,1.0284,2.48,1.50
2013.02.28 16:02:14.385,1.02828,1.02842,3.98,3.00
2013.02.28 16:02:15.386,1.02828,1.02841,3.98,1.50
2013.02.28 16:02:15.566,1.02827,1.02839,2.10,2.25
2013.02.28 16:02:15.807,1.02828,1.0284,3.23,1.50
2013.02.28 16:02:18.176,1.02829,1.02842,2.48,1.50
2013.02.28 16:02:18.821,1.02829,1.02842,2.48,1.50
2013.02.28 16:02:19.027,1.02829,1.02841,1.73,1.49
2013.02.28 16:02:19.386,1.02828,1.0284,2.48,1.50
2013.02.28 16:02:20.107,1.02828,1.0284,2.48,1.50
2013.02.28 16:02:21.866,1.02828,1.0284,1.73,4.50
2013.02.28 16:02:22.898,1.02828,1.0284,2.48,3.75
2013.02.28 16:02:23.436,1.02826,1.02839,2.48,3.75
2013.02.28 16:02:23.498,1.02825,1.02838,2.25,2.25
2013.02.28 16:02:24.587,1.02826,1.02838,1.50,3.00
2013.02.28 16:02:25.147,1.02827,1.02838,2.48,1.50
2013.02.28 16:02:25.698,1.02827,1.02838,2.25,1.50
2013.02.28 16:02:25.826,1.02826,1.02839,1.50,3.75
2013.02.28 16:02:27.687,1.02825,1.02838,1.50,1.50
2013.02.28 16:02:28.228,1.02827,1.02839,2.25,2.63
2013.02.28 16:02:28.407,1.02827,1.02839,3.23,2.25
2013.02.28 16:02:28.946,1.02827,1.02839,3.98,1.50
2013.02.28 16:02:29.910,1.02827,1.02838,1.73,1.50
2013.02.28 16:02:29.978,1.02827,1.02838,1.50,1.50
2013.02.28 16:02:30.100,1.02823,1.02837,3.00,2.25
2013.02.28 16:02:30.407,1.02823,1.02835,2.25,2.25
2013.02.28 16:02:30.468,1.02822,1.02835,2.25,3.00
2013.02.28 16:02:38.066,1.02823,1.02834,1.50,3.75
2013.02.28 16:02:38.369,1.02827,1.02837,1.73,2.25
2013.02.28 16:02:38.557,1.02827,1.02836,1.50,1.73
2013.02.28 16:02:38.678,1.02825,1.02837,1.50,5.48
2013.02.28 16:02:39.204,1.02822,1.02836,3.23,1.73
2013.02.28 16:02:39.749,1.02821,1.02833,3.98,1.50
2013.02.28 16:02:41.136,1.02822,1.02834,2.48,3.38
2013.02.28 16:02:44.397,1.02823,1.02834,1.73,3.00
2013.02.28 16:02:44.456,1.02824,1.02836,1.73,1.50
2013.02.28 16:02:44.576,1.02824,1.02837,2.48,2.25
2013.02.28 16:02:47.060,1.02825,1.02837,1.73,1.50
2013.02.28 16:02:47.127,1.02827,1.02838,1.73,3.00
2013.02.28 16:02:47.609,1.02829,1.02841,1.73,4.13
2013.02.28 16:02:47.677,1.02829,1.02841,1.73,1.88
2013.02.28 16:02:48.306,1.02833,1.02844,1.73,4.88
2013.02.28 16:02:48.548,1.02833,1.02845,2.48,3.00
2013.02.28 16:02:49.087,1.02833,1.02846,2.48,1.50
2013.02.28 16:02:49.793,1.02833,1.02845,2.48,1.50
2013.02.28 16:02:50.097,1.02832,1.0284,1.50,1.50
2013.02.28 16:02:51.107,1.02828,1.0284,1.73,2.25
2013.02.28 16:02:51.766,1.02828,1.02841,2.10,2.25
2013.02.28 16:02:51.887,1.02832,1.02843,2.48,3.00
2013.02.28 16:02:51.947,1.02832,1.02843,3.98,1.50
2013.02.28 16:02:52.487,1.02834,1.02844,1.73,1.50
2013.02.28 16:02:52.788,1.02832,1.02838,1.50,1.50
2013.02.28 16:02:52.970,1.02828,1.0284,1.73,4.88
2013.02.28 16:02:53.037,1.02828,1.0284,2.48,1.88
2013.02.28 16:02:53.577,1.02833,1.02841,1.73,1.50
2013.02.28 16:02:53.637,1.02833,1.02844,2.48,2.25
2013.02.28 16:02:53.759,1.02834,1.02845,1.73,1.13
2013.02.28 16:02:54.447,1.02834,1.02847,1.73,3.00
2013.02.28 16:02:57.384,1.02832,1.02845,4.73,1.50
2013.02.28 16:02:58.099,1.02832,1.02846,3.98,1.50
2013.02.28 16:02:59.777,1.02834,1.02845,1.73,2.63
2013.02.28 16:02:59.979,1.02831,1.0284,2.48,1.50
2013.02.28 16:03:00.488,1.02829,1.02842,1.73,1.50
2013.02.28 16:03:03.116,1.02827,1.02841,3.23,3.75
2013.02.28 16:03:03.421,1.02827,1.02837,1.73,1.50
2013.02.28 16:03:04.207,1.02827,1.02839,2.48,2.25
2013.02.28 16:03:04.449,1.02826,1.02838,1.73,4.88
2013.02.28 16:03:04.507,1.02825,1.02837,1.73,1.50
2013.02.28 16:03:05.058,1.02822,1.02836,4.73,1.50
2013.02.28 16:03:06.735,1.02822,1.02834,3.23,1.50
2013.02.28 16:03:07.479,1.02821,1.02833,7.73,2.25
2013.02.28 16:03:09.417,1.02821,1.02833,2.48,3.75
2013.02.28 16:03:09.929,1.02821,1.02833,1.73,4.50
2013.02.28 16:03:10.476,1.02821,1.02833,1.73,4.50
2013.02.28 16:03:11.015,1.02821,1.02833,1.73,4.50
2013.02.28 16:03:15.486,1.02821,1.02833,1.73,4.50
2013.02.28 16:03:16.067,1.02821,1.02833,1.73,3.75
2013.02.28 16:03:23.829,1.02822,1.02833,2.48,1.50
2013.02.28 16:03:24.939,1.02822,1.02835,2.48,2.25
2013.02.28 16:03:24.997,1.02823,1.02835,1.73,2.25
2013.02.28 16:03:30.958,1.02826,1.02837,1.73,1.50
2013.02.28 16:03:31.141,1.02827,1.02838,2.25,1.50
2013.02.28 16:03:31.336,1.02829,1.02843,3.23,4.88
2013.02.28 16:03:32.201,1.02831,1.02842,1.73,1.50
2013.02.28 16:03:34.697,1.02836,1.02844,1.73,1.88
2013.02.28 16:03:34.758,1.02836,1.02846,1.73,2.25
2013.02.28 16:03:35.258,1.02833,1.02845,2.48,1.50
2013.02.28 16:03:36.471,1.02833,1.02845,1.73,1.50
2013.02.28 16:03:36.986,1.02836,1.02847,2.48,1.50
2013.02.28 16:03:37.526,1.02836,1.02848,1.73,2.25
2013.02.28 16:03:37.767,1.02834,1.02845,3.23,1.50
2013.02.28 16:03:37.826,1.02834,1.02844,2.48,1.50
2013.02.28 16:03:38.186,1.02837,1.02847,1.73,1.50
2013.02.28 16:03:38.306,1.02837,1.02848,2.48,1.50
2013.02.28 16:03:40.716,1.02837,1.02849,3.23,1.50
2013.02.28 16:03:41.037,1.02837,1.02848,3.23,1.50
2013.02.28 16:03:42.466,1.02837,1.02848,3.23,1.50
2013.02.28 16:03:46.576,1.02837,1.02848,2.48,2.25
2013.02.28 16:03:46.875,1.02837,1.02848,1.50,3.00
2013.02.28 16:03:46.936,1.02837,1.02846,1.73,2.25
2013.02.28 16:03:47.445,1.02833,1.02846,3.98,2.25
2013.02.28 16:03:48.641,1.02834,1.02846,2.48,3.75
2013.02.28 16:03:48.827,1.02832,1.02844,1.73,3.75
2013.02.28 16:03:48.946,1.02831,1.02843,3.98,1.50
2013.02.28 16:03:49.490,1.02829,1.02842,3.98,1.50
2013.02.28 16:03:50.045,1.0283,1.02842,1.73,1.50
2013.02.28 16:03:50.885,1.02828,1.0284,3.98,2.25
2013.02.28 16:03:51.801,1.02828,1.02839,1.73,2.25
2013.02.28 16:03:53.476,1.02828,1.0284,3.23,2.25
2013.02.28 16:03:53.775,1.02828,1.0284,1.73,3.00
2013.02.28 16:03:54.635,1.02828,1.0284,1.73,1.50
2013.02.28 16:03:55.607,1.02828,1.02839,1.73,1.50
2013.02.28 16:03:56.146,1.02828,1.02841,2.48,2.25
2013.02.28 16:03:56.965,1.02828,1.02841,1.73,2.25
2013.02.28 16:03:57.477,1.02828,1.02838,1.73,1.50
2013.02.28 16:03:58.916,1.02826,1.02837,1.73,1.50
2013.02.28 16:03:59.035,1.02825,1.02837,1.50,3.23
2013.02.28 16:03:59.095,1.02825,1.02837,1.50,3.23
2013.02.28 16:03:59.156,1.02827,1.02836,1.73,1.50
2013.02.28 16:03:59.708,1.02827,1.02835,3.23,1.50
2013.02.28 16:04:00.259,1.02827,1.02836,3.23,1.50
2013.02.28 16:04:01.456,1.02827,1.02837,3.23,1.50
2013.02.28 16:04:02.352,1.02827,1.02836,3.23,2.25
2013.02.28 16:04:07.376,1.02827,1.02838,3.98,3.00
2013.02.28 16:04:07.920,1.02827,1.02836,3.98,1.50
2013.02.28 16:04:11.018,1.02827,1.02837,3.23,2.25
2013.02.28 16:04:11.555,1.02827,1.02837,3.23,1.50
2013.02.28 16:04:22.376,1.02827,1.02839,3.23,1.50
2013.02.28 16:04:22.917,1.02827,1.0284,4.73,1.50
2013.02.28 16:04:23.420,1.02829,1.02841,2.48,3.23
2013.02.28 16:04:23.848,1.02827,1.02839,4.73,2.25
2013.02.28 16:04:24.206,1.02827,1.02838,3.23,2.25
2013.02.28 16:04:24.576,1.02827,1.02836,2.48,2.25
2013.02.28 16:04:24.636,1.02827,1.02836,2.25,2.25
2013.02.28 16:04:24.696,1.02823,1.02834,1.88,1.50
2013.02.28 16:04:24.995,1.02822,1.02833,1.50,3.98
2013.02.28 16:04:25.055,1.02821,1.02833,1.50,3.98
2013.02.28 16:04:25.566,1.02821,1.02833,1.50,4.73
2013.02.28 16:04:26.564,1.0282,1.02832,1.50,3.23
2013.02.28 16:04:26.687,1.0282,1.0283,1.50,3.75
2013.02.28 16:04:26.807,1.02818,1.02828,1.73,1.50
2013.02.28 16:04:27.046,1.02818,1.02829,1.73,1.50
2013.02.28 16:04:27.607,1.02818,1.02829,1.73,2.25
2013.02.28 16:04:28.106,1.02822,1.0283,1.50,1.50
2013.02.28 16:04:28.287,1.02822,1.02834,3.23,3.75
2013.02.28 16:04:28.826,1.02823,1.02834,2.48,3.00
2013.02.28 16:04:29.366,1.02823,1.02834,2.48,1.50
2013.02.28 16:04:29.866,1.02824,1.02835,1.50,1.50
2013.02.28 16:04:30.166,1.02828,1.02839,1.73,2.25
2013.02.28 16:04:30.226,1.02828,1.02839,2.48,2.25
2013.02.28 16:04:30.346,1.02828,1.02839,3.23,2.25
2013.02.28 16:04:30.646,1.02828,1.02839,4.73,2.25
2013.02.28 16:04:30.766,1.02828,1.02839,3.98,2.25
2013.02.28 16:04:30.946,1.02828,1.02839,3.23,2.25
2013.02.28 16:04:31.066,1.02829,1.02842,1.50,3.23
2013.02.28 16:04:31.596,1.02834,1.02843,3.75,1.50
2013.02.28 16:04:31.897,1.02834,1.02846,1.50,1.05
2013.02.28 16:04:32.075,1.02832,1.02845,3.23,1.50
2013.02.28 16:04:32.196,1.02832,1.02845,3.23,1.50
2013.02.28 16:04:32.966,1.02832,1.02845,2.48,2.25
2013.02.28 16:04:33.696,1.02832,1.02843,2.48,1.50
2013.02.28 16:04:34.056,1.02823,1.02833,1.50,1.50
2013.02.28 16:04:34.606,1.02822,1.02834,2.48,4.50
2013.02.28 16:04:36.243,1.02823,1.02834,1.73,1.50
2013.02.28 16:04:36.756,1.02823,1.02834,1.73,1.50
2013.02.28 16:04:37.398,1.02823,1.02834,1.73,2.25
2013.02.28 16:04:38.332,1.02828,1.02838,1.73,2.25
2013.02.28 16:04:38.900,1.02828,1.02839,1.73,3.00
2013.02.28 16:04:39.877,1.02828,1.02839,1.73,2.25
2013.02.28 16:04:39.939,1.02828,1.02839,1.73,3.00
2013.02.28 16:04:40.117,1.02829,1.0284,2.48,1.50
2013.02.28 16:04:40.297,1.0283,1.02841,1.50,1.73
2013.02.28 16:04:40.718,1.02832,1.02843,3.23,1.50
2013.02.28 16:04:40.912,1.02833,1.02844,1.73,1.50
2013.02.28 16:04:41.426,1.02833,1.02844,1.73,1.50
2013.02.28 16:04:42.040,1.02833,1.02844,1.73,1.50
2013.02.28 16:04:43.626,1.02832,1.02844,2.25,1.73
2013.02.28 16:04:43.987,1.02832,1.02843,1.50,3.23
2013.02.28 16:04:44.676,1.02831,1.02842,1.50,2.48
2013.02.28 16:04:44.736,1.0283,1.02842,2.25,2.48
2013.02.28 16:04:44.797,1.0283,1.02839,2.25,1.50
2013.02.28 16:04:45.157,1.02827,1.02834,1.73,1.50
2013.02.28 16:04:45.217,1.02827,1.02837,3.23,1.50
2013.02.28 16:04:45.757,1.02827,1.02839,3.23,3.00
2013.02.28 16:04:46.746,1.02828,1.02839,1.73,1.50
2013.02.28 16:04:46.867,1.0283,1.02841,1.50,1.73
2013.02.28 16:04:47.047,1.02832,1.02843,1.73,1.50
2013.02.28 16:04:47.227,1.02831,1.02841,1.73,1.50
2013.02.28 16:04:47.590,1.02828,1.02836,2.48,1.50
2013.02.28 16:04:47.838,1.02825,1.02832,3.45,1.50
2013.02.28 16:04:47.957,1.02823,1.02834,1.50,2.25
2013.02.28 16:04:48.464,1.02822,1.02833,1.73,1.50
2013.02.28 16:04:50.606,1.02823,1.02833,3.00,1.50
2013.02.28 16:04:50.787,1.02827,1.02836,3.23,1.50
2013.02.28 16:04:51.460,1.02827,1.02837,3.23,1.50
2013.02.28 16:04:53.897,1.02827,1.02838,3.75,1.73
2013.02.28 16:04:56.978,1.02825,1.02836,1.50,1.73
2013.02.28 16:04:57.156,1.02824,1.02834,2.10,1.73
2013.02.28 16:04:57.217,1.02827,1.02836,1.50,1.50
2013.02.28 16:04:57.913,1.02827,1.02839,2.25,3.23
2013.02.28 16:04:58.559,1.02827,1.02839,2.25,1.73
2013.02.28 16:04:59.127,1.02827,1.02839,2.25,1.73
2013.02.28 16:04:59.626,1.02827,1.02839,3.00,1.73
2013.02.28 16:05:00.977,1.02827,1.02837,1.50,1.73
2013.02.28 16:05:01.544,1.02827,1.02837,2.25,1.73
2013.02.28 16:05:03.827,1.02827,1.02837,1.50,1.73
2013.02.28 16:05:03.949,1.02826,1.02835,2.25,1.50
2013.02.28 16:05:04.506,1.02823,1.02834,1.50,1.73
2013.02.28 16:05:05.046,1.02823,1.02834,1.50,2.48
2013.02.28 16:05:05.597,1.02823,1.02832,1.50,1.50
2013.02.28 16:05:10.427,1.02823,1.02832,1.13,1.50
2013.02.28 16:05:19.377,1.02827,1.02832,1.50,1.50
2013.02.28 16:05:19.557,1.02827,1.02836,3.75,1.88
2013.02.28 16:05:19.797,1.02831,1.0284,3.75,3.00
2013.02.28 16:05:20.037,1.02836,1.02843,2.25,3.59
2013.02.28 16:05:20.106,1.02836,1.02844,2.70,1.73
2013.02.28 16:05:20.167,1.02836,1.02845,1.20,1.73
2013.02.28 16:05:20.648,1.02833,1.02842,1.50,2.25
2013.02.28 16:05:20.947,1.0283,1.02839,1.50,2.48
2013.02.28 16:05:21.497,1.02825,1.02836,1.50,2.03
2013.02.28 16:05:21.736,1.02825,1.02836,1.50,2.78
2013.02.28 16:05:22.100,1.02822,1.02832,2.25,1.50
2013.02.28 16:05:22.759,1.02821,1.02832,7.50,1.50
2013.02.28 16:05:26.616,1.02822,1.02832,1.50,1.50
2013.02.28 16:05:27.159,1.02818,1.02829,1.50,3.98
2013.02.28 16:05:27.277,1.02818,1.0283,1.50,1.73
2013.02.28 16:05:27.957,1.02818,1.02829,2.25,1.58
2013.02.28 16:05:28.317,1.02818,1.02829,2.25,1.58
2013.02.28 16:05:28.737,1.02817,1.02828,2.85,1.73
2013.02.28 16:05:30.688,1.02816,1.02827,4.50,1.50
2013.02.28 16:05:30.759,1.02814,1.02825,2.25,1.50
2013.02.28 16:05:30.829,1.02813,1.02825,1.73,3.00
2013.02.28 16:05:31.139,1.02812,1.02818,1.50,1.50
2013.02.28 16:05:31.272,1.02808,1.02817,1.50,1.35
2013.02.28 16:05:31.341,1.02805,1.02814,1.88,3.23
2013.02.28 16:05:31.541,1.02804,1.02814,1.35,3.98
2013.02.28 16:05:31.788,1.02802,1.02811,2.25,1.50
2013.02.28 16:05:32.795,1.02802,1.02812,2.34,2.25
2013.02.28 16:05:33.228,1.02797,1.02811,2.56,1.50
2013.02.28 16:05:33.529,1.02794,1.02804,1.35,3.23
2013.02.28 16:05:33.719,1.02792,1.02803,2.10,1.73
2013.02.28 16:05:33.839,1.0279,1.02802,1.50,1.73
2013.02.28 16:05:34.016,1.02792,1.02803,1.50,1.73
2013.02.28 16:05:34.509,1.0279,1.02802,1.50,1.73
2013.02.28 16:05:34.577,1.02789,1.02802,1.50,2.48
2013.02.28 16:05:35.249,1.02789,1.02798,1.50,1.73
2013.02.28 16:05:35.746,1.0279,1.02801,2.25,1.58
2013.02.28 16:05:36.107,1.0279,1.02799,1.50,1.58
2013.02.28 16:05:38.207,1.02788,1.02799,3.00,1.58
2013.02.28 16:05:38.506,1.02788,1.02797,2.25,1.28
2013.02.28 16:05:38.811,1.02785,1.02794,1.50,1.50
2013.02.28 16:05:39.357,1.02781,1.02793,2.25,2.25
2013.02.28 16:05:39.476,1.02782,1.02793,1.50,1.73
2013.02.28 16:05:40.027,1.0278,1.02793,2.25,3.83
2013.02.28 16:05:41.511,1.0278,1.0279,1.73,1.35
2013.02.28 16:05:42.198,1.0278,1.02789,1.50,1.35
2013.02.28 16:05:43.516,1.02778,1.0279,2.48,2.10
2013.02.28 16:05:44.448,1.02778,1.0279,2.48,2.10
2013.02.28 16:05:44.958,1.02778,1.02789,2.48,1.35
2013.02.28 16:05:45.477,1.02779,1.02793,2.25,7.20
2013.02.28 16:05:46.037,1.02779,1.02791,1.50,1.35
2013.02.28 16:05:46.625,1.02777,1.02791,3.23,2.10
2013.02.28 16:05:47.597,1.0278,1.02791,1.50,1.35
2013.02.28 16:05:47.657,1.02779,1.02791,2.48,1.50
2013.02.28 16:05:48.016,1.02781,1.02792,2.48,2.25
2013.02.28 16:05:48.076,1.02781,1.02793,2.48,1.50
2013.02.28 16:05:48.317,1.02782,1.02792,1.73,3.15
2013.02.28 16:05:48.498,1.02787,1.02793,2.25,1.50
2013.02.28 16:05:48.763,1.02781,1.02793,3.23,2.25
2013.02.28 16:05:49.307,1.02781,1.02792,3.23,1.65
2013.02.28 16:05:49.857,1.02781,1.02791,3.23,1.05
2013.02.28 16:05:54.496,1.02781,1.02791,1.50,1.43
2013.02.28 16:05:54.860,1.02779,1.02788,1.73,1.50
2013.02.28 16:05:54.931,1.02779,1.02788,1.73,1.50
2013.02.28 16:05:55.177,1.02779,1.02791,1.73,4.88
2013.02.28 16:05:55.477,1.02779,1.02789,1.73,1.50
2013.02.28 16:05:56.500,1.02776,1.02787,4.35,1.05
2013.02.28 16:05:56.817,1.02772,1.02782,1.50,1.50
2013.02.28 16:05:56.876,1.02772,1.02782,1.50,1.50
2013.02.28 16:05:57.596,1.02772,1.02781,1.73,1.50
2013.02.28 16:05:58.396,1.02772,1.02783,1.73,2.25
2013.02.28 16:05:59.537,1.02772,1.02782,2.48,1.50
2013.02.28 16:05:59.615,1.02776,1.02784,1.50,2.25
2013.02.28 16:05:59.681,1.02776,1.02787,1.50,1.65
2013.02.28 16:05:59.753,1.02776,1.02787,3.23,1.80
2013.02.28 16:06:00.374,1.02775,1.02787,1.50,1.50
2013.02.28 16:06:01.394,1.02776,1.02787,3.23,1.28
2013.02.28 16:06:01.947,1.02777,1.02789,2.48,1.80
2013.02.28 16:06:02.367,1.02771,1.02785,3.98,1.50
2013.02.28 16:06:02.486,1.02773,1.02785,1.50,1.50
2013.02.28 16:06:02.727,1.02773,1.02785,1.50,1.50
2013.02.28 16:06:02.847,1.02773,1.02786,1.50,1.13
2013.02.28 16:06:03.087,1.02773,1.02784,1.50,1.50
2013.02.28 16:06:03.627,1.02773,1.02784,1.73,1.50
2013.02.28 16:06:04.166,1.02773,1.02786,1.73,1.50
2013.02.28 16:06:04.707,1.02774,1.02787,3.23,1.65
2013.02.28 16:06:05.009,1.02777,1.02788,1.73,2.55
2013.02.28 16:06:06.439,1.02776,1.02788,5.48,3.15
2013.02.28 16:06:06.617,1.02773,1.02787,2.48,2.25
2013.02.28 16:06:07.324,1.02774,1.02787,1.73,2.25
2013.02.28 16:06:08.147,1.02776,1.02788,1.73,1.50
2013.02.28 16:06:08.787,1.02776,1.02789,1.73,3.15
2013.02.28 16:06:09.146,1.02778,1.02789,1.73,1.05
2013.02.28 16:06:10.979,1.02777,1.0279,4.73,1.80
2013.02.28 16:06:12.769,1.02777,1.02789,2.25,5.55
2013.02.28 16:06:13.466,1.02776,1.02789,1.73,7.05
2013.02.28 16:06:14.018,1.02775,1.02787,1.73,2.40
2013.02.28 16:06:14.076,1.02775,1.02786,1.73,1.50
2013.02.28 16:06:14.195,1.02776,1.02786,1.73,1.50
2013.02.28 16:06:14.616,1.02778,1.02789,1.50,6.90
2013.02.28 16:06:14.976,1.02778,1.02789,1.73,1.05
2013.02.28 16:06:16.680,1.02776,1.02787,1.73,1.50
2013.02.28 16:06:17.226,1.02776,1.02788,1.73,1.65
2013.02.28 16:06:17.847,1.02776,1.02788,2.48,1.80
2013.02.28 16:06:17.907,1.02778,1.02788,1.73,1.05
2013.02.28 16:06:18.643,1.02778,1.02789,1.73,1.80
2013.02.28 16:06:19.327,1.02778,1.02789,2.48,1.80
2013.02.28 16:06:19.866,1.02778,1.02788,1.73,1.05
2013.02.28 16:06:20.446,1.02778,1.02789,1.73,1.05
2013.02.28 16:06:22.396,1.02777,1.02788,1.73,1.05
2013.02.28 16:06:22.540,1.02773,1.02784,1.50,3.00
2013.02.28 16:06:22.906,1.02771,1.02782,1.73,1.50
2013.02.28 16:06:23.448,1.02769,1.02781,1.73,1.50
2013.02.28 16:06:23.996,1.02768,1.02781,3.98,1.50
2013.02.28 16:06:24.535,1.0277,1.02782,1.73,3.00
2013.02.28 16:06:25.075,1.02772,1.02782,1.73,1.50
2013.02.28 16:06:25.196,1.0277,1.02781,1.73,1.50
2013.02.28 16:06:27.207,1.0277,1.02782,1.73,1.50
2013.02.28 16:06:29.417,1.02772,1.02782,1.73,1.50
2013.02.28 16:06:29.777,1.02778,1.02785,1.50,1.50
2013.02.28 16:06:29.958,1.02778,1.02789,1.50,3.75
2013.02.28 16:06:30.079,1.02778,1.02788,1.50,1.28
2013.02.28 16:06:30.197,1.02778,1.02789,2.25,2.03
2013.02.28 16:06:30.257,1.0278,1.0279,1.50,1.28
2013.02.28 16:06:30.617,1.0278,1.02791,2.48,2.03
2013.02.28 16:06:31.356,1.0278,1.02792,2.48,3.38
2013.02.28 16:06:32.756,1.0278,1.02792,1.73,2.70
2013.02.28 16:06:33.409,1.02781,1.02793,1.73,4.20
2013.02.28 16:06:34.296,1.02781,1.02793,1.73,3.90
2013.02.28 16:06:34.850,1.02781,1.02793,2.48,3.90
2013.02.28 16:06:36.907,1.02781,1.02793,1.73,4.20
2013.02.28 16:06:39.106,1.02781,1.02793,2.48,3.45
2013.02.28 16:06:39.887,1.02783,1.02793,2.48,1.50
2013.02.28 16:06:39.949,1.02783,1.02793,2.48,1.50
2013.02.28 16:06:40.068,1.02784,1.02795,1.73,1.50
2013.02.28 16:06:40.650,1.02785,1.02798,1.73,4.95
2013.02.28 16:06:41.747,1.02784,1.02798,3.60,4.95
2013.02.28 16:06:42.325,1.02784,1.02798,4.35,4.65
2013.02.28 16:06:45.206,1.02784,1.02798,5.48,5.40
2013.02.28 16:06:46.287,1.02785,1.02798,1.73,4.20
2013.02.28 16:06:47.488,1.02784,1.02798,3.98,4.65
2013.02.28 16:06:48.367,1.02788,1.028,1.73,1.95
2013.02.28 16:06:48.906,1.02789,1.028,1.73,1.95
2013.02.28 16:06:49.426,1.02789,1.02801,1.73,1.50
2013.02.28 16:06:51.486,1.0279,1.02802,1.73,2.70
2013.02.28 16:06:52.688,1.0279,1.02802,1.73,2.70
2013.02.28 16:06:53.531,1.0279,1.02802,2.48,2.25
2013.02.28 16:06:55.859,1.0279,1.02802,2.48,1.95
2013.02.28 16:06:56.166,1.0279,1.02802,2.48,1.95
2013.02.28 16:06:57.736,1.0279,1.02802,1.73,2.70
2013.02.28 16:06:58.457,1.0279,1.02802,2.48,3.15
2013.02.28 16:06:59.289,1.02791,1.02802,1.73,2.70
2013.02.28 16:07:09.926,1.0279,1.02802,2.48,2.25
2013.02.28 16:07:12.216,1.02791,1.02803,2.48,3.00
2013.02.28 16:07:16.377,1.02791,1.02803,2.48,3.00
2013.02.28 16:07:25.797,1.0279,1.02802,2.48,1.50
2013.02.28 16:07:26.536,1.02791,1.02803,2.48,3.00
2013.02.28 16:07:31.430,1.02791,1.02803,3.23,2.25
2013.02.28 16:07:39.691,1.02792,1.02803,2.48,2.25
2013.02.28 16:07:43.497,1.02795,1.02807,1.73,2.25
2013.02.28 16:07:43.677,1.02797,1.02808,1.50,1.50
2013.02.28 16:07:44.302,1.02798,1.0281,3.23,1.50
2013.02.28 16:07:44.368,1.02798,1.0281,3.98,1.50
2013.02.28 16:07:45.536,1.02799,1.02812,1.73,2.25
2013.02.28 16:07:46.197,1.02799,1.02811,2.48,1.50
2013.02.28 16:07:46.557,1.02798,1.02809,2.48,1.50
2013.02.28 16:07:47.278,1.02798,1.02809,2.48,2.25
2013.02.28 16:07:47.837,1.02799,1.02811,1.73,1.50
2013.02.28 16:07:48.526,1.028,1.02812,1.73,2.25
2013.02.28 16:07:53.066,1.02799,1.02812,2.48,2.25
2013.02.28 16:07:54.274,1.028,1.02812,5.48,2.25
2013.02.28 16:07:54.577,1.02803,1.02815,2.48,1.50
2013.02.28 16:07:55.086,1.02803,1.02816,3.23,1.50
2013.02.28 16:07:56.528,1.02806,1.02817,2.48,1.58
2013.02.28 16:07:56.648,1.02808,1.02819,1.50,2.25
2013.02.28 16:07:56.826,1.0281,1.02822,2.48,2.33
2013.02.28 16:07:56.887,1.02809,1.0282,1.73,1.65
2013.02.28 16:07:57.008,1.02809,1.0282,1.73,3.42
2013.02.28 16:07:57.068,1.02808,1.02817,2.48,2.59
2013.02.28 16:07:57.426,1.02806,1.02816,1.73,1.50
2013.02.28 16:07:57.487,1.02806,1.02816,1.73,2.25
2013.02.28 16:07:57.546,1.02804,1.02816,2.48,2.25
2013.02.28 16:07:57.666,1.02803,1.02813,2.25,1.50
2013.02.28 16:07:57.846,1.02803,1.02813,1.50,3.38
2013.02.28 16:07:58.266,1.02801,1.02813,1.73,3.23
2013.02.28 16:07:58.386,1.02803,1.02813,1.73,3.38
2013.02.28 16:07:58.687,1.02804,1.02814,1.73,3.00
2013.02.28 16:07:59.226,1.02805,1.02815,1.73,1.50
2013.02.28 16:08:06.900,1.02803,1.02814,1.50,1.50
2013.02.28 16:08:07.207,1.02804,1.02816,1.50,1.50
2013.02.28 16:08:07.729,1.02804,1.02817,2.48,3.38
2013.02.28 16:08:10.368,1.02807,1.02817,2.25,1.88
2013.02.28 16:08:10.728,1.02809,1.02819,1.73,1.50
2013.02.28 16:08:10.787,1.02809,1.0282,1.73,2.25
2013.02.28 16:08:10.907,1.02809,1.02821,1.73,2.25
2013.02.28 16:08:11.502,1.02809,1.02821,1.73,1.50
2013.02.28 16:08:13.425,1.02811,1.02822,1.73,1.50
2013.02.28 16:08:16.339,1.02817,1.02823,1.50,2.25
2013.02.28 16:08:16.467,1.02817,1.02826,1.50,3.23
2013.02.28 16:08:16.586,1.02817,1.02827,1.73,1.50
2013.02.28 16:08:16.767,1.02817,1.02827,1.73,1.50
2013.02.28 16:08:17.127,1.02822,1.02833,1.73,2.63
2013.02.28 16:08:17.676,1.02824,1.02834,1.73,1.50
2013.02.28 16:08:18.736,1.02824,1.02835,1.73,1.50
2013.02.28 16:08:19.237,1.02827,1.02836,2.48,1.50
2013.02.28 16:08:19.358,1.02829,1.02839,1.73,3.00
2013.02.28 16:08:19.417,1.02828,1.02841,3.83,2.25
2013.02.28 16:08:19.537,1.02832,1.02842,1.73,1.88
2013.02.28 16:08:20.196,1.02831,1.02842,3.23,1.50
2013.02.28 16:08:20.916,1.02832,1.02845,3.83,2.48
2013.02.28 16:08:20.977,1.02832,1.02845,3.83,2.25
2013.02.28 16:08:21.526,1.02832,1.02845,1.73,3.98
2013.02.28 16:08:23.248,1.02832,1.02845,3.23,1.73
2013.02.28 16:08:23.308,1.02833,1.02845,1.73,1.50
2013.02.28 16:08:33.227,1.02833,1.02844,1.73,2.25
2013.02.28 16:08:33.926,1.02834,1.02846,1.50,3.23
2013.02.28 16:08:33.988,1.02834,1.02846,1.73,1.50
2013.02.28 16:08:34.723,1.02833,1.02846,3.23,1.50
2013.02.28 16:08:38.348,1.02833,1.02845,2.48,3.00
2013.02.28 16:08:38.406,1.02833,1.02844,2.33,1.50
2013.02.28 16:08:38.956,1.02832,1.02843,1.73,2.25
2013.02.28 16:08:39.257,1.02831,1.02842,1.73,4.50
2013.02.28 16:08:40.217,1.02831,1.02842,1.73,1.50
2013.02.28 16:08:42.486,1.02831,1.02842,3.23,1.50
2013.02.28 16:08:44.436,1.0283,1.02843,2.48,3.00
2013.02.28 16:08:47.948,1.0283,1.02843,1.58,4.50
2013.02.28 16:08:49.786,1.0283,1.02842,3.23,1.50
2013.02.28 16:08:54.056,1.02831,1.02843,1.73,1.50
2013.02.28 16:08:54.238,1.02836,1.02846,2.48,2.25
2013.02.28 16:08:54.775,1.02834,1.02846,1.73,2.25
2013.02.28 16:08:57.596,1.02834,1.02846,1.73,3.60
2013.02.28 16:08:57.656,1.02832,1.02844,3.23,6.00
2013.02.28 16:08:58.216,1.02831,1.02843,2.48,2.25
2013.02.28 16:08:59.989,1.02831,1.02841,2.48,1.50
2013.02.28 16:09:00.117,1.02829,1.02839,1.73,3.75
2013.02.28 16:09:00.866,1.02827,1.02833,1.13,1.50
2013.02.28 16:09:00.945,1.02822,1.02833,1.73,1.50
2013.02.28 16:09:01.942,1.02821,1.02833,1.73,2.25
2013.02.28 16:09:02.626,1.02821,1.02833,1.73,3.00
2013.02.28 16:09:07.707,1.02822,1.02833,1.73,3.00
2013.02.28 16:09:08.247,1.02822,1.02833,1.73,3.00
2013.02.28 16:09:18.377,1.0282,1.02832,2.48,1.95
2013.02.28 16:09:18.497,1.02818,1.02829,1.73,1.50
2013.02.28 16:09:18.798,1.02817,1.02827,3.23,1.50
2013.02.28 16:09:20.306,1.02817,1.02828,3.23,1.50
2013.02.28 16:09:21.628,1.02817,1.02827,3.00,1.50
2013.02.28 16:09:23.367,1.02817,1.02827,1.50,1.50
2013.02.28 16:09:23.487,1.02815,1.02827,1.58,1.50
2013.02.28 16:09:23.728,1.02817,1.02827,2.48,3.00
2013.02.28 16:09:23.909,1.02815,1.02826,1.73,1.50
2013.02.28 16:09:24.459,1.02812,1.02825,1.99,1.50
2013.02.28 16:09:25.808,1.0281,1.02822,1.73,1.50
2013.02.28 16:09:26.588,1.02809,1.02821,2.48,3.00
2013.02.28 16:09:26.768,1.02809,1.0282,1.73,2.24
2013.02.28 16:09:26.887,1.02809,1.02821,2.48,3.00
2013.02.28 16:09:27.128,1.02808,1.02819,2.48,1.50
2013.02.28 16:09:27.247,1.02808,1.02821,2.48,3.75
2013.02.28 16:09:27.797,1.02811,1.02822,2.48,3.00
2013.02.28 16:09:29.757,1.02812,1.02823,1.73,2.25
2013.02.28 16:09:42.947,1.0281,1.02823,2.48,3.75
2013.02.28 16:09:43.007,1.0281,1.02821,2.48,1.50
2013.02.28 16:09:43.127,1.0281,1.02822,1.73,3.00
2013.02.28 16:09:43.667,1.0281,1.02822,3.98,1.50
2013.02.28 16:09:44.155,1.0281,1.02822,3.23,1.50
2013.02.28 16:09:44.456,1.0281,1.02819,1.73,3.00
2013.02.28 16:09:44.576,1.02807,1.02818,4.13,2.25
2013.02.28 16:09:44.876,1.02806,1.02817,1.73,1.50
2013.02.28 16:09:44.996,1.02806,1.02817,1.73,1.50
2013.02.28 16:09:45.057,1.02806,1.02817,1.73,1.50
2013.02.28 16:09:45.176,1.02807,1.02819,1.50,4.50
2013.02.28 16:09:45.298,1.02807,1.02819,3.75,3.75
2013.02.28 16:09:45.477,1.02811,1.02823,2.48,3.38
2013.02.28 16:09:45.717,1.02812,1.02823,2.48,1.13
2013.02.28 16:09:46.293,1.02813,1.02825,1.73,1.50
2013.02.28 16:09:49.488,1.02817,1.02828,2.48,1.50
2013.02.28 16:09:49.547,1.02817,1.02827,3.23,1.50
2013.02.28 16:09:49.668,1.0282,1.02831,1.73,1.13
2013.02.28 16:09:50.146,1.02821,1.02833,2.48,3.00
2013.02.28 16:09:57.418,1.02822,1.02833,2.48,2.25
2013.02.28 16:09:57.537,1.02823,1.02836,2.48,1.50
2013.02.28 16:09:58.463,1.02824,1.02836,1.73,1.50
2013.02.28 16:09:59.637,1.02825,1.02836,3.23,1.50
2013.02.28 16:09:59.697,1.02827,1.02838,1.50,1.50
2013.02.28 16:09:59.758,1.02827,1.02838,2.48,1.50
2013.02.28 16:09:59.937,1.02829,1.02841,1.73,1.88
2013.02.28 16:10:00.239,1.02831,1.02844,2.48,1.50
2013.02.28 16:10:00.565,1.02832,1.02845,3.23,1.50
2013.02.28 16:10:01.193,1.02832,1.02844,2.48,1.50
2013.02.28 16:10:02.947,1.02831,1.02843,3.60,3.00
2013.02.28 16:10:04.876,1.02831,1.02843,2.48,3.75
2013.02.28 16:10:05.157,1.02835,1.02843,1.73,3.00
2013.02.28 16:10:05.278,1.02835,1.02846,2.48,1.50
2013.02.28 16:10:05.816,1.02834,1.02846,1.73,1.50
2013.02.28 16:10:07.186,1.02832,1.02846,1.73,3.75
2013.02.28 16:10:07.939,1.02831,1.02843,3.23,1.50
2013.02.28 16:10:08.367,1.02835,1.02845,1.50,1.50
2013.02.28 16:10:08.488,1.02835,1.02844,1.73,1.50
2013.02.28 16:10:10.130,1.02832,1.02845,3.23,1.50
2013.02.28 16:10:12.988,1.02832,1.02844,2.48,1.50
2013.02.28 16:10:14.627,1.02833,1.02845,1.73,1.50
2013.02.28 16:10:15.888,1.02836,1.02845,1.73,1.50
2013.02.28 16:10:16.009,1.02837,1.02848,1.73,1.50
2013.02.28 16:10:16.127,1.02835,1.02848,2.48,2.25
2013.02.28 16:10:16.187,1.02834,1.02846,1.73,1.50
2013.02.28 16:10:16.248,1.02833,1.02846,1.50,1.50
2013.02.28 16:10:19.173,1.02832,1.02844,3.00,1.50
2013.02.28 16:10:22.527,1.02832,1.02844,3.75,1.50
2013.02.28 16:10:28.948,1.02833,1.02846,1.50,2.25
2013.02.28 16:10:30.517,1.02832,1.02844,2.70,2.25
2013.02.28 16:10:32.967,1.02832,1.02844,2.48,1.50
2013.02.28 16:10:35.047,1.02836,1.02846,1.50,2.25
2013.02.28 16:10:35.367,1.0284,1.0285,1.20,1.13
2013.02.28 16:10:35.667,1.02843,1.02853,1.73,1.50
2013.02.28 16:10:35.787,1.02843,1.02853,1.73,1.50
2013.02.28 16:10:36.327,1.02845,1.02854,1.73,1.50
2013.02.28 16:10:37.040,1.02845,1.02854,1.73,1.50
2013.02.28 16:10:37.379,1.02845,1.02855,1.31,1.50
2013.02.28 16:10:38.758,1.02845,1.02855,1.31,1.50
2013.02.28 16:10:38.879,1.02845,1.02858,2.06,3.00
2013.02.28 16:10:38.948,1.02846,1.02858,1.73,1.50
2013.02.28 16:10:39.479,1.02852,1.02863,1.05,1.50
2013.02.28 16:10:39.537,1.02854,1.02864,1.58,1.35
2013.02.28 16:10:39.718,1.02858,1.02868,1.73,2.25
2013.02.28 16:10:40.199,1.02856,1.02868,1.73,2.25
2013.02.28 16:10:40.437,1.02855,1.02866,1.73,1.50
2013.02.28 16:10:40.919,1.02854,1.02863,1.73,2.25
2013.02.28 16:10:40.977,1.02851,1.02862,1.20,1.50
2013.02.28 16:10:41.038,1.0285,1.02862,3.23,2.25
2013.02.28 16:10:41.400,1.02847,1.02857,1.73,1.50
2013.02.28 16:10:41.647,1.02847,1.02857,1.50,3.00
2013.02.28 16:10:41.711,1.02846,1.02857,1.73,3.00
2013.02.28 16:10:42.271,1.02844,1.02856,2.70,1.50
2013.02.28 16:10:42.578,1.02842,1.02854,2.70,1.50
2013.02.28 16:10:43.708,1.02845,1.02855,1.73,1.50
2013.02.28 16:10:44.076,1.02846,1.02857,1.73,2.25
2013.02.28 16:10:45.183,1.02848,1.02858,3.98,1.50
2013.02.28 16:10:45.667,1.0285,1.02862,3.23,2.25
2013.02.28 16:10:45.967,1.02852,1.02862,3.23,1.50
2013.02.28 16:10:46.511,1.02852,1.02865,1.73,2.25
2013.02.28 16:10:47.516,1.02857,1.02867,1.73,1.50
2013.02.28 16:10:47.580,1.02857,1.02866,1.50,2.10
2013.02.28 16:10:47.647,1.02854,1.02865,3.42,2.25
2013.02.28 16:10:47.708,1.02854,1.02863,1.69,1.50
2013.02.28 16:10:47.946,1.0285,1.02862,2.48,1.50
2013.02.28 16:10:49.377,1.0285,1.02862,2.48,2.25
2013.02.28 16:10:49.497,1.02849,1.02861,1.50,2.25
2013.02.28 16:10:49.677,1.02849,1.0286,3.00,1.35
2013.02.28 16:10:49.797,1.02848,1.02858,3.00,2.25
2013.02.28 16:10:49.857,1.02847,1.02858,1.50,3.00
2013.02.28 16:10:50.097,1.02848,1.0286,2.25,2.10
2013.02.28 16:10:50.336,1.02844,1.02857,2.25,3.00
2013.02.28 16:10:50.876,1.02844,1.02856,1.50,1.50
2013.02.28 16:10:51.416,1.02842,1.02855,2.48,2.25
2013.02.28 16:10:52.331,1.02843,1.02855,1.50,2.25
2013.02.28 16:10:52.639,1.02847,1.02858,1.73,2.25
2013.02.28 16:10:53.776,1.02847,1.02858,2.48,2.25
2013.02.28 16:10:54.627,1.02847,1.02857,2.25,1.50
2013.02.28 16:10:56.517,1.02847,1.02858,2.48,2.25
2013.02.28 16:10:57.020,1.02847,1.02858,2.25,1.50
2013.02.28 16:11:02.939,1.02847,1.02856,2.25,1.50
2013.02.28 16:11:04.627,1.02847,1.02858,3.23,1.50
2013.02.28 16:11:26.938,1.02847,1.02861,2.48,3.00
2013.02.28 16:11:27.363,1.02852,1.02863,1.73,1.50
2013.02.28 16:11:27.587,1.02852,1.02864,2.48,2.25
2013.02.28 16:11:27.771,1.02858,1.02867,1.50,2.25
2013.02.28 16:11:27.838,1.02859,1.02869,3.00,1.50
2013.02.28 16:11:27.958,1.02863,1.0287,1.50,1.50
2013.02.28 16:11:28.198,1.02865,1.02875,1.73,1.50
2013.02.28 16:11:28.258,1.02865,1.02875,1.73,1.50
2013.02.28 16:11:28.437,1.02867,1.02878,1.73,1.50
2013.02.28 16:11:28.497,1.02867,1.02877,1.73,1.50
2013.02.28 16:11:28.677,1.02867,1.02879,2.48,1.50
2013.02.28 16:11:34.608,1.02875,1.02883,1.35,1.50
2013.02.28 16:11:34.668,1.02876,1.02883,1.50,1.50
2013.02.28 16:11:34.907,1.02876,1.02888,2.48,5.25
2013.02.28 16:11:35.461,1.02878,1.02887,1.50,1.50
2013.02.28 16:11:35.588,1.02878,1.02891,1.50,1.73
2013.02.28 16:11:36.486,1.02878,1.02891,1.50,1.73
2013.02.28 16:11:38.037,1.02877,1.02888,3.23,1.50
2013.02.28 16:11:38.398,1.02877,1.02888,3.23,1.50
2013.02.28 16:11:40.048,1.02877,1.0289,3.23,1.50
2013.02.28 16:11:41.247,1.0288,1.0289,1.73,1.50
2013.02.28 16:11:41.368,1.02882,1.02893,1.50,3.00
2013.02.28 16:11:42.097,1.02882,1.02895,2.25,1.50
2013.02.28 16:11:42.505,1.02886,1.02897,1.73,1.50
2013.02.28 16:11:43.012,1.02886,1.02899,1.73,4.13
2013.02.28 16:11:43.762,1.02886,1.02897,1.73,1.50
2013.02.28 16:11:44.838,1.02886,1.02898,1.73,1.50
2013.02.28 16:11:45.348,1.02884,1.02893,1.73,1.50
2013.02.28 16:11:45.709,1.02881,1.02892,1.73,1.50
2013.02.28 16:11:46.138,1.02877,1.02885,3.00,1.50
2013.02.28 16:11:46.439,1.02874,1.02883,1.73,2.25
2013.02.28 16:11:48.619,1.02873,1.02883,1.50,1.50
2013.02.28 16:11:49.458,1.02873,1.02886,3.00,1.73
2013.02.28 16:11:49.577,1.02875,1.02888,2.48,1.13
2013.02.28 16:11:49.937,1.02875,1.02888,2.48,1.88
2013.02.28 16:11:50.297,1.02881,1.02892,1.73,1.50
2013.02.28 16:11:50.358,1.02881,1.02893,2.48,3.00
2013.02.28 16:11:50.891,1.02882,1.02895,2.25,1.88
2013.02.28 16:11:51.206,1.02881,1.02892,2.48,1.50
2013.02.28 16:11:51.387,1.02882,1.02893,1.50,2.25
2013.02.28 16:11:51.507,1.02881,1.02892,2.48,2.25
2013.02.28 16:11:52.067,1.02881,1.02892,1.73,1.50
2013.02.28 16:11:52.428,1.02881,1.0289,1.50,1.50
2013.02.28 16:11:52.488,1.02878,1.02888,3.00,1.50
2013.02.28 16:11:52.547,1.02877,1.02888,2.10,2.25
2013.02.28 16:11:52.668,1.02878,1.02888,1.73,2.25
2013.02.28 16:11:54.319,1.02877,1.02889,1.50,3.00
2013.02.28 16:11:54.441,1.02877,1.02889,2.25,2.25
2013.02.28 16:11:54.517,1.02878,1.0289,1.73,3.00
2013.02.28 16:11:56.187,1.0288,1.02892,2.48,3.75
2013.02.28 16:11:56.248,1.0288,1.02892,2.48,3.00
2013.02.28 16:11:56.797,1.02881,1.02892,2.48,2.25
2013.02.28 16:11:57.042,1.02878,1.02888,1.13,2.25
2013.02.28 16:11:57.167,1.02877,1.02888,1.50,3.00
2013.02.28 16:11:57.472,1.02877,1.02888,1.73,2.25
2013.02.28 16:11:57.597,1.02877,1.02888,1.73,1.50
2013.02.28 16:11:57.778,1.02875,1.02888,3.23,1.50
2013.02.28 16:11:58.297,1.02875,1.02888,2.48,2.25
2013.02.28 16:11:58.357,1.02875,1.02888,2.48,3.00
2013.02.28 16:11:58.537,1.02873,1.02884,3.23,2.25
2013.02.28 16:11:59.907,1.02876,1.02884,1.50,2.25
2013.02.28 16:12:00.028,1.02877,1.02887,1.50,2.25
2013.02.28 16:12:00.328,1.02878,1.02888,1.73,1.50
2013.02.28 16:12:00.937,1.02878,1.02888,1.73,2.25
2013.02.28 16:12:04.847,1.02878,1.02887,1.73,2.25
2013.02.28 16:12:05.028,1.02873,1.02884,1.73,3.00
2013.02.28 16:12:05.089,1.02871,1.02882,1.73,2.25
2013.02.28 16:12:05.519,1.0287,1.0288,3.38,2.25
2013.02.28 16:12:05.600,1.02868,1.02879,1.73,3.00
2013.02.28 16:12:06.088,1.02867,1.02878,3.98,2.25
2013.02.28 16:12:08.171,1.02867,1.02874,1.50,1.50
2013.02.28 16:12:08.238,1.02863,1.02874,2.48,2.25
2013.02.28 16:12:09.468,1.02863,1.02871,1.73,1.50
2013.02.28 16:12:09.528,1.02861,1.02871,1.73,2.25
2013.02.28 16:12:09.839,1.02859,1.02869,1.73,1.50
2013.02.28 16:12:10.137,1.0286,1.02873,3.98,1.95
2013.02.28 16:12:10.497,1.02861,1.02872,1.73,3.74
2013.02.28 16:12:10.798,1.02859,1.02869,1.73,2.25
2013.02.28 16:12:11.338,1.02859,1.02871,1.73,2.25
2013.02.28 16:12:12.590,1.02861,1.02872,2.48,1.50
2013.02.28 16:12:12.717,1.02863,1.02873,1.50,1.50
2013.02.28 16:12:12.777,1.02864,1.02873,1.73,1.50
2013.02.28 16:12:12.957,1.02861,1.02872,2.48,1.50
2013.02.28 16:12:15.687,1.0286,1.02872,3.23,2.25
2013.02.28 16:12:16.227,1.0286,1.0287,1.73,1.50
2013.02.28 16:12:17.459,1.0286,1.02871,1.73,1.50
2013.02.28 16:12:18.207,1.0286,1.02871,1.73,1.50
2013.02.28 16:12:24.368,1.02858,1.0287,2.48,2.25
2013.02.28 16:12:24.898,1.02858,1.0287,2.48,2.25
2013.02.28 16:12:25.507,1.02858,1.0287,2.48,2.25
2013.02.28 16:12:26.460,1.02858,1.0287,2.48,2.25
2013.02.28 16:12:26.530,1.02858,1.0287,3.23,2.25
2013.02.28 16:12:26.788,1.02858,1.0287,2.48,3.00
2013.02.28 16:12:31.718,1.02858,1.0287,1.50,2.25
2013.02.28 16:12:32.727,1.02858,1.02869,1.73,1.50
2013.02.28 16:12:32.847,1.02858,1.0287,3.23,1.50
2013.02.28 16:12:33.690,1.02859,1.02872,1.73,4.50
2013.02.28 16:12:34.479,1.0286,1.02872,1.73,2.25
2013.02.28 16:12:35.107,1.02856,1.02865,1.58,2.85
2013.02.28 16:12:35.348,1.02848,1.02856,1.50,6.75
2013.02.28 16:12:35.468,1.0284,1.02853,3.60,2.25
2013.02.28 16:12:35.530,1.0284,1.02853,4.35,2.25
2013.02.28 16:12:35.768,1.02843,1.02854,1.73,2.25
2013.02.28 16:12:36.310,1.02843,1.02855,2.48,2.25
2013.02.28 16:12:36.500,1.02843,1.02855,2.25,1.50
2013.02.28 16:12:45.318,1.02843,1.02854,1.50,1.13
2013.02.28 16:12:45.437,1.02843,1.02855,1.73,3.00
2013.02.28 16:12:45.987,1.02843,1.02856,1.73,2.25
2013.02.28 16:12:46.649,1.02843,1.02853,1.73,1.35
2013.02.28 16:12:46.890,1.02841,1.02853,3.23,1.35
2013.02.28 16:12:47.408,1.02845,1.02854,1.73,1.50
2013.02.28 16:12:47.467,1.02847,1.02856,2.48,3.00
2013.02.28 16:12:47.709,1.02844,1.02854,1.50,2.25
2013.02.28 16:12:47.768,1.02842,1.02854,1.73,3.75
2013.02.28 16:12:48.547,1.02841,1.02854,3.23,3.75
2013.02.28 16:12:52.219,1.02842,1.02855,3.98,1.50
2013.02.28 16:12:54.627,1.02842,1.02854,3.23,2.10
2013.02.28 16:12:54.748,1.02842,1.02854,1.73,4.35
2013.02.28 16:12:55.254,1.02841,1.02853,3.23,1.50
2013.02.28 16:12:56.047,1.0284,1.02851,3.23,1.50
2013.02.28 16:12:56.107,1.02845,1.02854,1.50,5.85
2013.02.28 16:12:56.288,1.02848,1.02856,1.50,1.50
2013.02.28 16:12:56.528,1.02848,1.02856,1.73,1.50
2013.02.28 16:12:57.188,1.02847,1.02856,3.23,1.50
2013.02.28 16:12:57.789,1.02847,1.02856,2.48,1.50
2013.02.28 16:12:59.618,1.02847,1.02856,1.73,3.60
2013.02.28 16:12:59.798,1.02843,1.02854,1.50,3.00
2013.02.28 16:12:59.857,1.02841,1.02853,3.98,1.50
2013.02.28 16:13:00.398,1.02841,1.02852,3.23,1.50
2013.02.28 16:13:00.928,1.02842,1.02854,1.73,1.50
2013.02.28 16:13:01.693,1.02842,1.02854,2.48,2.25
2013.02.28 16:13:05.256,1.02842,1.02854,1.73,2.25
2013.02.28 16:13:05.738,1.02846,1.02858,3.23,1.50
2013.02.28 16:13:06.237,1.02846,1.02856,3.75,1.50
2013.02.28 16:13:06.682,1.02846,1.02856,3.75,1.50
2013.02.28 16:13:09.898,1.02846,1.02856,1.35,1.50
2013.02.28 16:13:10.577,1.02842,1.02854,3.98,2.25
2013.02.28 16:13:14.607,1.02842,1.02854,3.98,2.25
2013.02.28 16:13:15.227,1.02847,1.02857,3.23,1.50
2013.02.28 16:13:15.812,1.02847,1.02857,2.25,1.50
2013.02.28 16:13:18.276,1.02847,1.02858,2.48,1.50
2013.02.28 16:13:20.728,1.0285,1.02862,2.48,2.25
2013.02.28 16:13:20.787,1.02851,1.02863,2.48,2.25
2013.02.28 16:13:21.206,1.02852,1.02865,1.73,1.88
2013.02.28 16:13:23.236,1.02852,1.02865,2.48,1.50
2013.02.28 16:13:23.419,1.02852,1.02864,1.73,3.75
2013.02.28 16:13:29.357,1.02853,1.02863,2.25,1.50
2013.02.28 16:13:29.598,1.0286,1.0287,1.50,3.00
2013.02.28 16:13:29.657,1.02861,1.0287,1.50,3.00
2013.02.28 16:13:29.840,1.02861,1.02872,2.25,2.48
2013.02.28 16:13:30.368,1.02861,1.02872,3.00,1.73
2013.02.28 16:13:30.728,1.0286,1.0287,2.25,1.50
2013.02.28 16:13:30.787,1.02859,1.0287,1.50,1.50
2013.02.28 16:13:30.967,1.02858,1.02871,1.50,3.98
2013.02.28 16:13:31.439,1.02858,1.0287,3.00,1.50
2013.02.28 16:13:31.738,1.02859,1.02872,2.25,1.73
2013.02.28 16:13:32.494,1.02859,1.0287,1.50,1.73
2013.02.28 16:13:32.618,1.02861,1.0287,1.50,1.73
2013.02.28 16:13:33.819,1.0286,1.02872,3.00,2.48
2013.02.28 16:13:35.448,1.0286,1.02872,3.00,2.48
2013.02.28 16:13:35.866,1.02861,1.02873,3.00,1.73
2013.02.28 16:13:35.988,1.02862,1.02875,1.50,2.48
2013.02.28 16:13:36.408,1.02866,1.02876,1.50,1.73
2013.02.28 16:13:36.467,1.02867,1.02877,1.50,1.73
2013.02.28 16:13:36.648,1.02867,1.02877,1.50,1.73
2013.02.28 16:13:37.199,1.02871,1.02882,1.50,2.48
2013.02.28 16:13:37.750,1.02868,1.02879,1.50,2.48
2013.02.28 16:13:37.818,1.02867,1.02879,1.50,2.48
2013.02.28 16:13:40.227,1.02868,1.0288,1.87,1.73
2013.02.28 16:13:40.468,1.0287,1.02881,1.50,1.73
2013.02.28 16:13:40.769,1.02871,1.02882,2.25,1.73
2013.02.28 16:13:41.608,1.02873,1.02883,1.50,1.50
2013.02.28 16:13:41.668,1.02876,1.02885,1.50,6.00
2013.02.28 16:13:41.728,1.02877,1.02885,1.50,2.25
2013.02.28 16:13:41.847,1.02877,1.02885,3.00,1.73
2013.02.28 16:13:42.373,1.02879,1.0289,1.50,3.23
2013.02.28 16:13:43.048,1.02875,1.02889,2.25,3.23
2013.02.28 16:13:43.167,1.02876,1.02888,2.25,1.73
2013.02.28 16:13:44.048,1.02876,1.02888,1.50,1.73
2013.02.28 16:13:44.111,1.02876,1.02888,2.25,2.48
2013.02.28 16:13:44.717,1.02873,1.02886,3.00,1.73
2013.02.28 16:13:45.628,1.02873,1.02886,2.25,1.73
2013.02.28 16:13:50.007,1.02873,1.02887,2.25,5.10
2013.02.28 16:13:50.412,1.02875,1.02885,1.50,1.73
2013.02.28 16:13:50.958,1.02874,1.02888,4.50,1.73
2013.02.28 16:13:52.731,1.02877,1.02889,1.50,1.73
2013.02.28 16:13:55.457,1.02877,1.0289,3.00,2.48
2013.02.28 16:13:58.437,1.02878,1.0289,1.50,1.73
2013.02.28 16:14:02.377,1.02879,1.02893,3.00,6.98
2013.02.28 16:14:02.497,1.02882,1.02893,1.50,5.48
2013.02.28 16:14:02.856,1.02882,1.02893,2.25,4.50
2013.02.28 16:14:06.877,1.02881,1.02893,2.25,3.23
2013.02.28 16:14:07.482,1.02882,1.02893,2.25,3.23
2013.02.28 16:14:08.908,1.02883,1.02893,1.50,3.00
2013.02.28 16:14:12.147,1.02884,1.02893,1.50,3.00
2013.02.28 16:14:12.207,1.02886,1.02896,2.25,3.75
2013.02.28 16:14:12.567,1.02883,1.02893,2.25,2.48
2013.02.28 16:14:12.627,1.02883,1.02893,1.50,2.48
2013.02.28 16:14:12.688,1.02883,1.02894,1.73,2.25
2013.02.28 16:14:12.930,1.02882,1.02894,1.50,3.98
2013.02.28 16:14:13.478,1.02882,1.02893,1.50,2.48
2013.02.28 16:14:13.838,1.0288,1.02891,1.50,1.73
2013.02.28 16:14:14.257,1.02877,1.02889,3.75,2.48
2013.02.28 16:14:15.227,1.02875,1.02887,2.25,1.73
2013.02.28 16:14:15.587,1.02872,1.02883,1.50,3.23
2013.02.28 16:14:16.346,1.02872,1.02883,1.50,3.23
2013.02.28 16:14:18.497,1.02874,1.02885,1.50,3.23
2013.02.28 16:14:18.557,1.02874,1.02885,1.50,1.73
2013.02.28 16:14:19.147,1.02871,1.02883,2.25,1.50
2013.02.28 16:14:19.208,1.02871,1.02883,2.25,1.50
2013.02.28 16:14:19.327,1.02871,1.02882,1.50,2.48
2013.02.28 16:14:19.386,1.02871,1.02882,1.50,2.48
2013.02.28 16:14:19.507,1.02869,1.02882,2.25,3.23
2013.02.28 16:14:19.627,1.02871,1.02882,1.50,3.23
2013.02.28 16:14:20.071,1.02874,1.02883,1.50,1.73
2013.02.28 16:14:20.212,1.02873,1.02883,1.50,2.48
2013.02.28 16:14:22.158,1.02869,1.0288,1.50,2.48
2013.02.28 16:14:22.278,1.02866,1.02878,4.13,3.23
2013.02.28 16:14:22.397,1.02866,1.02879,3.75,2.48
2013.02.28 16:14:22.702,1.0287,1.02881,2.25,3.75
2013.02.28 16:14:22.770,1.0287,1.02881,3.00,2.48
2013.02.28 16:14:23.197,1.02872,1.02884,1.50,3.23
2013.02.28 16:14:23.257,1.02874,1.02884,1.50,1.73
2013.02.28 16:14:24.937,1.02876,1.02885,3.00,1.73
2013.02.28 16:14:25.478,1.02876,1.02886,3.75,1.50
2013.02.28 16:14:26.018,1.02876,1.02888,4.35,1.73
2013.02.28 16:14:26.342,1.02877,1.02888,1.50,1.73
2013.02.28 16:14:27.956,1.02877,1.02888,1.50,1.73
2013.02.28 16:14:30.577,1.02876,1.02888,3.00,1.73
2013.02.28 16:14:31.133,1.02876,1.02886,3.00,1.50
2013.02.28 16:14:31.648,1.02876,1.02884,3.00,1.50
2013.02.28 16:14:36.330,1.02877,1.02889,1.50,5.48
2013.02.28 16:14:38.437,1.02877,1.02889,2.25,1.73
2013.02.28 16:14:44.847,1.02881,1.02893,2.25,3.23
2013.02.28 16:14:45.507,1.02882,1.02893,1.50,2.48
2013.02.28 16:14:45.747,1.02881,1.02893,1.50,3.98
2013.02.28 16:14:48.397,1.02881,1.02893,1.50,1.73
2013.02.28 16:14:49.007,1.0288,1.02893,3.00,1.73
2013.02.28 16:14:49.997,1.02881,1.02893,2.25,1.73
2013.02.28 16:14:56.689,1.02886,1.02894,1.50,2.70
2013.02.28 16:14:56.992,1.02882,1.02894,3.00,3.23
2013.02.28 16:14:57.178,1.02883,1.02894,1.73,1.50
2013.02.28 16:14:57.719,1.02882,1.02893,2.25,2.48
2013.02.28 16:14:58.377,1.02882,1.02893,1.50,3.23
2013.02.28 16:14:58.728,1.02882,1.02894,1.73,2.25
2013.02.28 16:14:59.327,1.02881,1.02895,6.00,1.73
2013.02.28 16:14:59.687,1.02881,1.02893,4.50,3.23
2013.02.28 16:15:00.168,1.02878,1.02891,2.25,1.73
2013.02.28 16:15:00.707,1.02878,1.02891,2.25,2.18
2013.02.28 16:15:02.798,1.02878,1.02888,1.50,1.73
2013.02.28 16:15:03.762,1.02878,1.02887,1.50,1.20
2013.02.28 16:15:06.718,1.02877,1.02888,1.50,2.93
2013.02.28 16:15:07.918,1.02877,1.02888,1.50,2.18
2013.02.28 16:15:09.108,1.02876,1.02888,1.50,2.48
2013.02.28 16:15:09.409,1.02873,1.02887,1.50,1.43
2013.02.28 16:15:12.071,1.02874,1.02885,1.50,1.43
2013.02.28 16:15:12.378,1.02877,1.02886,1.50,1.20
2013.02.28 16:15:12.933,1.02877,1.02888,2.25,2.18
2013.02.28 16:15:22.432,1.02874,1.02887,2.25,1.43
2013.02.28 16:15:22.498,1.02874,1.02886,1.50,1.43
2013.02.28 16:15:24.039,1.02874,1.02886,1.50,2.18
2013.02.28 16:15:24.158,1.02875,1.02886,1.50,2.48
2013.02.28 16:15:24.518,1.02874,1.02885,2.25,1.43
2013.02.28 16:15:25.057,1.02874,1.02885,1.50,1.43
2013.02.28 16:15:26.168,1.02877,1.02886,1.50,1.73
2013.02.28 16:15:26.408,1.02877,1.02886,2.25,1.50
2013.02.28 16:15:26.937,1.02877,1.02889,2.25,2.93
2013.02.28 16:15:45.728,1.02877,1.02886,2.10,1.50
2013.02.28 16:15:51.947,1.02877,1.02887,2.10,1.50
2013.02.28 16:15:55.128,1.02877,1.02887,3.60,1.50
2013.02.28 16:15:57.339,1.02877,1.02887,2.85,2.25
2013.02.28 16:16:04.859,1.02877,1.02887,2.33,2.25
2013.02.28 16:16:05.419,1.02877,1.02887,3.08,1.50
2013.02.28 16:16:10.308,1.02877,1.02886,2.10,1.50
2013.02.28 16:16:10.862,1.02877,1.02887,2.10,1.50
2013.02.28 16:16:11.181,1.02875,1.02883,1.73,1.73
2013.02.28 16:16:12.137,1.02877,1.02884,1.50,1.73
2013.02.28 16:16:12.215,1.02877,1.02887,1.50,1.73
2013.02.28 16:16:18.327,1.02877,1.02887,2.25,1.73
2013.02.28 16:16:18.749,1.02874,1.02887,1.73,2.48
2013.02.28 16:16:18.930,1.02875,1.02887,2.48,1.50
2013.02.28 16:16:19.467,1.02878,1.02887,1.50,1.50
2013.02.28 16:16:20.278,1.02877,1.02887,1.88,1.50
2013.02.28 16:16:20.637,1.02875,1.02887,1.73,1.50
2013.02.28 16:16:20.697,1.02875,1.02886,1.50,1.73
2013.02.28 16:16:21.120,1.02877,1.02887,1.50,1.73
2013.02.28 16:16:21.477,1.02875,1.02885,2.48,1.73
2013.02.28 16:16:22.155,1.02874,1.02885,1.50,1.73
2013.02.28 16:16:27.450,1.02874,1.02884,1.50,3.23
2013.02.28 16:16:27.872,1.02873,1.02883,1.50,1.73
2013.02.28 16:16:27.950,1.02869,1.02879,1.13,2.48
2013.02.28 16:16:28.138,1.02865,1.02878,2.48,1.73
2013.02.28 16:16:28.260,1.02863,1.02874,2.48,1.50
2013.02.28 16:16:28.818,1.02862,1.02874,1.13,1.73
2013.02.28 16:16:29.278,1.02861,1.02872,2.48,1.73
2013.02.28 16:16:29.842,1.02861,1.02872,2.48,1.73
2013.02.28 16:16:35.989,1.02861,1.02872,1.50,1.73
2013.02.28 16:16:36.290,1.02862,1.02872,1.50,1.73
2013.02.28 16:16:51.920,1.02862,1.02874,3.23,2.48
2013.02.28 16:16:53.357,1.02862,1.02874,3.60,1.73
2013.02.28 16:16:54.787,1.02862,1.02874,3.08,1.73
2013.02.28 16:16:55.867,1.02862,1.02874,2.85,1.73
2013.02.28 16:16:56.417,1.02862,1.02875,2.85,1.73
2013.02.28 16:16:56.958,1.02862,1.02876,2.85,2.48
2013.02.28 16:16:57.876,1.02862,1.02875,2.85,1.73
2013.02.28 16:17:00.278,1.02862,1.02875,2.33,1.73
2013.02.28 16:17:04.018,1.02865,1.02878,1.50,2.63
2013.02.28 16:17:06.097,1.02864,1.02877,1.50,1.73
2013.02.28 16:17:08.381,1.02865,1.02877,2.25,1.73
2013.02.28 16:17:08.624,1.02869,1.0288,1.50,1.73
2013.02.28 16:17:08.688,1.0287,1.02881,3.00,1.73
2013.02.28 16:17:10.717,1.0287,1.02881,1.50,1.73
2013.02.28 16:17:10.788,1.02867,1.02879,3.00,3.23
2013.02.28 16:17:10.848,1.02867,1.02879,3.00,3.23
2013.02.28 16:17:11.327,1.02864,1.02878,2.25,3.23
2013.02.28 16:17:11.882,1.02864,1.02878,3.00,3.23
2013.02.28 16:17:12.938,1.02864,1.02873,2.25,1.73
2013.02.28 16:17:13.057,1.02861,1.02873,3.00,4.73
2013.02.28 16:17:13.357,1.02859,1.02871,1.50,3.08
2013.02.28 16:17:13.897,1.02858,1.02872,3.00,2.48
2013.02.28 16:17:14.498,1.02858,1.02872,3.00,3.23
2013.02.28 16:17:15.007,1.0286,1.02872,1.50,2.48
2013.02.28 16:17:15.377,1.02858,1.02867,2.25,1.35
2013.02.28 16:17:15.498,1.02856,1.02865,3.00,1.73
2013.02.28 16:17:15.557,1.02853,1.02864,3.98,1.73
2013.02.28 16:17:15.857,1.02853,1.02865,3.38,2.33
2013.02.28 16:17:16.219,1.02853,1.02864,1.13,2.48
2013.02.28 16:17:17.571,1.02851,1.02863,2.25,3.08
2013.02.28 16:17:17.639,1.02851,1.02863,1.50,1.50
2013.02.28 16:17:17.817,1.02853,1.02865,2.25,1.73
2013.02.28 16:17:18.658,1.02853,1.02863,1.50,1.50
2013.02.28 16:17:18.718,1.02853,1.02862,1.50,1.58
2013.02.28 16:17:18.899,1.0285,1.02862,4.13,1.58
2013.02.28 16:17:19.200,1.0285,1.02858,1.13,1.73
2013.02.28 16:17:19.441,1.02847,1.02858,1.50,2.48
2013.02.28 16:17:19.680,1.02844,1.02857,1.13,1.73
2013.02.28 16:17:22.950,1.02843,1.02854,2.63,1.73
2013.02.28 16:17:23.026,1.02843,1.02853,1.13,1.73
2013.02.28 16:17:23.939,1.02841,1.02853,1.50,1.73
2013.02.28 16:17:24.883,1.02838,1.02844,3.75,1.50
2013.02.28 16:17:24.953,1.02838,1.02844,4.50,1.73
2013.02.28 16:17:25.078,1.02833,1.02842,2.10,1.50
2013.02.28 16:17:27.797,1.02834,1.02846,1.43,1.73
2013.02.28 16:17:28.480,1.02834,1.02846,1.43,1.73
2013.02.28 16:17:29.907,1.02833,1.02845,1.43,1.73
2013.02.28 16:17:35.128,1.02833,1.02845,1.50,1.73
2013.02.28 16:17:36.189,1.02835,1.02845,1.13,1.73
2013.02.28 16:17:36.548,1.02838,1.02848,1.50,3.23
2013.02.28 16:17:37.122,1.0284,1.02852,1.50,1.73
2013.02.28 16:17:37.667,1.02842,1.02853,1.50,2.48
2013.02.28 16:17:37.968,1.02842,1.02853,1.50,1.50
2013.02.28 16:17:38.089,1.02843,1.02853,1.88,2.25
2013.02.28 16:17:38.329,1.02846,1.02856,3.00,1.50
2013.02.28 16:17:38.690,1.02849,1.02858,2.25,1.73
2013.02.28 16:17:38.997,1.02851,1.02862,2.25,1.73
2013.02.28 16:17:39.941,1.02849,1.02859,3.00,3.23
2013.02.28 16:17:40.068,1.02848,1.02856,1.50,1.73
2013.02.28 16:17:40.447,1.02843,1.02853,1.50,1.58
2013.02.28 16:17:40.688,1.02847,1.02853,1.50,2.48
2013.02.28 16:17:40.988,1.02842,1.02854,3.75,1.73
2013.02.28 16:17:44.137,1.02843,1.02855,1.50,2.33
2013.02.28 16:17:45.969,1.02843,1.02853,1.50,1.73
2013.02.28 16:17:46.738,1.02841,1.02848,1.50,1.73
2013.02.28 16:17:46.978,1.02834,1.02846,2.40,1.73
2013.02.28 16:17:47.518,1.02832,1.02846,3.15,2.48
2013.02.28 16:17:48.067,1.02832,1.02845,3.00,1.73
2013.02.28 16:17:48.648,1.02832,1.02843,2.25,1.58
2013.02.28 16:17:48.784,1.02831,1.02843,3.75,1.58
2013.02.28 16:17:49.461,1.0283,1.02842,3.00,1.73
2013.02.28 16:17:50.100,1.0283,1.02842,1.50,3.23
2013.02.28 16:17:54.316,1.02831,1.02842,2.10,3.23
2013.02.28 16:17:54.557,1.02836,1.02846,1.50,2.18
2013.02.28 16:17:54.977,1.02836,1.02846,1.50,1.50
2013.02.28 16:17:56.187,1.02835,1.02846,2.25,1.73
2013.02.28 16:17:56.248,1.02834,1.02846,1.50,2.48
2013.02.28 16:17:58.276,1.02834,1.02845,1.35,1.73
2013.02.28 16:17:58.397,1.02836,1.02845,1.50,1.73
2013.02.28 16:17:58.937,1.02836,1.02846,3.00,1.50
2013.02.28 16:17:59.488,1.02834,1.02846,1.50,1.73
2013.02.28 16:18:00.001,1.02832,1.02844,1.50,1.73
2013.02.28 16:18:03.085,1.02833,1.02844,1.50,1.73
2013.02.28 16:18:03.617,1.02837,1.02846,2.25,1.50
2013.02.28 16:18:03.798,1.02837,1.0285,3.00,2.48
2013.02.28 16:18:03.977,1.02838,1.02851,1.50,2.48
2013.02.28 16:18:04.517,1.02841,1.02853,2.25,4.73
2013.02.28 16:18:13.358,1.02842,1.02853,1.50,2.48
2013.02.28 16:18:13.478,1.02842,1.02855,3.00,2.48
2013.02.28 16:18:14.054,1.02842,1.02854,3.00,1.73
2013.02.28 16:18:15.968,1.02842,1.02852,1.50,1.73
2013.02.28 16:18:17.478,1.02842,1.02855,1.50,2.48
2013.02.28 16:18:22.927,1.02842,1.02855,2.25,1.73
2013.02.28 16:18:24.116,1.02842,1.02856,4.35,2.48
2013.02.28 16:18:24.178,1.02846,1.02856,1.50,2.48
2013.02.28 16:18:24.297,1.02847,1.02858,2.25,2.48
2013.02.28 16:18:24.479,1.02849,1.02859,3.00,1.73
2013.02.28 16:18:24.719,1.02848,1.02859,2.25,1.73
2013.02.28 16:18:25.327,1.02849,1.02861,3.00,2.48
2013.02.28 16:18:26.407,1.0285,1.02861,1.50,1.73
2013.02.28 16:18:27.807,1.02848,1.0286,3.00,2.48
2013.02.28 16:18:28.177,1.02846,1.02858,2.25,1.73
2013.02.28 16:18:28.238,1.02845,1.02858,1.13,2.48
2013.02.28 16:18:29.047,1.02843,1.02855,3.75,1.73
2013.02.28 16:18:31.831,1.02844,1.02855,1.50,1.73
2013.02.28 16:18:32.019,1.02847,1.02858,2.25,1.73
2013.02.28 16:18:32.558,1.02847,1.02859,6.00,1.73
2013.02.28 16:18:33.199,1.02847,1.02858,2.25,3.23
2013.02.28 16:18:33.320,1.02844,1.02856,6.00,1.73
2013.02.28 16:18:33.817,1.02844,1.02855,1.50,1.73
2013.02.28 16:18:34.177,1.02841,1.02853,3.00,3.23
2013.02.28 16:18:35.076,1.02841,1.02853,3.00,3.23
2013.02.28 16:18:35.947,1.02841,1.02853,3.00,3.00
2013.02.28 16:18:37.668,1.02841,1.02853,3.00,3.23
2013.02.28 16:18:50.988,1.02841,1.02851,2.48,2.25
2013.02.28 16:18:51.109,1.02839,1.0285,1.88,1.35
2013.02.28 16:18:51.232,1.02837,1.02845,1.50,3.23
2013.02.28 16:18:51.309,1.02835,1.02845,3.00,3.23
2013.02.28 16:18:51.487,1.02833,1.02843,1.50,1.73
2013.02.28 16:18:51.547,1.02829,1.02843,4.50,2.16
2013.02.28 16:18:52.086,1.0283,1.02843,3.00,1.18
2013.02.28 16:18:54.917,1.02831,1.02843,1.50,1.93
2013.02.28 16:18:55.508,1.0283,1.02842,2.25,1.50
2013.02.28 16:18:56.047,1.02827,1.02838,1.50,2.25
2013.02.28 16:18:56.167,1.02826,1.02838,3.75,2.48
2013.02.28 16:18:57.498,1.02827,1.02838,1.50,2.48
2013.02.28 16:18:57.740,1.02829,1.0284,1.50,1.50
2013.02.28 16:18:58.068,1.0283,1.02841,3.75,1.20
2013.02.28 16:19:02.658,1.0283,1.02842,2.25,1.20
2013.02.28 16:19:02.897,1.02829,1.02841,1.50,2.48
2013.02.28 16:19:05.057,1.02827,1.0284,3.75,1.73
2013.02.28 16:19:05.618,1.02827,1.02839,3.00,2.48
2013.02.28 16:19:08.367,1.02827,1.02839,3.00,2.48
2013.02.28 16:19:10.177,1.02827,1.02838,1.50,1.73
2013.02.28 16:19:12.688,1.02826,1.02835,2.25,1.73
2013.02.28 16:19:12.749,1.02824,1.02835,2.25,2.48
2013.02.28 16:19:13.048,1.02821,1.02833,2.25,2.48
2013.02.28 16:19:13.228,1.02818,1.02832,5.63,1.73
2013.02.28 16:19:13.767,1.02819,1.02832,1.50,1.73
2013.02.28 16:19:16.137,1.02818,1.02832,4.13,3.98
2013.02.28 16:19:16.678,1.02819,1.02832,2.25,3.23
2013.02.28 16:19:17.435,1.0282,1.02832,1.50,3.00
2013.02.28 16:19:18.467,1.02819,1.02832,3.00,1.73
2013.02.28 16:19:18.974,1.0282,1.02832,1.50,1.73
2013.02.28 16:19:23.102,1.0282,1.02832,3.00,1.50
2013.02.28 16:19:26.328,1.0282,1.02833,3.00,2.70
2013.02.28 16:19:26.567,1.02822,1.02834,2.25,2.48
2013.02.28 16:19:26.627,1.0282,1.02834,2.25,2.16
2013.02.28 16:19:33.080,1.02821,1.02833,1.50,3.08
2013.02.28 16:19:55.538,1.02818,1.0283,2.25,2.48
2013.02.28 16:19:55.898,1.02816,1.02828,3.00,1.73
2013.02.28 16:19:56.017,1.02814,1.02825,1.50,2.48
2013.02.28 16:19:56.258,1.02809,1.02823,1.50,2.73
2013.02.28 16:19:56.377,1.02809,1.02823,2.25,2.73
2013.02.28 16:19:56.978,1.02808,1.02819,1.05,3.98
2013.02.28 16:19:57.038,1.02806,1.02818,1.50,2.48
2013.02.28 16:19:57.398,1.02804,1.02816,1.50,1.73
2013.02.28 16:19:57.938,1.02802,1.02814,1.50,2.48
2013.02.28 16:19:58.752,1.028,1.02813,1.50,1.58
2013.02.28 16:19:58.999,1.028,1.02812,2.25,1.58
2013.02.28 16:19:59.359,1.02796,1.02804,1.88,2.10
2013.02.28 16:20:00.098,1.02793,1.02802,1.77,3.83
2013.02.28 16:20:00.182,1.02788,1.02802,3.00,2.48
2013.02.28 16:20:00.749,1.02791,1.02803,1.50,2.25
2013.02.28 16:20:01.259,1.02789,1.02802,3.00,1.73
2013.02.28 16:20:07.378,1.02789,1.02794,1.50,1.73
2013.02.28 16:20:07.628,1.02786,1.02796,1.50,1.73
2013.02.28 16:20:07.688,1.02785,1.02798,1.50,2.25
2013.02.28 16:20:07.748,1.02785,1.02798,2.25,1.73
2013.02.28 16:20:07.989,1.02789,1.028,1.50,3.00
2013.02.28 16:20:08.448,1.02789,1.02802,1.50,3.23
2013.02.28 16:20:08.975,1.02789,1.02802,1.50,1.73
2013.02.28 16:20:09.772,1.02791,1.02803,1.50,3.00
2013.02.28 16:20:10.318,1.0279,1.02803,1.50,1.50
2013.02.28 16:20:11.938,1.02793,1.02805,1.50,6.98
2013.02.28 16:20:12.619,1.02793,1.02806,1.50,1.73
2013.02.28 16:20:13.200,1.02792,1.02806,3.00,1.73
2013.02.28 16:20:13.503,1.02793,1.02807,6.75,3.23
2013.02.28 16:20:13.818,1.02801,1.0281,2.25,2.40
2013.02.28 16:20:13.945,1.02802,1.02811,1.50,1.27
2013.02.28 16:20:15.277,1.02803,1.02815,1.50,1.73
2013.02.28 16:20:15.827,1.02802,1.02814,2.25,1.73
2013.02.28 16:20:15.888,1.02801,1.02806,4.50,2.25
2013.02.28 16:20:16.069,1.02795,1.02801,4.50,1.50
2013.02.28 16:20:16.130,1.02791,1.02801,3.75,1.35
2013.02.28 16:20:16.189,1.02791,1.028,3.75,1.35
2013.02.28 16:20:16.249,1.02791,1.02799,1.50,1.50
2013.02.28 16:20:16.368,1.02789,1.02801,1.50,2.25
2013.02.28 16:20:16.668,1.02789,1.02801,1.73,2.85
2013.02.28 16:20:17.169,1.02789,1.02799,2.25,1.50
2013.02.28 16:20:18.451,1.02789,1.02799,1.50,1.50
2013.02.28 16:20:21.919,1.02787,1.02798,3.75,1.35
2013.02.28 16:20:23.088,1.02787,1.02797,3.00,1.35
2013.02.28 16:20:23.271,1.02786,1.02795,1.50,1.50
2013.02.28 16:20:23.399,1.02786,1.02796,1.50,1.50
2013.02.28 16:20:23.638,1.02787,1.02799,1.50,4.35
2013.02.28 16:20:24.179,1.02786,1.02799,1.88,3.83
2013.02.28 16:20:33.600,1.02785,1.02792,3.00,1.58
2013.02.28 16:20:33.669,1.02779,1.0279,3.75,1.73
2013.02.28 16:20:33.858,1.02777,1.02788,1.50,2.48
2013.02.28 16:20:33.919,1.02777,1.02787,1.50,1.73
2013.02.28 16:20:34.038,1.02777,1.02786,1.50,1.73
2013.02.28 16:20:34.579,1.02778,1.02787,1.50,1.73
2013.02.28 16:20:36.119,1.02778,1.02788,1.50,2.48
2013.02.28 16:20:38.519,1.02777,1.02788,1.50,1.73
2013.02.28 16:20:38.879,1.02781,1.02792,1.50,1.73
2013.02.28 16:20:39.127,1.02782,1.02792,2.25,1.58
2013.02.28 16:20:39.189,1.02781,1.02792,2.25,2.10
2013.02.28 16:20:40.059,1.02781,1.02792,1.50,1.73
2013.02.28 16:20:43.118,1.02781,1.02793,4.35,1.73
2013.02.28 16:20:43.428,1.02788,1.02799,1.50,3.98
2013.02.28 16:20:43.748,1.02789,1.02801,1.50,1.50
2013.02.28 16:20:43.989,1.0279,1.02802,2.25,3.23
2013.02.28 16:20:47.221,1.02792,1.02803,1.50,3.00
2013.02.28 16:20:50.653,1.02797,1.02803,2.25,2.25
2013.02.28 16:20:50.719,1.02793,1.02803,4.58,2.48
2013.02.28 16:20:51.268,1.02793,1.02803,2.70,2.48
2013.02.28 16:20:51.778,1.02793,1.02803,3.45,1.50
2013.02.28 16:20:52.258,1.02797,1.02808,1.50,1.73
2013.02.28 16:20:52.498,1.028,1.02812,1.50,5.10
2013.02.28 16:20:53.008,1.028,1.02812,1.50,5.10
2013.02.28 16:20:53.729,1.02802,1.02814,2.25,3.98
2013.02.28 16:20:54.778,1.028,1.02812,1.50,1.50
2013.02.28 16:20:54.839,1.028,1.02812,1.50,1.73
2013.02.28 16:20:55.811,1.028,1.02812,1.50,2.48
2013.02.28 16:20:59.778,1.028,1.02812,2.25,1.73
2013.02.28 16:21:01.608,1.02802,1.02813,1.35,1.73
2013.02.28 16:21:01.668,1.02804,1.02813,1.50,1.50
2013.02.28 16:21:01.729,1.02806,1.02814,1.50,1.73
2013.02.28 16:21:01.849,1.02805,1.02817,1.50,1.58
2013.02.28 16:21:01.909,1.02805,1.02817,1.50,1.58
2013.02.28 16:21:01.968,1.02804,1.02816,6.75,1.73
2013.02.28 16:21:02.518,1.02803,1.02816,1.50,2.48
2013.02.28 16:21:03.299,1.02803,1.02815,1.50,1.73
2013.02.28 16:21:04.938,1.02802,1.02815,1.50,2.48
2013.02.28 16:21:07.422,1.02802,1.02815,2.25,2.48
2013.02.28 16:21:09.207,1.02802,1.02815,1.50,2.48
2013.02.28 16:21:10.418,1.02802,1.02812,1.50,1.35
2013.02.28 16:21:10.538,1.02801,1.02812,1.50,2.33
2013.02.28 16:21:15.328,1.02798,1.02811,1.65,2.48
2013.02.28 16:21:15.689,1.02796,1.02807,6.00,1.50
2013.02.28 16:21:15.807,1.02793,1.02804,1.50,2.48
2013.02.28 16:21:15.928,1.02792,1.02802,2.25,1.58
2013.02.28 16:21:16.228,1.0279,1.02801,3.00,2.33
2013.02.28 16:21:24.667,1.02792,1.02803,1.50,2.48
2013.02.28 16:21:24.728,1.02792,1.02803,1.50,1.50
2013.02.28 16:21:25.267,1.02792,1.02804,2.25,2.48
2013.02.28 16:21:25.717,1.0279,1.02803,2.25,1.73
2013.02.28 16:21:34.792,1.0279,1.02804,3.00,5.10
2013.02.28 16:21:56.477,1.0279,1.02801,1.50,1.58
2013.02.28 16:21:57.267,1.0279,1.02801,2.25,1.58
2013.02.28 16:21:58.517,1.0279,1.02801,2.25,1.58
2013.02.28 16:22:00.977,1.02791,1.02803,1.50,3.23
2013.02.28 16:22:01.278,1.02792,1.02803,3.00,1.73
2013.02.28 16:22:01.792,1.02792,1.02805,3.00,2.48
2013.02.28 16:22:02.402,1.02792,1.02804,3.00,1.73
2013.02.28 16:22:04.277,1.02792,1.02805,2.25,1.73
2013.02.28 16:22:04.598,1.02792,1.02805,1.88,2.48
2013.02.28 16:22:05.241,1.02792,1.02805,2.63,1.73
2013.02.28 16:22:10.913,1.02793,1.02806,1.50,2.48
2013.02.28 16:22:11.838,1.02793,1.02806,2.40,1.73
2013.02.28 16:22:19.688,1.02793,1.02806,1.65,2.48
2013.02.28 16:22:19.749,1.02793,1.02806,1.28,2.48
2013.02.28 16:22:20.307,1.02792,1.02804,3.38,1.73
2013.02.28 16:22:20.618,1.02792,1.02804,2.93,1.73
2013.02.28 16:22:29.138,1.02792,1.02804,3.53,1.73
2013.02.28 16:22:29.199,1.02792,1.02803,1.50,2.48
2013.02.28 16:22:29.438,1.02791,1.02803,2.25,3.23
2013.02.28 16:22:30.438,1.02791,1.02802,1.58,1.73
2013.02.28 16:22:30.558,1.0279,1.02802,2.40,1.50
2013.02.28 16:22:31.429,1.02792,1.02802,1.05,1.50
2013.02.28 16:22:32.710,1.02791,1.02802,1.65,1.73
2013.02.28 16:22:32.828,1.02791,1.02802,1.50,1.73
2013.02.28 16:22:33.879,1.0279,1.02802,2.25,3.23
2013.02.28 16:22:35.787,1.0279,1.02802,2.25,2.48
2013.02.28 16:22:37.808,1.02789,1.02801,1.05,1.73
2013.02.28 16:22:40.189,1.02787,1.02798,2.40,3.22
2013.02.28 16:22:40.608,1.02787,1.02796,1.50,1.50
2013.02.28 16:22:41.589,1.02787,1.02799,2.25,3.22
2013.02.28 16:22:48.097,1.02788,1.02801,2.25,1.73
2013.02.28 16:22:48.458,1.0279,1.02802,1.50,3.23
2013.02.28 16:22:52.468,1.02789,1.02801,1.50,3.23
2013.02.28 16:22:52.830,1.02787,1.028,3.00,2.48
2013.02.28 16:22:53.369,1.02782,1.02793,1.05,2.10
2013.02.28 16:22:53.940,1.02782,1.02793,1.05,2.85
2013.02.28 16:22:54.009,1.02781,1.02793,6.15,2.85
2013.02.28 16:22:54.068,1.02781,1.02793,6.00,2.85
2013.02.28 16:22:57.292,1.02782,1.02793,1.95,2.33
2013.02.28 16:22:57.719,1.02783,1.02796,1.80,2.48
2013.02.28 16:22:57.780,1.02784,1.02797,1.50,2.33
2013.02.28 16:22:57.841,1.02788,1.02798,1.50,2.33
2013.02.28 16:22:58.259,1.0279,1.02803,1.50,4.73
2013.02.28 16:22:58.779,1.02791,1.02802,1.50,1.58
2013.02.28 16:23:00.438,1.02792,1.02804,1.50,1.73
2013.02.28 16:23:00.940,1.02792,1.02803,3.00,1.73
2013.02.28 16:23:00.998,1.02792,1.02803,3.00,1.73
2013.02.28 16:23:01.358,1.02791,1.02802,1.50,1.58
2013.02.28 16:23:04.429,1.02792,1.02804,1.50,2.48
2013.02.28 16:23:05.458,1.02792,1.02804,2.25,5.10
2013.02.28 16:23:06.978,1.02792,1.02804,1.50,5.85
2013.02.28 16:23:09.918,1.02789,1.02803,4.50,2.55
2013.02.28 16:23:11.606,1.02791,1.02803,1.50,2.33
2013.02.28 16:23:13.869,1.0279,1.02802,3.00,1.58
2013.02.28 16:23:19.960,1.02791,1.02803,1.50,3.98
2013.02.28 16:23:36.380,1.02789,1.028,1.50,1.73
2013.02.28 16:23:36.559,1.02787,1.02796,1.50,2.10
2013.02.28 16:23:36.918,1.02786,1.02793,2.25,2.85
2013.02.28 16:23:37.579,1.02781,1.02793,2.48,2.85
2013.02.28 16:23:37.638,1.02781,1.02793,2.25,2.85
2013.02.28 16:23:37.758,1.02781,1.02793,1.50,3.08
2013.02.28 16:23:42.198,1.02782,1.02793,1.50,2.48
2013.02.28 16:23:42.499,1.0278,1.0279,1.50,1.73
2013.02.28 16:23:43.080,1.02779,1.0279,1.13,1.73
2013.02.28 16:23:45.217,1.02779,1.0279,1.50,1.73
2013.02.28 16:23:46.328,1.02778,1.02788,2.25,1.58
2013.02.28 16:23:46.629,1.02772,1.02783,2.10,1.50
2013.02.28 16:23:46.988,1.02772,1.02783,1.50,1.35
2013.02.28 16:23:50.940,1.02771,1.02783,1.50,2.10
2013.02.28 16:23:51.109,1.02771,1.02783,1.50,1.88
2013.02.28 16:23:51.229,1.02773,1.02786,1.65,1.73
2013.02.28 16:23:51.708,1.02772,1.02782,1.50,1.50
2013.02.28 16:23:52.247,1.02772,1.02784,1.50,2.48
2013.02.28 16:23:52.799,1.02772,1.02783,1.50,1.50
2013.02.28 16:23:53.649,1.02771,1.02783,1.50,3.23
2013.02.28 16:23:53.958,1.02771,1.02782,1.50,1.73
2013.02.28 16:23:59.178,1.02771,1.02782,1.50,1.73
2013.02.28 16:23:59.722,1.02771,1.02783,3.00,3.98
2013.02.28 16:24:00.389,1.02769,1.02777,2.25,1.58
2013.02.28 16:24:00.569,1.02765,1.02774,1.50,1.73
2013.02.28 16:24:00.630,1.02764,1.02777,1.50,1.73
2013.02.28 16:24:00.749,1.02768,1.02778,1.50,3.98
2013.02.28 16:24:00.869,1.02769,1.0278,1.50,3.23
2013.02.28 16:24:03.448,1.0277,1.02782,3.00,2.48
2013.02.28 16:24:06.658,1.0277,1.02782,2.25,2.70
2013.02.28 16:24:10.108,1.0277,1.02782,2.25,2.48
2013.02.28 16:24:17.379,1.02772,1.02784,5.70,2.48
2013.02.28 16:24:17.678,1.02777,1.02789,3.00,5.48
2013.02.28 16:24:17.739,1.02777,1.0279,3.00,2.10
2013.02.28 16:24:17.858,1.02778,1.02789,1.50,1.73
2013.02.28 16:24:18.170,1.02774,1.02783,2.25,2.25
2013.02.28 16:24:18.498,1.02774,1.02783,1.50,2.25
2013.02.28 16:24:18.798,1.02778,1.02788,1.50,1.73
2013.02.28 16:24:19.358,1.0278,1.02792,1.50,1.35
2013.02.28 16:24:30.708,1.0278,1.02793,2.25,3.98
2013.02.28 16:24:31.770,1.0278,1.02793,3.00,3.23
2013.02.28 16:24:32.328,1.0278,1.02793,3.00,1.73
2013.02.28 16:24:33.337,1.0278,1.02793,3.00,1.73
2013.02.28 16:24:33.728,1.0278,1.02793,3.75,1.73
2013.02.28 16:24:34.217,1.0278,1.02793,3.00,1.73
2013.02.28 16:24:34.338,1.0278,1.02793,3.00,1.73
2013.02.28 16:24:34.698,1.0278,1.02793,3.00,1.73
2013.02.28 16:24:34.998,1.0278,1.02793,3.00,1.73
2013.02.28 16:24:35.538,1.0278,1.02793,3.00,1.73
2013.02.28 16:24:35.719,1.0278,1.02793,3.75,1.73
2013.02.28 16:24:36.029,1.0278,1.02793,3.00,1.73
2013.02.28 16:24:36.428,1.0278,1.02793,3.75,1.73
2013.02.28 16:24:37.034,1.0278,1.02793,3.00,2.48
2013.02.28 16:24:40.798,1.02781,1.02793,1.50,1.73
2013.02.28 16:24:40.919,1.02781,1.02793,1.50,1.73
2013.02.28 16:24:41.689,1.02781,1.02793,1.58,1.73
2013.02.28 16:24:44.228,1.02782,1.02795,2.33,4.20
2013.02.28 16:24:44.408,1.02783,1.02795,1.58,1.95
2013.02.28 16:24:45.460,1.02782,1.02795,1.50,1.73
2013.02.28 16:24:47.398,1.02782,1.02794,2.25,2.33
2013.02.28 16:24:49.595,1.02781,1.02793,1.50,3.98
2013.02.28 16:24:50.099,1.0278,1.02792,1.50,2.48
2013.02.28 16:24:50.398,1.02781,1.02792,1.50,1.50
2013.02.28 16:24:50.698,1.0278,1.02791,1.50,1.58
2013.02.28 16:24:51.200,1.0278,1.02791,1.80,1.58
2013.02.28 16:24:51.728,1.0278,1.02791,1.65,1.58
2013.02.28 16:24:54.938,1.02779,1.02791,2.40,1.58
2013.02.28 16:24:56.948,1.02779,1.02793,3.15,2.33
2013.02.28 16:24:58.348,1.02779,1.02791,2.48,2.48
2013.02.28 16:24:59.679,1.02779,1.02791,3.23,1.73
2013.02.28 16:25:02.154,1.0278,1.02793,1.80,2.48
2013.02.28 16:25:03.828,1.0278,1.02793,1.50,2.48
2013.02.28 16:25:05.508,1.0278,1.02792,1.65,1.73
2013.02.28 16:25:06.510,1.0278,1.02793,1.50,2.48
2013.02.28 16:25:11.898,1.02779,1.02791,3.15,1.58
2013.02.28 16:25:12.709,1.02779,1.02791,3.23,1.73
2013.02.28 16:25:12.951,1.02783,1.02794,2.25,2.25
2013.02.28 16:25:13.021,1.02784,1.02794,2.85,2.48
2013.02.28 16:25:13.141,1.02787,1.02797,1.50,2.33
2013.02.28 16:25:13.449,1.02782,1.02793,3.15,1.73
2013.02.28 16:25:13.901,1.02782,1.02793,3.15,1.50
2013.02.28 16:25:13.992,1.02782,1.02792,1.50,1.73
2013.02.28 16:25:17.040,1.0278,1.02791,1.65,1.58
2013.02.28 16:25:19.129,1.02782,1.02791,1.50,1.58
2013.02.28 16:25:20.648,1.02782,1.02792,1.50,1.73
2013.02.28 16:25:27.518,1.0278,1.02792,1.73,3.23
2013.02.28 16:25:28.601,1.02782,1.02792,2.10,3.23
2013.02.28 16:25:28.800,1.02787,1.02796,2.25,2.48
2013.02.28 16:25:28.922,1.02786,1.02796,1.50,1.73
2013.02.28 16:25:28.988,1.02786,1.02796,1.50,1.73
2013.02.28 16:25:29.229,1.02787,1.02796,2.25,1.50
2013.02.28 16:25:29.288,1.02787,1.02796,2.25,1.50
2013.02.28 16:25:29.409,1.02787,1.02797,1.50,1.73
2013.02.28 16:25:29.469,1.02783,1.02795,1.88,1.73
2013.02.28 16:25:29.648,1.02782,1.02795,2.40,2.48
2013.02.28 16:25:30.470,1.02782,1.02794,2.40,1.73
2013.02.28 16:25:30.828,1.02782,1.02795,2.40,1.73
2013.02.28 16:25:31.009,1.02782,1.02796,2.55,3.23
2013.02.28 16:25:31.740,1.02785,1.02796,2.25,1.73
2013.02.28 16:25:32.100,1.02786,1.02798,3.53,1.73
2013.02.28 16:25:32.340,1.02786,1.02798,1.28,2.48
2013.02.28 16:25:33.485,1.02786,1.02798,1.88,1.73
2013.02.28 16:25:34.238,1.02788,1.02798,1.50,2.48
2013.02.28 16:25:34.479,1.02789,1.028,2.25,2.48
2013.02.28 16:25:35.029,1.0279,1.02801,1.50,2.48
2013.02.28 16:25:37.469,1.02789,1.02801,2.33,2.48
2013.02.28 16:25:40.789,1.0279,1.02801,1.50,3.23
2013.02.28 16:25:41.089,1.02789,1.02797,1.50,3.23
2013.02.28 16:25:41.449,1.02782,1.02793,1.05,1.50
2013.02.28 16:25:42.003,1.02783,1.02794,1.13,1.50
2013.02.28 16:25:43.683,1.02782,1.02792,1.13,2.10
2013.02.28 16:25:43.808,1.02781,1.02792,1.50,2.85
2013.02.28 16:25:44.363,1.02783,1.02792,1.50,1.50
2013.02.28 16:25:44.740,1.02781,1.02792,1.65,2.25
2013.02.28 16:25:45.987,1.02781,1.02792,2.40,2.25
2013.02.28 16:25:47.456,1.0278,1.02792,1.65,3.00
2013.02.28 16:25:48.021,1.0278,1.02792,1.65,3.00
2013.02.28 16:25:50.159,1.0278,1.02792,1.65,3.00
2013.02.28 16:25:55.858,1.02781,1.02792,1.50,3.38
2013.02.28 16:25:56.039,1.02779,1.02791,1.65,2.25
2013.02.28 16:25:56.158,1.02778,1.02789,2.40,2.48
2013.02.28 16:26:04.938,1.02779,1.0279,1.65,4.73
2013.02.28 16:26:06.638,1.02778,1.02789,1.50,1.73
2013.02.28 16:26:07.202,1.02777,1.02785,3.00,1.50
2013.02.28 16:26:07.388,1.0277,1.02782,1.88,2.25
2013.02.28 16:26:13.529,1.02772,1.02782,1.88,1.50
2013.02.28 16:26:13.829,1.02776,1.02788,1.50,3.23
2013.02.28 16:26:13.948,1.02779,1.02788,1.50,1.50
2013.02.28 16:26:14.070,1.02779,1.02789,2.25,5.25
2013.02.28 16:26:14.251,1.02779,1.02791,4.35,3.75
2013.02.28 16:26:14.378,1.02779,1.02791,4.58,1.50
2013.02.28 16:26:14.921,1.02779,1.02792,3.23,1.50
2013.02.28 16:26:15.761,1.0278,1.02792,3.08,1.50
2013.02.28 16:26:20.839,1.0278,1.02792,2.63,2.25
2013.02.28 16:26:21.469,1.0278,1.02792,1.73,3.75
2013.02.28 16:26:21.889,1.02778,1.0279,2.63,3.60
2013.02.28 16:26:21.949,1.02778,1.0279,3.00,3.60
2013.02.28 16:26:22.190,1.02778,1.0279,3.23,2.10
2013.02.28 16:26:32.891,1.02778,1.02792,2.48,3.00
2013.02.28 16:26:33.854,1.02781,1.02792,1.73,1.50
2013.02.28 16:26:35.878,1.02782,1.02793,1.73,2.25
2013.02.28 16:26:36.419,1.02782,1.02792,1.73,1.35
2013.02.28 16:26:38.148,1.02779,1.02792,1.73,3.60
2013.02.28 16:26:38.699,1.02776,1.02789,1.05,2.85
2013.02.28 16:26:38.821,1.02776,1.02789,1.05,3.60
2013.02.28 16:26:39.447,1.02778,1.02789,1.50,2.25
2013.02.28 16:26:40.049,1.02776,1.02789,1.73,3.75
2013.02.28 16:26:40.588,1.02776,1.02788,1.73,1.50
2013.02.28 16:26:40.948,1.02775,1.02787,1.73,2.10
2013.02.28 16:26:41.368,1.02775,1.02787,1.73,2.85
2013.02.28 16:26:42.980,1.02776,1.02789,2.85,1.50
2013.02.28 16:26:43.038,1.02778,1.0279,1.73,2.25
2013.02.28 16:26:45.841,1.02781,1.02792,1.05,1.35
2013.02.28 16:26:46.498,1.02782,1.02793,1.05,1.50
2013.02.28 16:26:47.531,1.02781,1.02793,1.05,1.50
2013.02.28 16:26:49.049,1.02781,1.02792,1.05,2.10
2013.02.28 16:26:50.411,1.02781,1.02791,1.05,1.65
2013.02.28 16:26:51.709,1.02779,1.0279,1.73,1.50
2013.02.28 16:26:52.869,1.02781,1.02791,1.73,1.50
2013.02.28 16:26:53.919,1.02779,1.02791,1.80,2.33
2013.02.28 16:26:55.358,1.02779,1.02791,1.05,3.23
2013.02.28 16:26:57.978,1.02779,1.02791,1.05,3.75
2013.02.28 16:26:58.038,1.02779,1.02791,1.05,4.95
2013.02.28 16:26:59.079,1.02779,1.02791,1.05,1.95
2013.02.28 16:27:00.339,1.02779,1.02791,1.05,1.95
2013.02.28 16:27:01.719,1.0278,1.02792,1.05,1.50
2013.02.28 16:27:02.978,1.0278,1.02792,1.13,1.50
2013.02.28 16:27:03.518,1.0278,1.02792,1.13,1.50
2013.02.28 16:27:04.540,1.0278,1.02792,1.13,1.50
2013.02.28 16:27:05.659,1.0278,1.02792,1.13,1.50
2013.02.28 16:27:09.809,1.02778,1.02792,4.73,2.25
2013.02.28 16:27:11.950,1.0278,1.02792,1.05,2.25
2013.02.28 16:27:12.498,1.0278,1.02792,1.13,2.25
2013.02.28 16:27:12.889,1.02781,1.0279,1.05,1.50
2013.02.28 16:27:13.840,1.02782,1.02792,1.13,2.85
2013.02.28 16:27:15.328,1.02782,1.02792,1.13,1.50
2013.02.28 16:27:17.808,1.02783,1.02792,1.65,1.35
2013.02.28 16:27:18.709,1.02784,1.02797,1.65,3.23
2013.02.28 16:27:18.949,1.02784,1.02794,1.05,2.25
2013.02.28 16:27:19.132,1.02785,1.02794,1.05,1.50
2013.02.28 16:27:19.258,1.02785,1.02797,1.05,2.10
2013.02.28 16:27:19.848,1.02784,1.02797,1.13,2.85
2013.02.28 16:27:20.459,1.02787,1.02797,1.73,1.50
2013.02.28 16:27:20.759,1.02789,1.02802,1.73,6.00
2013.02.28 16:27:22.929,1.02793,1.02804,1.28,2.25
2013.02.28 16:27:23.168,1.02792,1.02804,2.48,2.25
2013.02.28 16:27:23.718,1.02793,1.02802,2.25,2.10
2013.02.28 16:27:23.838,1.02791,1.02801,1.73,1.35
2013.02.28 16:27:24.199,1.02791,1.02803,2.48,3.00
2013.02.28 16:27:24.378,1.02792,1.02803,1.73,1.50
2013.02.28 16:27:24.740,1.02791,1.02803,2.48,1.50
2013.02.28 16:27:24.919,1.02791,1.02804,3.23,2.25
2013.02.28 16:27:24.978,1.02792,1.02805,1.73,1.50
2013.02.28 16:27:25.530,1.02791,1.02802,3.98,1.35
2013.02.28 16:27:25.607,1.02791,1.02802,3.98,1.35
2013.02.28 16:27:25.989,1.02791,1.02805,6.98,1.50
2013.02.28 16:27:26.048,1.02791,1.02805,6.98,3.60
2013.02.28 16:27:26.170,1.02791,1.02803,5.48,2.10
2013.02.28 16:27:26.444,1.02791,1.02803,3.23,3.60
2013.02.28 16:27:26.938,1.02792,1.02805,2.48,2.25
2013.02.28 16:27:26.998,1.02792,1.02805,2.48,1.50
2013.02.28 16:27:27.358,1.02792,1.02805,3.98,1.50
2013.02.28 16:27:27.880,1.02793,1.02805,1.73,1.50
2013.02.28 16:27:28.650,1.02792,1.02805,3.23,1.50
2013.02.28 16:27:28.958,1.02797,1.02808,1.73,1.50
2013.02.28 16:27:29.589,1.02797,1.02807,1.73,1.50
2013.02.28 16:27:29.829,1.02797,1.02807,1.50,3.60
2013.02.28 16:27:30.009,1.02792,1.02803,3.23,2.25
2013.02.28 16:27:30.070,1.02791,1.02803,3.75,3.00
2013.02.28 16:27:30.128,1.02791,1.02803,3.23,3.75
2013.02.28 16:27:31.590,1.02792,1.02803,3.23,1.50
2013.02.28 16:27:31.948,1.02792,1.02802,1.73,1.50
2013.02.28 16:27:32.499,1.02792,1.02803,1.73,2.25
2013.02.28 16:27:33.330,1.02796,1.02803,1.50,1.50
2013.02.28 16:27:33.450,1.02796,1.02808,3.75,2.48
2013.02.28 16:27:33.748,1.02798,1.02809,2.48,1.50
2013.02.28 16:27:34.919,1.028,1.02813,3.23,2.10
2013.02.28 16:27:36.789,1.02801,1.02813,1.73,1.50
2013.02.28 16:27:46.138,1.02801,1.02813,2.48,1.50
2013.02.28 16:27:46.648,1.02802,1.02813,1.73,1.50
2013.02.28 16:27:48.409,1.02801,1.02813,2.48,1.50
2013.02.28 16:27:48.966,1.02802,1.02813,1.73,1.50
2013.02.28 16:27:49.159,1.02802,1.02816,3.23,3.00
2013.02.28 16:27:49.279,1.02805,1.02816,1.73,1.50
2013.02.28 16:27:49.639,1.02803,1.02814,1.73,1.50
2013.02.28 16:27:51.749,1.02805,1.02817,1.73,3.60
2013.02.28 16:27:53.605,1.02805,1.02814,1.73,2.10
2013.02.28 16:27:54.033,1.02803,1.02814,1.73,3.60
2013.02.28 16:27:57.872,1.02804,1.02812,1.50,1.35
2013.02.28 16:28:06.470,1.02803,1.02812,1.73,1.35
2013.02.28 16:28:06.919,1.02806,1.02814,1.50,3.00
2013.02.28 16:28:06.980,1.02807,1.02817,1.73,2.44
2013.02.28 16:28:07.532,1.02805,1.02817,1.73,1.35
2013.02.28 16:28:11.839,1.02804,1.02817,1.73,2.85
2013.02.28 16:28:11.959,1.02802,1.02813,1.73,1.35
2013.02.28 16:28:12.139,1.02804,1.02814,1.73,2.25
2013.02.28 16:28:12.198,1.02804,1.02816,1.73,1.50
2013.02.28 16:28:13.169,1.02804,1.02818,2.48,4.35
2013.02.28 16:28:16.438,1.02804,1.02817,1.73,3.00
2013.02.28 16:28:18.092,1.02804,1.02814,1.73,1.50
2013.02.28 16:28:18.279,1.02803,1.02813,1.73,1.35
2013.02.28 16:28:18.829,1.02803,1.02814,1.73,3.00
2013.02.28 16:28:21.939,1.02802,1.02811,1.43,1.50
2013.02.28 16:28:22.240,1.02798,1.02808,1.73,1.50
2013.02.28 16:28:22.660,1.02797,1.02808,2.25,2.10
2013.02.28 16:28:23.020,1.02797,1.02809,2.48,3.00
2013.02.28 16:28:23.140,1.02797,1.02808,2.25,1.35
2013.02.28 16:28:23.829,1.02796,1.02808,1.73,2.85
2013.02.28 16:28:24.346,1.02795,1.02802,2.48,1.35
2013.02.28 16:28:24.532,1.02794,1.02802,1.50,1.35
2013.02.28 16:28:25.082,1.02792,1.02804,1.73,2.25
2013.02.28 16:28:25.151,1.02792,1.02804,3.23,1.50
2013.02.28 16:28:25.211,1.02792,1.02804,3.98,1.50
2013.02.28 16:28:25.868,1.02794,1.02806,1.73,1.50
2013.02.28 16:28:37.047,1.02794,1.02806,2.48,1.50
2013.02.28 16:28:37.351,1.02797,1.02808,2.48,2.25
2013.02.28 16:28:37.470,1.02796,1.02807,2.48,1.50
2013.02.28 16:28:37.591,1.02796,1.02807,1.73,1.50
2013.02.28 16:28:37.651,1.02797,1.02807,1.73,1.50
2013.02.28 16:28:37.830,1.02797,1.0281,2.48,2.99
2013.02.28 16:28:38.370,1.028,1.02811,1.73,1.35
2013.02.28 16:28:38.910,1.02797,1.02809,4.50,7.35
2013.02.28 16:28:39.981,1.02797,1.02809,3.00,7.35
2013.02.28 16:28:40.161,1.02795,1.02806,1.73,1.50
2013.02.28 16:28:40.580,1.02794,1.02805,1.73,3.00
2013.02.28 16:28:40.880,1.02794,1.02806,1.73,1.50
2013.02.28 16:28:43.319,1.02794,1.02805,1.73,1.50
2013.02.28 16:28:43.381,1.02794,1.02802,1.73,1.35
2013.02.28 16:28:43.846,1.02793,1.02802,3.00,1.35
2013.02.28 16:28:44.361,1.02793,1.02802,1.50,1.50
2013.02.28 16:28:49.872,1.02793,1.02803,1.50,1.50
2013.02.28 16:28:49.992,1.02794,1.02805,1.73,1.13
2013.02.28 16:28:51.780,1.02794,1.02807,2.48,1.50
2013.02.28 16:28:52.770,1.02795,1.02806,1.73,1.50
2013.02.28 16:29:00.099,1.02794,1.02804,1.73,2.25
2013.02.28 16:29:00.640,1.02793,1.02804,1.65,4.50
2013.02.28 16:29:01.190,1.02793,1.02803,1.28,1.50
2013.02.28 16:29:01.819,1.02795,1.02803,1.05,1.50
2013.02.28 16:29:02.550,1.02795,1.02803,1.05,1.50
2013.02.28 16:29:02.851,1.02799,1.02806,1.50,1.50
2013.02.28 16:29:02.911,1.02799,1.02806,1.50,1.50
2013.02.28 16:29:02.971,1.028,1.02809,1.73,3.00
2013.02.28 16:29:03.031,1.02801,1.0281,1.73,1.50
2013.02.28 16:29:03.091,1.02801,1.02812,1.73,2.25
2013.02.28 16:29:03.621,1.02801,1.02813,1.73,2.10
2013.02.28 16:29:04.161,1.02802,1.02813,1.73,1.50
2013.02.28 16:29:04.340,1.02803,1.02815,1.73,2.25
2013.02.28 16:29:05.630,1.02804,1.02816,2.03,2.25
2013.02.28 16:29:05.870,1.02806,1.02817,1.73,1.35
2013.02.28 16:29:06.112,1.02806,1.02817,1.73,2.85
2013.02.28 16:29:06.473,1.02805,1.02816,1.35,1.50
2013.02.28 16:29:08.069,1.02803,1.02816,1.73,2.25
2013.02.28 16:29:11.281,1.02806,1.02817,2.48,2.25
2013.02.28 16:29:11.400,1.02806,1.02817,1.73,2.10
2013.02.28 16:29:11.520,1.02805,1.02816,1.73,1.50
2013.02.28 16:29:12.241,1.02806,1.02817,3.00,1.50
2013.02.28 16:29:12.720,1.02806,1.02817,3.83,1.50
2013.02.28 16:29:26.090,1.02807,1.02817,2.25,3.60
2013.02.28 16:29:26.150,1.02807,1.02815,1.73,2.10
2013.02.28 16:29:26.649,1.02806,1.02816,3.23,2.25
2013.02.28 16:29:27.140,1.0281,1.0282,2.48,3.00
2013.02.28 16:29:27.260,1.02812,1.02823,1.73,2.25
2013.02.28 16:29:27.379,1.02812,1.02824,1.73,4.50
2013.02.28 16:29:27.929,1.02813,1.02823,1.50,1.35
2013.02.28 16:29:33.300,1.02813,1.02824,1.50,3.60
2013.02.28 16:29:33.601,1.02813,1.02824,1.73,3.60
2013.02.28 16:29:33.660,1.02817,1.02827,1.73,1.88
2013.02.28 16:29:33.843,1.02818,1.02831,1.50,2.10
2013.02.28 16:29:34.150,1.02819,1.02833,2.48,2.25
2013.02.28 16:29:39.566,1.02821,1.02833,1.73,2.85
2013.02.28 16:29:42.201,1.02821,1.02833,1.73,2.25
2013.02.28 16:29:51.051,1.0282,1.02832,1.73,1.50
2013.02.28 16:29:51.352,1.02819,1.02831,1.88,3.22
2013.02.28 16:29:51.653,1.02822,1.0283,1.58,1.50
2013.02.28 16:29:51.952,1.02827,1.02832,1.73,1.50
2013.02.28 16:29:52.011,1.02828,1.02839,1.73,1.50
2013.02.28 16:29:52.075,1.02828,1.02839,1.73,1.50
2013.02.28 16:29:52.320,1.02828,1.0284,2.48,1.50
2013.02.28 16:29:53.550,1.02831,1.02842,1.73,3.68
2013.02.28 16:29:54.090,1.02829,1.02842,4.13,3.23
2013.02.28 16:29:57.174,1.02832,1.02842,1.88,1.35
2013.02.28 16:29:57.481,1.02829,1.02841,1.28,2.25
2013.02.28 16:29:57.840,1.02829,1.02839,1.28,1.50
2013.02.28 16:29:58.720,1.02828,1.02839,1.73,1.50
2013.02.28 16:29:59.260,1.02828,1.0284,1.73,3.00
2013.02.28 16:29:59.440,1.02825,1.02837,1.35,1.50
2013.02.28 16:29:59.990,1.02827,1.02839,3.23,4.13
2013.02.28 16:30:00.232,1.02823,1.02833,1.73,3.00
2013.02.28 16:30:00.772,1.02823,1.02833,1.50,2.25
2013.02.28 16:30:02.451,1.02823,1.02835,1.50,2.25
2013.02.28 16:30:02.510,1.02823,1.02835,1.73,2.25
2013.02.28 16:30:02.691,1.02822,1.02833,1.73,1.50
2013.02.28 16:30:06.027,1.02822,1.02833,1.50,1.73
2013.02.28 16:30:06.680,1.02821,1.02833,1.50,3.98
2013.02.28 16:30:06.800,1.0282,1.0283,1.50,1.50
2013.02.28 16:30:06.921,1.02819,1.0283,2.25,1.50
2013.02.28 16:30:07.160,1.02818,1.0283,1.73,1.50
2013.02.28 16:30:07.700,1.02816,1.02828,2.29,2.48
2013.02.28 16:30:07.880,1.02816,1.02825,1.50,1.50
2013.02.28 16:30:08.060,1.02814,1.02824,1.02,2.48
2013.02.28 16:30:08.181,1.02814,1.02825,1.02,1.50
2013.02.28 16:30:08.663,1.02814,1.02826,1.02,1.50
2013.02.28 16:30:10.581,1.02816,1.02827,2.25,1.73
2013.02.28 16:30:10.940,1.02819,1.02828,1.50,1.73
2013.02.28 16:30:11.180,1.02817,1.02828,1.50,2.48
2013.02.28 16:30:12.291,1.02817,1.02828,1.50,2.48
2013.02.28 16:30:12.829,1.02817,1.02829,2.48,1.50
2013.02.28 16:30:13.269,1.02817,1.02829,3.60,1.50
2013.02.28 16:30:13.330,1.02818,1.02829,1.73,4.50
2013.02.28 16:30:13.510,1.02814,1.02823,1.50,1.50
2013.02.28 16:30:13.689,1.02814,1.02826,1.80,1.13
2013.02.28 16:30:13.811,1.02814,1.02826,2.03,1.13
2013.02.28 16:30:14.286,1.02816,1.02828,7.35,3.00
2013.02.28 16:30:14.540,1.02816,1.02828,1.88,3.23
2013.02.28 16:30:14.780,1.02816,1.02828,1.50,3.23
2013.02.28 16:30:15.351,1.02816,1.02828,3.00,1.73
2013.02.28 16:30:15.411,1.02817,1.02828,1.50,1.73
2013.02.28 16:30:15.714,1.02821,1.0283,1.50,1.50
2013.02.28 16:30:16.220,1.02821,1.02832,1.50,3.08
2013.02.28 16:30:16.760,1.02818,1.02832,3.23,3.83
2013.02.28 16:30:16.820,1.02818,1.02832,3.23,4.58
2013.02.28 16:30:16.940,1.02818,1.02831,2.48,1.50
2013.02.28 16:30:17.300,1.02818,1.0283,1.73,2.25
2013.02.28 16:30:21.270,1.02818,1.0283,2.48,1.50
2013.02.28 16:30:21.450,1.02818,1.0283,2.48,1.50
2013.02.28 16:30:21.783,1.02818,1.0283,1.73,1.50
2013.02.28 16:30:28.360,1.02818,1.02828,1.73,1.50
2013.02.28 16:30:28.481,1.02818,1.02827,1.73,1.50
2013.02.28 16:30:28.991,1.02818,1.02827,1.73,1.50
2013.02.28 16:30:29.741,1.02813,1.02827,2.29,1.50
2013.02.28 16:30:29.860,1.02813,1.02827,1.54,3.75
2013.02.28 16:30:32.340,1.02814,1.02826,1.50,1.13
2013.02.28 16:30:32.850,1.02815,1.02826,1.50,1.13
2013.02.28 16:30:32.911,1.02816,1.02826,1.73,1.13
2013.02.28 16:30:34.241,1.02817,1.02829,2.48,1.50
2013.02.28 16:30:34.361,1.02819,1.02831,1.73,1.73
2013.02.28 16:30:34.480,1.02819,1.02832,2.48,3.23
2013.02.28 16:30:38.450,1.02819,1.02832,2.48,2.48
2013.02.28 16:30:38.510,1.02818,1.0283,1.73,3.00
2013.02.28 16:30:39.060,1.02818,1.0283,3.23,1.50
2013.02.28 16:30:39.610,1.02818,1.02831,3.23,2.48
2013.02.28 16:30:46.831,1.02821,1.02832,1.50,1.73
2013.02.28 16:30:47.070,1.02822,1.02833,1.50,2.48
2013.02.28 16:31:09.982,1.02818,1.02831,4.73,1.73
2013.02.28 16:31:10.160,1.02821,1.02831,1.50,1.73
2013.02.28 16:31:10.222,1.02821,1.02831,1.50,2.48
2013.02.28 16:31:10.989,1.0282,1.02829,1.50,1.50
2013.02.28 16:31:11.460,1.0282,1.02832,1.50,1.73
2013.02.28 16:31:12.020,1.02819,1.02833,1.13,6.23
2013.02.28 16:31:16.810,1.0282,1.02833,1.65,3.60
2013.02.28 16:31:17.350,1.0282,1.02833,1.65,2.85
2013.02.28 16:31:18.200,1.02823,1.02833,1.58,2.10
2013.02.28 16:31:21.829,1.0282,1.02831,1.50,2.33
2013.02.28 16:31:22.011,1.02816,1.02824,3.23,1.50
2013.02.28 16:31:22.130,1.02815,1.02825,2.63,1.50
2013.02.28 16:31:22.189,1.02815,1.02826,2.25,1.88
2013.02.28 16:31:22.249,1.02813,1.02826,1.73,1.88
2013.02.28 16:31:22.489,1.02813,1.02824,1.73,2.25
2013.02.28 16:31:23.064,1.02811,1.02823,1.73,1.50
2013.02.28 16:31:24.016,1.02811,1.02823,1.50,1.73
2013.02.28 16:31:25.901,1.02811,1.02822,1.50,1.58
2013.02.28 16:31:29.600,1.02811,1.02823,2.48,3.00
2013.02.28 16:31:38.981,1.02813,1.02826,1.50,3.23
2013.02.28 16:31:39.041,1.02813,1.02826,1.73,2.25
2013.02.28 16:31:39.599,1.02813,1.02827,1.73,2.25
2013.02.28 16:31:39.900,1.02812,1.02825,2.48,2.25
2013.02.28 16:31:40.439,1.02812,1.02823,1.73,2.25
2013.02.28 16:31:41.000,1.02812,1.02822,1.73,1.35
2013.02.28 16:31:44.619,1.0281,1.02823,1.73,3.00
2013.02.28 16:31:46.983,1.02808,1.02821,1.73,1.50
2013.02.28 16:31:47.534,1.02808,1.02821,2.48,1.50
2013.02.28 16:31:48.052,1.02811,1.02822,1.73,2.25
2013.02.28 16:31:48.591,1.0281,1.02822,1.73,3.00
2013.02.28 16:31:49.129,1.02809,1.02822,1.73,2.25
2013.02.28 16:31:49.510,1.02808,1.02821,2.48,3.00
2013.02.28 16:31:50.064,1.02808,1.02818,1.73,1.50
2013.02.28 16:31:50.313,1.02806,1.02818,1.13,3.00
2013.02.28 16:31:50.551,1.02805,1.02816,1.13,2.25
2013.02.28 16:31:50.917,1.02802,1.02815,1.73,3.75
2013.02.28 16:31:51.042,1.02802,1.02815,2.48,1.50
2013.02.28 16:31:52.962,1.02805,1.02816,1.73,1.50
2013.02.28 16:31:55.000,1.02804,1.02817,1.73,2.25
2013.02.28 16:31:58.080,1.02804,1.02816,1.73,3.00
2013.02.28 16:31:58.441,1.02804,1.02814,1.50,3.00
2013.02.28 16:31:59.662,1.02804,1.02816,1.73,3.75
2013.02.28 16:32:09.279,1.02803,1.02816,3.23,1.50
2013.02.28 16:32:09.403,1.02802,1.02814,2.25,3.75
2013.02.28 16:32:09.581,1.02801,1.02813,1.50,3.00
2013.02.28 16:32:09.701,1.02801,1.02813,3.23,1.50
2013.02.28 16:32:15.381,1.02798,1.02809,2.33,2.48
2013.02.28 16:32:15.441,1.02795,1.02806,2.48,1.50
2013.02.28 16:32:15.501,1.02795,1.02806,1.73,1.50
2013.02.28 16:32:15.740,1.02793,1.02807,2.22,2.10
2013.02.28 16:32:16.131,1.02793,1.02806,2.22,1.50
2013.02.28 16:32:16.310,1.02793,1.02807,1.73,1.50
2013.02.28 16:32:17.369,1.02793,1.02806,1.73,2.25
2013.02.28 16:32:20.790,1.02794,1.02806,1.73,2.25
2013.02.28 16:32:21.303,1.02794,1.02806,1.73,1.50
2013.02.28 16:32:21.980,1.02797,1.02806,1.50,1.50
2013.02.28 16:32:22.802,1.02795,1.02806,1.73,1.50
2013.02.28 16:32:25.660,1.02797,1.02807,1.50,2.25
2013.02.28 16:32:25.720,1.02797,1.02809,3.00,2.25
2013.02.28 16:32:25.901,1.02801,1.0281,1.58,1.13
2013.02.28 16:32:26.030,1.02802,1.02812,2.48,1.50
2013.02.28 16:32:26.269,1.02802,1.02814,3.23,3.00
2013.02.28 16:32:26.810,1.02802,1.02814,3.23,1.50
2013.02.28 16:32:27.369,1.02802,1.02814,4.05,1.50
2013.02.28 16:32:28.882,1.02805,1.02816,1.13,2.25
2013.02.28 16:32:30.660,1.02805,1.02816,1.13,1.50
2013.02.28 16:32:32.340,1.02805,1.02815,1.13,1.50
2013.02.28 16:32:33.101,1.02805,1.02816,1.13,1.50
2013.02.28 16:32:38.211,1.02804,1.02817,1.13,3.75
2013.02.28 16:32:38.271,1.02806,1.02818,1.80,5.25
2013.02.28 16:32:38.692,1.02808,1.02819,1.50,1.50
2013.02.28 16:32:38.813,1.02808,1.0282,2.48,1.50
2013.02.28 16:32:40.222,1.02811,1.02822,1.73,3.00
2013.02.28 16:32:41.072,1.0281,1.02822,1.73,1.50
2013.02.28 16:32:52.361,1.0281,1.02822,1.73,1.35
2013.02.28 16:32:53.494,1.0281,1.02822,1.73,1.35
2013.02.28 16:32:54.110,1.0281,1.02822,1.73,4.35
2013.02.28 16:32:54.450,1.02808,1.02819,1.73,3.00
2013.02.28 16:32:54.810,1.02807,1.02815,1.50,1.50
2013.02.28 16:32:54.931,1.02805,1.02815,3.23,1.50
2013.02.28 16:32:55.051,1.02804,1.02813,2.25,3.00
2013.02.28 16:32:55.975,1.02802,1.02813,1.73,3.00
2013.02.28 16:32:56.057,1.028,1.02812,2.48,1.50
2013.02.28 16:32:56.240,1.028,1.0281,1.73,1.50
2013.02.28 16:32:56.421,1.02798,1.02809,1.50,2.10
2013.02.28 16:32:56.960,1.02797,1.02809,1.73,3.60
2013.02.28 16:32:57.491,1.02796,1.02808,1.73,1.50
2013.02.28 16:32:59.310,1.02798,1.02809,1.50,3.60
2013.02.28 16:33:00.050,1.02797,1.02809,1.73,3.60
2013.02.28 16:33:00.470,1.02795,1.02808,1.35,3.00
2013.02.28 16:33:01.149,1.02794,1.02806,1.10,2.25
2013.02.28 16:33:02.000,1.02794,1.02805,1.10,2.25
2013.02.28 16:33:02.520,1.02791,1.02805,7.35,2.25
2013.02.28 16:33:21.890,1.02791,1.02804,5.48,1.50
2013.02.28 16:33:33.221,1.02791,1.02804,3.75,1.73
2013.02.28 16:33:36.082,1.02791,1.02804,3.98,1.50
2013.02.28 16:33:48.810,1.02792,1.02806,3.98,1.50
2013.02.28 16:33:49.011,1.02794,1.02807,1.80,3.00
2013.02.28 16:33:49.130,1.02798,1.02808,2.25,1.50
2013.02.28 16:33:49.631,1.02799,1.02809,1.50,2.25
2013.02.28 16:33:50.151,1.02799,1.02809,1.50,1.50
2013.02.28 16:33:54.671,1.02799,1.02811,1.50,2.48
2013.02.28 16:33:55.029,1.02799,1.02811,2.48,1.50
2013.02.28 16:33:57.342,1.028,1.02809,1.50,3.75
2013.02.28 16:33:57.700,1.02801,1.02809,5.25,1.50
2013.02.28 16:33:57.760,1.02801,1.02811,5.25,2.25
2013.02.28 16:33:58.309,1.02799,1.02813,2.48,4.35
2013.02.28 16:33:58.818,1.02799,1.02812,1.73,1.50
2013.02.28 16:33:59.060,1.02799,1.02811,1.73,1.35
2013.02.28 16:33:59.310,1.02798,1.02809,3.75,2.85
2013.02.28 16:33:59.490,1.02798,1.02812,4.50,3.23
2013.02.28 16:33:59.550,1.02798,1.02812,4.73,3.00
2013.02.28 16:34:00.070,1.02798,1.02812,4.73,3.60
2013.02.28 16:34:00.371,1.02798,1.02811,3.98,2.25
2013.02.28 16:34:00.610,1.02798,1.02812,3.98,4.35
2013.02.28 16:34:01.163,1.02798,1.02812,5.48,3.75
2013.02.28 16:34:03.330,1.028,1.02812,1.73,3.00
2013.02.28 16:34:03.860,1.028,1.02812,2.48,3.00
2013.02.28 16:34:11.091,1.02802,1.02813,3.23,1.50
2013.02.28 16:34:11.211,1.02803,1.02813,1.73,1.50
2013.02.28 16:34:11.750,1.02803,1.02817,1.73,3.60
2013.02.28 16:34:14.920,1.02802,1.02814,3.23,1.50
2013.02.28 16:34:15.460,1.02802,1.02814,3.23,1.50
2013.02.28 16:34:21.473,1.02803,1.02816,1.73,1.50
