2016.06.15 09:00:00.109,1.2852,1.28531,1.00,1.00
2016.06.15 09:00:00.452,1.2852,1.28529,1.00,1.00
2016.06.15 09:00:01.192,1.28518,1.28529,1.10,1.00
2016.06.15 09:00:01.345,1.2852,1.2853,1.00,1.57
2016.06.15 09:00:01.668,1.28518,1.28528,1.00,1.00
2016.06.15 09:00:02.482,1.28518,1.28528,1.00,1.37
2016.06.15 09:00:02.974,1.28518,1.28529,1.87,1.10
2016.06.15 09:00:03.279,1.28518,1.2853,1.87,4.95
2016.06.15 09:00:03.857,1.28518,1.28526,1.00,1.00
2016.06.15 09:00:05.630,1.28508,1.28522,2.70,3.07
2016.06.15 09:00:05.884,1.28508,1.28521,2.25,1.20
2016.06.15 09:00:05.986,1.28508,1.28522,2.25,4.12
2016.06.15 09:00:06.190,1.28508,1.28519,2.25,1.37
2016.06.15 09:00:06.771,1.28508,1.28512,1.00,1.00
2016.06.15 09:00:06.822,1.28505,1.28511,1.00,1.47
2016.06.15 09:00:07.080,1.28505,1.28512,1.00,2.32
2016.06.15 09:00:07.184,1.28505,1.28512,1.00,2.70
2016.06.15 09:00:07.287,1.28505,1.28512,1.00,1.95
2016.06.15 09:00:07.390,1.28505,1.28512,1.00,1.95
2016.06.15 09:00:07.442,1.285,1.28512,1.87,2.70
2016.06.15 09:00:07.911,1.28499,1.28509,1.00,1.00
2016.06.15 09:00:08.166,1.28496,1.28508,1.87,2.25
2016.06.15 09:00:08.472,1.28495,1.28506,1.37,1.57
2016.06.15 09:00:09.000,1.28493,1.28506,2.32,1.20
2016.06.15 09:00:09.521,1.28492,1.28504,2.25,1.37
2016.06.15 09:00:09.675,1.28493,1.28503,1.00,1.00
2016.06.15 09:00:10.263,1.28494,1.28504,1.00,1.50
2016.06.15 09:00:10.794,1.28493,1.28504,1.12,2.25
2016.06.15 09:00:11.483,1.28492,1.28504,2.62,2.25
2016.06.15 09:00:14.451,1.28495,1.28505,1.00,2.70
2016.06.15 09:00:14.502,1.28493,1.28505,2.62,2.70
2016.06.15 09:00:15.027,1.28495,1.28507,1.50,1.50
2016.06.15 09:00:15.079,1.28498,1.28507,1.00,1.10
2016.06.15 09:00:15.232,1.28494,1.28508,3.07,3.45
2016.06.15 09:00:15.741,1.28495,1.28507,1.50,1.57
2016.06.15 09:00:18.987,1.28494,1.28506,1.50,1.95
2016.06.15 09:00:19.038,1.28494,1.28504,2.25,1.00
2016.06.15 09:00:19.089,1.28494,1.28502,2.25,1.00
2016.06.15 09:00:19.611,1.28495,1.28502,1.00,1.00
2016.06.15 09:00:19.914,1.2849,1.285,1.75,1.00
2016.06.15 09:00:20.424,1.28489,1.28499,3.00,1.00
2016.06.15 09:00:21.168,1.28489,1.28498,2.70,1.00
2016.06.15 09:00:21.219,1.2849,1.285,1.12,1.10
2016.06.15 09:00:21.320,1.28492,1.285,1.00,1.10
2016.06.15 09:00:21.633,1.2849,1.28499,1.12,1.00
2016.06.15 09:00:21.734,1.2849,1.28499,1.50,1.00
2016.06.15 09:00:22.452,1.28489,1.28499,2.32,1.00
2016.06.15 09:00:22.706,1.2849,1.28499,1.00,1.00
2016.06.15 09:00:22.808,1.2849,1.28496,1.50,1.00
2016.06.15 09:00:23.892,1.28489,1.28496,1.00,1.00
2016.06.15 09:00:23.943,1.28491,1.28499,1.00,1.00
2016.06.15 09:00:24.045,1.2849,1.28498,2.25,1.00
2016.06.15 09:00:24.097,1.2849,1.285,2.62,1.00
2016.06.15 09:00:24.609,1.28491,1.28499,1.12,1.00
2016.06.15 09:00:25.176,1.28492,1.28498,1.00,1.00
2016.06.15 09:00:25.228,1.28492,1.285,1.00,1.00
2016.06.15 09:00:25.736,1.28491,1.285,1.20,1.00
2016.06.15 09:00:26.245,1.2849,1.28499,1.20,1.00
2016.06.15 09:00:27.210,1.28492,1.28498,1.87,1.00
2016.06.15 09:00:28.187,1.28493,1.28499,1.00,1.00
2016.06.15 09:00:28.698,1.28491,1.285,1.95,1.00
2016.06.15 09:00:28.850,1.28492,1.28502,2.25,1.12
2016.06.15 09:00:29.433,1.28494,1.28503,1.00,1.00
2016.06.15 09:00:29.767,1.28494,1.28501,1.00,1.00
2016.06.15 09:00:30.071,1.28493,1.28501,1.12,1.00
2016.06.15 09:00:30.838,1.28493,1.28502,1.12,1.00
2016.06.15 09:00:32.563,1.2849,1.285,2.62,1.50
2016.06.15 09:00:33.071,1.28491,1.28498,1.12,1.00
2016.06.15 09:00:33.731,1.28491,1.28499,1.37,1.00
2016.06.15 09:00:33.782,1.28491,1.28501,2.62,1.12
2016.06.15 09:00:34.364,1.28491,1.285,2.70,1.00
2016.06.15 09:00:34.439,1.28493,1.28502,1.12,1.12
2016.06.15 09:00:34.988,1.28494,1.28502,1.00,1.12
2016.06.15 09:00:35.434,1.28494,1.285,1.00,1.00
2016.06.15 09:00:36.028,1.28494,1.28502,1.00,1.00
2016.06.15 09:00:36.589,1.28493,1.28502,1.12,1.00
2016.06.15 09:00:37.611,1.28495,1.28502,1.00,1.00
2016.06.15 09:00:41.027,1.28493,1.28506,1.95,3.45
2016.06.15 09:00:44.695,1.28495,1.28505,1.00,1.50
2016.06.15 09:00:46.939,1.28496,1.28507,1.37,6.00
2016.06.15 09:00:46.991,1.28496,1.28507,2.32,1.50
2016.06.15 09:00:47.195,1.28495,1.28506,1.57,1.95
2016.06.15 09:00:47.297,1.28493,1.28504,2.25,1.00
2016.06.15 09:00:47.802,1.28494,1.28504,1.00,1.57
2016.06.15 09:00:48.320,1.28494,1.28503,1.00,1.00
2016.06.15 09:00:50.279,1.28494,1.28504,1.10,1.50
2016.06.15 09:00:50.771,1.28498,1.28507,1.12,1.00
2016.06.15 09:00:51.278,1.28498,1.28508,2.25,1.12
2016.06.15 09:00:51.684,1.28498,1.28509,1.87,1.50
2016.06.15 09:00:52.208,1.28501,1.28512,2.62,1.95
2016.06.15 09:00:52.513,1.28502,1.28512,2.32,1.00
2016.06.15 09:00:53.742,1.285,1.28509,1.50,1.00
2016.06.15 09:00:53.793,1.28499,1.28509,1.00,1.87
2016.06.15 09:00:53.895,1.28499,1.28508,1.00,1.00
2016.06.15 09:00:54.405,1.28499,1.28509,3.00,1.50
2016.06.15 09:00:55.390,1.28499,1.2851,2.25,1.50
2016.06.15 09:00:56.274,1.285,1.28512,1.50,2.70
2016.06.15 09:00:56.785,1.28499,1.2851,3.07,1.50
2016.06.15 09:00:57.507,1.285,1.2851,1.00,1.00
2016.06.15 09:00:59.228,1.28499,1.28511,2.32,1.75
2016.06.15 09:00:59.431,1.28499,1.28511,1.20,1.75
2016.06.15 09:01:00.513,1.28499,1.28511,1.57,2.62
2016.06.15 09:01:00.615,1.285,1.2851,1.00,1.00
2016.06.15 09:01:00.717,1.28501,1.28511,2.25,1.00
2016.06.15 09:01:01.052,1.28501,1.28511,2.70,1.00
2016.06.15 09:01:01.654,1.28501,1.2851,1.87,1.00
2016.06.15 09:01:01.706,1.28499,1.28509,2.32,1.00
2016.06.15 09:01:01.758,1.28499,1.28507,1.87,1.00
2016.06.15 09:01:01.809,1.285,1.28506,1.00,1.00
2016.06.15 09:01:01.912,1.28496,1.28504,1.12,1.00
2016.06.15 09:01:01.963,1.28495,1.28504,1.37,1.00
2016.06.15 09:01:02.015,1.28495,1.28504,1.12,1.00
2016.06.15 09:01:03.165,1.28493,1.28504,1.50,1.12
2016.06.15 09:01:03.673,1.28493,1.28503,1.12,1.12
2016.06.15 09:01:04.725,1.28493,1.28503,1.87,1.20
2016.06.15 09:01:05.668,1.28493,1.28503,2.25,1.57
2016.06.15 09:01:06.372,1.28494,1.28503,1.00,1.00
2016.06.15 09:01:06.880,1.28491,1.28503,2.70,1.12
2016.06.15 09:01:07.384,1.28492,1.28503,2.32,1.00
2016.06.15 09:01:08.646,1.28493,1.28503,1.75,1.00
2016.06.15 09:01:09.155,1.28493,1.28503,1.37,1.00
2016.06.15 09:01:09.728,1.28492,1.28503,1.75,1.20
2016.06.15 09:01:10.237,1.28494,1.28503,1.00,1.10
2016.06.15 09:01:10.340,1.28492,1.28504,2.25,1.95
2016.06.15 09:01:11.261,1.28492,1.28504,2.25,1.95
2016.06.15 09:01:11.566,1.28495,1.28502,1.00,1.00
2016.06.15 09:01:15.348,1.28492,1.28502,1.75,1.00
2016.06.15 09:01:15.773,1.28492,1.28502,1.12,1.00
2016.06.15 09:01:16.295,1.28493,1.28503,2.25,1.00
2016.06.15 09:01:19.277,1.28494,1.28505,2.25,1.57
2016.06.15 09:01:19.378,1.28494,1.28504,3.45,1.00
2016.06.15 09:01:20.690,1.28494,1.28505,2.70,1.10
2016.06.15 09:01:21.046,1.28496,1.28505,1.00,2.32
2016.06.15 09:01:22.382,1.28496,1.28503,1.00,1.00
2016.06.15 09:01:23.122,1.28493,1.28502,2.25,1.00
2016.06.15 09:01:23.885,1.28492,1.285,1.50,1.00
2016.06.15 09:01:23.937,1.28491,1.28503,1.57,2.25
2016.06.15 09:01:23.988,1.28491,1.28503,1.57,1.87
2016.06.15 09:01:24.497,1.28495,1.28503,1.00,1.00
2016.06.15 09:01:24.942,1.28494,1.28501,1.00,1.00
2016.06.15 09:01:25.529,1.28493,1.28501,1.00,1.00
2016.06.15 09:01:26.198,1.28491,1.285,1.10,1.37
2016.06.15 09:01:26.452,1.28494,1.28503,1.00,1.50
2016.06.15 09:01:26.554,1.28495,1.28505,1.00,1.57
2016.06.15 09:01:27.237,1.28497,1.28506,1.00,3.82
2016.06.15 09:01:27.784,1.28496,1.28504,1.00,1.87
2016.06.15 09:01:28.635,1.28496,1.28504,1.12,1.57
2016.06.15 09:01:29.143,1.28496,1.28505,1.12,3.00
2016.06.15 09:01:29.650,1.28495,1.28505,1.50,1.00
2016.06.15 09:01:31.659,1.28495,1.28504,1.00,1.00
2016.06.15 09:01:31.913,1.28497,1.28504,1.00,1.50
2016.06.15 09:01:32.218,1.28489,1.28495,3.75,1.00
2016.06.15 09:01:32.270,1.28485,1.28496,1.50,2.32
2016.06.15 09:01:32.712,1.28483,1.28493,1.10,1.00
2016.06.15 09:01:32.815,1.28483,1.28494,1.00,4.12
2016.06.15 09:01:33.918,1.28483,1.28494,1.37,2.62
2016.06.15 09:01:34.223,1.28488,1.28499,1.37,2.62
2016.06.15 09:01:34.275,1.28488,1.28499,1.50,1.12
2016.06.15 09:01:40.654,1.28488,1.285,1.75,2.62
2016.06.15 09:01:40.978,1.28488,1.285,1.37,3.00
2016.06.15 09:01:41.681,1.28487,1.28496,1.47,1.00
2016.06.15 09:01:42.055,1.28484,1.28492,1.00,1.00
2016.06.15 09:01:42.321,1.28484,1.28491,1.00,1.12
2016.06.15 09:01:42.577,1.28479,1.28491,3.00,3.75
2016.06.15 09:01:43.299,1.28479,1.2849,1.50,2.25
2016.06.15 09:01:45.495,1.28479,1.2849,1.50,1.45
2016.06.15 09:01:50.536,1.28482,1.28491,1.00,1.50
2016.06.15 09:01:50.588,1.28484,1.28492,1.00,1.10
2016.06.15 09:01:50.639,1.28488,1.28494,1.00,1.12
2016.06.15 09:01:50.945,1.28491,1.28502,1.12,2.25
2016.06.15 09:01:51.302,1.28495,1.28503,1.12,1.20
2016.06.15 09:01:51.607,1.28495,1.28506,1.12,1.57
2016.06.15 09:01:51.709,1.28493,1.28506,3.37,1.45
2016.06.15 09:01:53.509,1.28493,1.28505,1.50,2.62
2016.06.15 09:01:54.036,1.28493,1.28504,1.50,1.95
2016.06.15 09:01:54.543,1.28493,1.28504,1.12,3.75
2016.06.15 09:01:55.057,1.28494,1.28504,1.00,3.07
2016.06.15 09:01:55.412,1.28495,1.28505,1.12,2.70
2016.06.15 09:01:55.514,1.28494,1.28505,1.50,2.32
2016.06.15 09:01:55.819,1.28495,1.28505,1.00,2.32
2016.06.15 09:01:56.275,1.28495,1.28505,1.00,2.62
2016.06.15 09:01:57.402,1.28495,1.28505,1.50,1.07
2016.06.15 09:01:58.045,1.28494,1.28506,1.35,3.00
2016.06.15 09:01:58.556,1.28494,1.28505,1.50,1.57
2016.06.15 09:01:58.860,1.28494,1.28504,1.12,1.50
2016.06.15 09:01:59.631,1.28494,1.28503,1.00,1.00
2016.06.15 09:02:00.155,1.28496,1.28505,1.00,1.57
2016.06.15 09:02:00.308,1.28494,1.28506,1.12,3.00
2016.06.15 09:02:01.136,1.28499,1.28506,1.00,2.70
2016.06.15 09:02:01.340,1.28502,1.28512,1.75,2.70
2016.06.15 09:02:01.391,1.28499,1.2851,3.75,1.00
2016.06.15 09:02:01.543,1.28499,1.28511,3.07,1.20
2016.06.15 09:02:01.646,1.28499,1.28509,2.25,2.25
2016.06.15 09:02:01.697,1.285,1.28509,1.50,4.12
2016.06.15 09:02:01.799,1.28495,1.28507,3.00,1.95
2016.06.15 09:02:02.322,1.28496,1.28503,1.00,1.00
2016.06.15 09:02:02.831,1.28494,1.28505,1.50,1.20
2016.06.15 09:02:03.357,1.28494,1.28505,1.12,1.57
2016.06.15 09:02:03.612,1.28495,1.28505,1.75,1.12
2016.06.15 09:02:04.149,1.28495,1.28505,1.37,1.95
2016.06.15 09:02:04.592,1.28498,1.28506,1.00,1.57
2016.06.15 09:02:04.643,1.28498,1.28507,1.50,1.00
2016.06.15 09:02:04.847,1.28501,1.2851,1.00,1.07
2016.06.15 09:02:05.355,1.28501,1.28511,1.50,1.07
2016.06.15 09:02:05.892,1.285,1.28509,1.50,1.12
2016.06.15 09:02:07.336,1.28503,1.28513,1.00,1.57
2016.06.15 09:02:07.540,1.28504,1.28514,1.50,1.95
2016.06.15 09:02:08.067,1.28504,1.28514,1.00,1.95
2016.06.15 09:02:08.806,1.28505,1.28514,1.00,1.07
2016.06.15 09:02:09.220,1.28508,1.28515,1.00,1.12
2016.06.15 09:02:09.272,1.28508,1.28515,1.00,1.00
2016.06.15 09:02:09.330,1.2851,1.28519,1.12,1.54
2016.06.15 09:02:09.432,1.28511,1.28522,1.87,2.74
2016.06.15 09:02:10.143,1.28512,1.28522,1.50,1.14
2016.06.15 09:02:10.674,1.28513,1.28522,1.00,1.15
2016.06.15 09:02:11.612,1.28513,1.28523,1.12,1.24
2016.06.15 09:02:12.130,1.28513,1.28523,1.12,1.24
2016.06.15 09:02:14.433,1.28513,1.28523,1.12,1.99
2016.06.15 09:02:15.435,1.28513,1.28523,1.12,1.24
2016.06.15 09:02:16.317,1.28513,1.28523,1.12,1.99
2016.06.15 09:02:16.838,1.28513,1.28523,1.12,1.24
2016.06.15 09:02:17.042,1.28515,1.28523,1.00,1.24
2016.06.15 09:02:17.093,1.28513,1.28524,1.12,1.99
2016.06.15 09:02:17.874,1.28514,1.28524,1.00,1.11
2016.06.15 09:02:18.395,1.28514,1.28523,1.00,1.10
2016.06.15 09:02:19.309,1.28514,1.28522,1.00,1.00
2016.06.15 09:02:19.462,1.2851,1.28522,2.25,3.00
2016.06.15 09:02:21.790,1.2851,1.2852,1.50,1.00
2016.06.15 09:02:22.619,1.28509,1.28519,1.50,1.00
2016.06.15 09:02:23.157,1.28509,1.2852,1.50,2.32
2016.06.15 09:02:23.706,1.2851,1.2852,1.00,2.32
2016.06.15 09:02:31.941,1.28505,1.28509,2.62,1.87
2016.06.15 09:02:31.992,1.28502,1.28507,1.00,1.00
2016.06.15 09:02:32.500,1.28495,1.28506,3.07,1.00
2016.06.15 09:02:32.551,1.28495,1.28504,2.32,1.00
2016.06.15 09:02:32.602,1.28496,1.28504,1.00,1.50
2016.06.15 09:02:32.704,1.28494,1.28503,1.00,2.32
2016.06.15 09:02:33.043,1.28492,1.28502,1.12,1.20
2016.06.15 09:02:33.196,1.28492,1.28503,1.75,1.57
2016.06.15 09:02:33.349,1.28495,1.28505,1.00,2.32
2016.06.15 09:02:33.882,1.28494,1.28504,1.50,1.10
2016.06.15 09:02:34.989,1.28496,1.28506,1.12,2.32
2016.06.15 09:02:35.794,1.28497,1.28506,1.12,1.10
2016.06.15 09:02:36.339,1.28497,1.28507,1.37,1.95
2016.06.15 09:02:38.303,1.28497,1.28506,1.12,1.47
2016.06.15 09:02:38.898,1.28495,1.28507,1.50,2.70
2016.06.15 09:02:39.998,1.28495,1.28505,1.50,1.00
2016.06.15 09:02:40.685,1.28495,1.28506,1.50,1.95
2016.06.15 09:02:41.276,1.28495,1.28505,1.50,1.00
2016.06.15 09:02:41.805,1.28495,1.28506,1.50,1.95
2016.06.15 09:02:42.307,1.28495,1.28505,1.50,1.00
2016.06.15 09:02:42.856,1.28495,1.28504,1.00,1.00
2016.06.15 09:02:43.362,1.28495,1.28505,1.50,1.50
2016.06.15 09:02:44.367,1.28494,1.28503,1.75,1.00
2016.06.15 09:02:44.469,1.28493,1.28503,1.50,1.50
2016.06.15 09:02:44.927,1.28496,1.28503,1.00,1.00
2016.06.15 09:02:45.030,1.28494,1.28503,1.12,1.50
2016.06.15 09:02:45.564,1.28494,1.28504,1.37,1.37
2016.06.15 09:02:46.072,1.28495,1.28506,1.37,2.32
2016.06.15 09:02:46.955,1.28495,1.28505,1.00,1.95
2016.06.15 09:02:47.058,1.28495,1.28505,1.12,1.20
2016.06.15 09:02:47.214,1.28494,1.28506,1.50,2.32
2016.06.15 09:02:47.369,1.28496,1.28506,1.75,1.95
2016.06.15 09:02:47.871,1.28495,1.28505,1.75,1.00
2016.06.15 09:02:48.613,1.28495,1.28506,1.75,1.95
2016.06.15 09:02:49.378,1.28495,1.28506,1.50,2.32
2016.06.15 09:02:49.926,1.28495,1.28506,1.75,2.32
2016.06.15 09:02:50.281,1.28497,1.28507,1.29,1.20
2016.06.15 09:02:50.332,1.28498,1.28507,1.37,1.20
2016.06.15 09:02:50.857,1.28498,1.2851,1.97,2.62
2016.06.15 09:02:51.179,1.28498,1.28508,1.67,1.10
2016.06.15 09:02:51.383,1.285,1.2851,1.00,1.12
2016.06.15 09:02:51.536,1.285,1.2851,1.37,1.00
2016.06.15 09:02:51.739,1.285,1.2851,1.12,2.32
2016.06.15 09:02:54.344,1.28497,1.28507,1.00,1.00
2016.06.15 09:02:54.395,1.28497,1.28507,1.00,1.12
2016.06.15 09:02:54.916,1.28497,1.28507,1.00,1.37
2016.06.15 09:02:55.440,1.28497,1.28507,1.00,1.12
2016.06.15 09:02:58.188,1.28496,1.28508,1.29,3.37
2016.06.15 09:02:58.697,1.28496,1.28506,1.29,1.12
2016.06.15 09:02:59.972,1.28496,1.28508,1.22,3.00
2016.06.15 09:03:00.510,1.28497,1.28508,1.00,2.25
2016.06.15 09:03:02.960,1.28497,1.28506,1.37,1.07
2016.06.15 09:03:03.480,1.28497,1.28508,1.37,1.12
2016.06.15 09:03:04.012,1.28497,1.28508,1.00,2.25
2016.06.15 09:03:04.679,1.28497,1.28508,1.50,2.62
2016.06.15 09:03:08.000,1.28499,1.28511,2.25,2.25
2016.06.15 09:03:08.456,1.285,1.28512,3.00,1.12
2016.06.15 09:03:09.432,1.285,1.28512,2.70,1.12
2016.06.15 09:03:09.938,1.28502,1.28512,1.00,1.87
2016.06.15 09:03:09.989,1.28503,1.28512,1.00,1.50
2016.06.15 09:03:10.336,1.28505,1.28512,1.00,1.00
2016.06.15 09:03:10.641,1.28498,1.28509,1.50,1.20
2016.06.15 09:03:10.692,1.28498,1.28509,1.12,3.45
2016.06.15 09:03:15.009,1.28496,1.28506,2.25,1.57
2016.06.15 09:03:15.391,1.28496,1.28507,3.00,2.32
2016.06.15 09:03:20.511,1.28496,1.28508,1.87,3.37
2016.06.15 09:03:20.612,1.28496,1.28507,1.87,1.20
2016.06.15 09:03:21.119,1.28497,1.28508,1.37,2.25
2016.06.15 09:03:21.985,1.28497,1.28508,1.37,3.00
2016.06.15 09:03:28.013,1.28498,1.28509,1.87,1.95
2016.06.15 09:03:28.068,1.28499,1.28509,1.50,1.00
2016.06.15 09:03:28.220,1.28501,1.2851,1.12,1.37
2016.06.15 09:03:28.998,1.285,1.28509,1.00,1.12
2016.06.15 09:03:29.515,1.28497,1.28508,1.50,2.25
2016.06.15 09:03:31.329,1.28497,1.28507,1.50,1.12
2016.06.15 09:03:33.816,1.28495,1.28505,1.87,1.47
2016.06.15 09:03:35.415,1.28496,1.28506,1.50,1.57
2016.06.15 09:03:39.819,1.28497,1.28506,1.00,1.07
2016.06.15 09:03:40.326,1.28497,1.28507,1.00,3.00
2016.06.15 09:03:43.230,1.28497,1.28505,1.00,1.00
2016.06.15 09:03:43.973,1.28498,1.28508,1.00,2.25
2016.06.15 09:03:44.482,1.28498,1.28508,1.00,1.87
2016.06.15 09:03:44.534,1.28498,1.28508,1.00,2.25
2016.06.15 09:03:45.745,1.28498,1.28508,1.00,2.62
2016.06.15 09:03:46.168,1.28498,1.28508,1.00,2.62
2016.06.15 09:03:47.625,1.28498,1.28508,1.00,3.00
2016.06.15 09:04:00.731,1.28498,1.28507,1.00,1.07
2016.06.15 09:04:01.241,1.28498,1.28507,1.00,1.10
2016.06.15 09:04:03.439,1.28498,1.28507,1.00,1.12
2016.06.15 09:04:03.947,1.28497,1.28507,1.00,1.12
2016.06.15 09:04:09.857,1.28497,1.28507,1.50,1.07
2016.06.15 09:04:10.162,1.28499,1.28508,1.00,1.10
2016.06.15 09:04:10.716,1.28499,1.28508,1.00,1.47
2016.06.15 09:04:11.022,1.28499,1.28508,1.37,1.20
2016.06.15 09:04:11.440,1.28505,1.28512,1.00,1.50
2016.06.15 09:04:11.643,1.2851,1.2852,1.00,2.62
2016.06.15 09:04:11.998,1.28511,1.28521,1.12,1.57
2016.06.15 09:04:12.616,1.28512,1.28522,1.00,3.07
2016.06.15 09:04:12.667,1.28514,1.28522,1.00,1.82
2016.06.15 09:04:12.769,1.28514,1.28522,1.00,1.07
2016.06.15 09:04:13.279,1.28514,1.28522,1.00,1.10
2016.06.15 09:04:13.535,1.28512,1.28522,1.00,1.20
2016.06.15 09:04:13.903,1.28512,1.28522,1.50,1.07
2016.06.15 09:04:15.010,1.28512,1.28522,1.00,1.87
2016.06.15 09:04:15.697,1.28511,1.28519,1.50,1.20
2016.06.15 09:04:15.749,1.28509,1.2852,2.62,1.50
2016.06.15 09:04:16.258,1.28509,1.2852,1.87,1.12
2016.06.15 09:04:18.329,1.28509,1.2852,1.75,1.12
2016.06.15 09:04:18.381,1.2851,1.2852,1.00,1.12
2016.06.15 09:04:19.845,1.28509,1.28519,1.50,1.07
2016.06.15 09:04:21.582,1.28509,1.2852,1.75,1.12
2016.06.15 09:04:22.258,1.28511,1.2852,1.12,1.10
2016.06.15 09:04:22.955,1.28512,1.28522,1.00,1.50
2016.06.15 09:04:25.928,1.28508,1.28516,2.70,1.00
2016.06.15 09:04:25.980,1.28508,1.28512,1.57,1.00
2016.06.15 09:04:26.031,1.28506,1.2851,1.50,1.00
2016.06.15 09:04:26.083,1.285,1.2851,3.37,2.25
2016.06.15 09:04:26.135,1.285,1.2851,1.50,3.37
2016.06.15 09:04:26.440,1.28499,1.28509,1.12,1.57
2016.06.15 09:04:27.428,1.28499,1.28508,1.00,1.20
2016.06.15 09:04:28.179,1.28499,1.28507,1.00,1.00
2016.06.15 09:04:29.198,1.28499,1.28507,1.00,1.12
2016.06.15 09:04:31.223,1.28499,1.28507,1.00,1.07
2016.06.15 09:04:32.543,1.28499,1.28507,1.00,1.10
2016.06.15 09:04:33.388,1.28499,1.28507,1.00,1.07
2016.06.15 09:04:33.742,1.285,1.28508,1.00,1.00
2016.06.15 09:04:34.525,1.28501,1.28509,1.12,1.12
2016.06.15 09:04:35.327,1.28502,1.2851,1.00,1.37
2016.06.15 09:04:35.850,1.28501,1.2851,1.50,1.12
2016.06.15 09:04:36.462,1.28501,1.2851,1.12,1.37
2016.06.15 09:04:38.120,1.28502,1.28509,1.00,1.00
2016.06.15 09:04:38.524,1.285,1.2851,1.00,1.87
2016.06.15 09:04:39.363,1.285,1.2851,1.00,1.87
2016.06.15 09:04:41.349,1.28501,1.2851,1.00,1.12
2016.06.15 09:04:41.654,1.28508,1.28515,1.00,1.20
2016.06.15 09:04:41.706,1.28508,1.28517,1.12,1.12
2016.06.15 09:04:42.031,1.28507,1.28511,1.00,1.00
2016.06.15 09:04:42.235,1.28498,1.28506,1.12,1.50
2016.06.15 09:04:42.439,1.28496,1.28505,1.12,1.75
2016.06.15 09:04:42.642,1.28496,1.28505,1.37,1.95
2016.06.15 09:04:43.317,1.28498,1.28508,1.12,2.25
2016.06.15 09:04:43.824,1.28498,1.28508,1.00,3.00
2016.06.15 09:04:44.366,1.28499,1.28508,1.00,2.25
2016.06.15 09:04:44.916,1.28499,1.28508,1.00,1.12
2016.06.15 09:04:46.401,1.28497,1.28508,1.12,1.87
2016.06.15 09:04:47.227,1.28496,1.28508,1.37,3.37
2016.06.15 09:04:47.740,1.28496,1.28507,1.37,1.87
2016.06.15 09:04:47.859,1.28496,1.28507,1.12,1.87
2016.06.15 09:04:50.394,1.28499,1.28506,1.00,1.57
2016.06.15 09:04:51.043,1.28498,1.28506,1.00,1.10
2016.06.15 09:04:52.716,1.28498,1.28506,1.00,1.12
2016.06.15 09:04:53.439,1.28499,1.28506,1.00,1.12
2016.06.15 09:04:57.010,1.28499,1.28506,1.00,1.07
2016.06.15 09:04:58.458,1.28499,1.28506,1.00,1.10
2016.06.15 09:04:58.982,1.28504,1.28508,1.00,1.00
2016.06.15 09:04:59.136,1.28507,1.28516,1.00,1.87
2016.06.15 09:04:59.238,1.28507,1.28516,1.00,1.50
2016.06.15 09:05:00.120,1.28507,1.28516,1.37,1.00
2016.06.15 09:05:00.628,1.28509,1.28517,1.00,1.12
2016.06.15 09:05:01.064,1.28504,1.28516,3.07,2.92
2016.06.15 09:05:01.320,1.28509,1.28516,1.00,2.92
2016.06.15 09:05:01.664,1.28513,1.28523,1.12,1.20
2016.06.15 09:05:03.772,1.28514,1.28525,1.00,2.62
2016.06.15 09:05:04.384,1.28514,1.28524,1.12,1.45
2016.06.15 09:05:04.911,1.28514,1.28523,1.00,1.10
2016.06.15 09:05:11.469,1.28514,1.28525,1.00,3.00
2016.06.15 09:05:13.151,1.28514,1.28523,1.00,1.10
2016.06.15 09:05:13.911,1.28514,1.28522,1.00,1.00
2016.06.15 09:05:17.410,1.28514,1.28523,1.00,1.10
2016.06.15 09:05:19.376,1.28515,1.28524,1.00,1.57
2016.06.15 09:05:20.975,1.28516,1.28525,1.00,2.32
2016.06.15 09:05:21.178,1.28519,1.28525,1.00,1.82
2016.06.15 09:05:21.280,1.28523,1.28527,1.00,1.00
2016.06.15 09:05:21.382,1.28525,1.28533,1.00,1.50
2016.06.15 09:05:21.433,1.28527,1.28535,1.00,1.20
2016.06.15 09:05:21.586,1.28527,1.28536,1.00,2.32
2016.06.15 09:05:22.299,1.28528,1.28535,1.00,1.00
2016.06.15 09:05:22.826,1.28528,1.28538,1.00,2.62
2016.06.15 09:05:23.360,1.28528,1.28538,1.00,1.57
2016.06.15 09:05:23.910,1.28529,1.28539,1.00,2.70
2016.06.15 09:05:25.512,1.28527,1.28537,1.50,1.10
2016.06.15 09:05:25.564,1.28527,1.28538,1.00,3.00
2016.06.15 09:05:26.525,1.28528,1.28537,1.00,1.82
2016.06.15 09:05:27.041,1.28529,1.28538,1.00,1.50
2016.06.15 09:05:27.092,1.28527,1.28538,1.12,2.25
2016.06.15 09:05:28.412,1.28528,1.28538,1.00,1.12
2016.06.15 09:05:30.842,1.28527,1.28538,1.12,2.62
2016.06.15 09:05:30.994,1.28528,1.28538,1.50,2.25
2016.06.15 09:05:31.501,1.28528,1.28538,1.12,3.75
2016.06.15 09:05:32.028,1.28529,1.28537,1.00,1.07
2016.06.15 09:05:35.172,1.28527,1.28537,1.00,3.75
2016.06.15 09:05:35.325,1.28525,1.28536,1.12,1.85
2016.06.15 09:05:35.630,1.2852,1.2853,1.12,1.87
2016.06.15 09:05:35.938,1.28519,1.2853,1.47,1.57
2016.06.15 09:05:37.944,1.28519,1.2853,1.20,3.45
2016.06.15 09:05:40.530,1.28519,1.28528,1.47,1.00
2016.06.15 09:05:41.635,1.28519,1.28528,1.00,1.00
2016.06.15 09:05:41.941,1.28519,1.2853,1.75,2.32
2016.06.15 09:05:42.763,1.28518,1.28528,1.85,1.00
2016.06.15 09:05:42.865,1.28516,1.28527,1.87,1.12
2016.06.15 09:05:43.068,1.28519,1.28529,1.00,1.95
2016.06.15 09:05:43.119,1.28519,1.28529,1.00,1.95
2016.06.15 09:05:43.221,1.28517,1.28529,3.07,2.70
2016.06.15 09:05:44.308,1.28517,1.28529,2.32,1.20
2016.06.15 09:05:44.837,1.28518,1.2853,3.07,3.07
2016.06.15 09:05:45.783,1.28518,1.28529,2.32,1.00
2016.06.15 09:05:46.907,1.28519,1.28529,1.10,1.87
2016.06.15 09:05:47.453,1.28518,1.28529,1.82,1.50
2016.06.15 09:05:48.335,1.28518,1.28531,3.07,2.32
2016.06.15 09:05:48.851,1.28517,1.28529,3.37,1.00
2016.06.15 09:05:49.369,1.28517,1.2853,2.62,2.70
2016.06.15 09:05:50.125,1.28517,1.28529,3.37,1.00
2016.06.15 09:05:51.794,1.28518,1.2853,1.82,1.95
2016.06.15 09:05:52.124,1.28524,1.28533,1.12,2.70
2016.06.15 09:05:52.276,1.28525,1.28536,1.12,3.00
2016.06.15 09:05:52.782,1.28525,1.28536,1.50,3.00
2016.06.15 09:05:53.725,1.28529,1.28538,1.00,1.12
2016.06.15 09:05:55.726,1.28529,1.28537,1.12,1.00
2016.06.15 09:05:56.272,1.28529,1.28538,1.00,1.57
2016.06.15 09:05:59.339,1.28529,1.28538,1.37,1.57
2016.06.15 09:05:59.887,1.28529,1.28538,1.37,1.87
2016.06.15 09:06:00.407,1.28529,1.28539,1.37,1.57
2016.06.15 09:06:01.141,1.28529,1.28539,1.00,2.32
2016.06.15 09:06:01.690,1.28528,1.28539,1.12,2.70
2016.06.15 09:06:01.741,1.28528,1.28539,1.37,1.95
2016.06.15 09:06:01.894,1.28528,1.28539,1.12,1.95
2016.06.15 09:06:02.446,1.28528,1.28539,1.37,1.95
2016.06.15 09:06:02.548,1.28528,1.28539,1.12,1.57
2016.06.15 09:06:04.975,1.28528,1.28538,1.12,1.50
2016.06.15 09:06:05.179,1.2853,1.28538,1.00,1.87
2016.06.15 09:06:06.708,1.28528,1.2854,1.12,2.70
2016.06.15 09:06:07.065,1.28526,1.28536,2.25,1.50
2016.06.15 09:06:07.610,1.28526,1.28537,1.12,2.32
2016.06.15 09:06:07.965,1.28526,1.28537,1.00,1.95
2016.06.15 09:06:09.164,1.28527,1.28537,1.00,1.95
2016.06.15 09:06:09.317,1.28527,1.28536,1.00,1.00
2016.06.15 09:06:12.140,1.28528,1.28536,1.00,1.00
2016.06.15 09:06:13.149,1.2853,1.28538,1.00,1.20
2016.06.15 09:06:13.694,1.28529,1.28538,1.00,1.07
2016.06.15 09:06:14.227,1.28529,1.28539,1.00,3.37
2016.06.15 09:06:15.018,1.28529,1.28539,1.12,3.00
2016.06.15 09:06:17.581,1.28529,1.28539,1.00,3.37
2016.06.15 09:06:18.082,1.28525,1.28538,2.70,3.62
2016.06.15 09:06:18.396,1.28527,1.28537,1.00,1.37
2016.06.15 09:06:18.651,1.28528,1.28538,1.00,3.24
2016.06.15 09:06:25.362,1.28529,1.28538,1.00,2.87
2016.06.15 09:06:25.514,1.28529,1.28539,1.37,1.45
2016.06.15 09:06:25.667,1.28529,1.2854,1.12,1.57
2016.06.15 09:06:26.259,1.28528,1.28538,1.50,1.37
2016.06.15 09:06:26.694,1.28527,1.28537,1.50,1.20
2016.06.15 09:06:27.210,1.28528,1.28538,1.00,1.20
2016.06.15 09:06:28.362,1.28527,1.28537,1.12,1.42
2016.06.15 09:06:30.267,1.28527,1.28537,1.12,1.47
2016.06.15 09:06:31.763,1.28527,1.28537,1.75,1.00
2016.06.15 09:06:31.865,1.28527,1.28537,1.50,1.12
2016.06.15 09:06:32.376,1.28527,1.28537,1.50,1.60
2016.06.15 09:06:32.923,1.28527,1.28536,1.37,1.00
2016.06.15 09:06:35.650,1.28527,1.28538,1.75,2.12
2016.06.15 09:06:35.752,1.28528,1.28537,1.00,1.30
2016.06.15 09:06:38.694,1.28527,1.28537,1.12,1.30
2016.06.15 09:06:39.647,1.28527,1.28537,1.37,1.30
2016.06.15 09:06:39.850,1.28527,1.28537,1.50,1.37
2016.06.15 09:06:40.382,1.28527,1.28537,1.50,1.37
2016.06.15 09:06:42.457,1.28528,1.28538,1.50,1.20
2016.06.15 09:06:43.656,1.28528,1.28536,1.00,1.00
2016.06.15 09:06:45.341,1.28528,1.28538,1.00,2.05
2016.06.15 09:06:45.860,1.28528,1.28538,1.00,1.45
2016.06.15 09:06:46.166,1.28528,1.28538,1.00,1.82
2016.06.15 09:06:46.707,1.28528,1.28538,1.00,1.20
2016.06.15 09:06:49.982,1.28529,1.28538,1.00,1.20
2016.06.15 09:06:51.191,1.28528,1.28539,1.12,4.87
2016.06.15 09:06:52.221,1.28529,1.28539,1.00,3.75
2016.06.15 09:06:52.893,1.28529,1.28539,1.00,3.00
2016.06.15 09:06:53.401,1.28528,1.28539,1.12,3.00
2016.06.15 09:06:53.708,1.2853,1.28539,1.00,1.87
2016.06.15 09:06:54.256,1.2853,1.28539,1.00,3.00
2016.06.15 09:06:54.769,1.28529,1.28538,1.37,1.07
2016.06.15 09:06:55.735,1.28529,1.28539,1.00,1.50
2016.06.15 09:06:56.242,1.2853,1.28538,1.00,1.10
2016.06.15 09:06:56.982,1.28529,1.28539,1.50,1.57
2016.06.15 09:07:03.669,1.28529,1.28538,1.00,1.47
2016.06.15 09:07:04.269,1.28529,1.28538,1.00,1.20
2016.06.15 09:07:05.742,1.28529,1.28538,1.37,1.10
2016.06.15 09:07:06.897,1.28529,1.28539,1.37,1.95
2016.06.15 09:07:09.809,1.28529,1.28537,1.12,1.00
2016.06.15 09:07:10.185,1.28529,1.28537,1.00,1.37
2016.06.15 09:07:10.286,1.28529,1.28537,1.00,1.00
2016.06.15 09:07:10.984,1.28529,1.28537,1.00,1.37
2016.06.15 09:07:11.542,1.28529,1.28538,1.12,1.47
2016.06.15 09:07:12.216,1.28529,1.28537,1.00,1.87
2016.06.15 09:07:12.535,1.28524,1.28529,5.62,1.37
2016.06.15 09:07:12.637,1.28523,1.28528,1.00,1.00
2016.06.15 09:07:13.246,1.28522,1.28529,1.00,1.75
2016.06.15 09:07:13.996,1.28523,1.28529,1.00,1.00
2016.06.15 09:07:15.301,1.28523,1.28532,1.00,1.12
2016.06.15 09:07:15.403,1.28523,1.28535,1.37,1.12
2016.06.15 09:07:15.707,1.28523,1.28536,1.75,1.37
2016.06.15 09:07:15.808,1.28523,1.28536,1.75,1.00
2016.06.15 09:07:16.364,1.28524,1.28536,1.12,1.37
2016.06.15 09:07:17.473,1.28525,1.28535,1.00,1.00
2016.06.15 09:07:17.542,1.28523,1.28538,2.25,1.47
2016.06.15 09:07:19.203,1.28526,1.28538,1.37,1.10
2016.06.15 09:07:20.207,1.28526,1.28539,1.37,3.07
2016.06.15 09:07:21.086,1.28525,1.28537,1.12,1.00
2016.06.15 09:07:22.637,1.28524,1.28537,1.12,1.37
2016.06.15 09:07:23.006,1.28524,1.28537,1.12,1.75
2016.06.15 09:07:23.724,1.28525,1.28535,1.00,1.00
2016.06.15 09:07:24.055,1.28523,1.28536,2.25,1.37
2016.06.15 09:07:24.385,1.28523,1.28536,1.87,1.75
2016.06.15 09:07:26.085,1.28523,1.28532,1.75,1.00
2016.06.15 09:07:26.446,1.28523,1.28528,1.00,1.00
2016.06.15 09:07:27.105,1.28522,1.28528,1.00,1.37
2016.06.15 09:07:27.635,1.28519,1.28525,1.50,1.37
2016.06.15 09:07:27.787,1.28518,1.28525,1.00,2.25
2016.06.15 09:07:28.308,1.28519,1.28527,1.00,8.87
2016.06.15 09:07:28.536,1.28521,1.28525,1.00,1.50
2016.06.15 09:07:28.913,1.28519,1.28525,1.00,1.75
2016.06.15 09:07:36.174,1.28517,1.28524,2.25,1.12
2016.06.15 09:07:36.478,1.28519,1.28525,1.00,1.87
2016.06.15 09:07:37.103,1.28518,1.28525,1.00,2.25
2016.06.15 09:07:37.721,1.28519,1.28525,1.00,1.87
2016.06.15 09:07:37.772,1.28515,1.28525,1.00,2.25
2016.06.15 09:07:38.636,1.28515,1.28524,1.00,1.12
2016.06.15 09:07:43.333,1.28515,1.28525,1.00,1.87
2016.06.15 09:07:51.023,1.28515,1.28526,1.00,5.49
2016.06.15 09:07:51.196,1.28515,1.28524,1.00,1.87
2016.06.15 09:07:51.247,1.28515,1.28526,1.00,5.49
2016.06.15 09:07:53.094,1.28515,1.28524,1.00,2.25
2016.06.15 09:07:53.751,1.28515,1.28524,1.00,1.87
2016.06.15 09:07:54.132,1.28515,1.28526,1.00,5.49
2016.06.15 09:07:54.512,1.28515,1.28524,1.00,1.87
2016.06.15 09:07:54.950,1.28515,1.28524,1.00,2.25
2016.06.15 09:07:55.451,1.28515,1.28524,1.00,1.87
2016.06.15 09:07:55.813,1.28505,1.28524,42.00,8.61
2016.06.15 09:07:55.864,1.28498,1.2852,1.75,9.36
2016.06.15 09:07:55.915,1.28498,1.2852,1.50,9.62
2016.06.15 09:07:56.663,1.28496,1.28519,1.75,9.61
2016.06.15 09:07:57.462,1.28497,1.28518,1.00,9.62
2016.06.15 09:08:02.602,1.28497,1.28509,4.87,1.87
2016.06.15 09:08:02.908,1.28492,1.28504,4.87,1.12
2016.06.15 09:08:03.078,1.2849,1.28502,4.87,1.37
2016.06.15 09:08:03.661,1.2849,1.28502,4.87,1.37
2016.06.15 09:08:04.372,1.28492,1.28503,4.50,1.12
2016.06.15 09:08:04.893,1.28493,1.28503,1.50,1.12
2016.06.15 09:08:07.112,1.28492,1.28505,1.87,1.75
2016.06.15 09:08:07.314,1.2849,1.28503,1.50,1.75
2016.06.15 09:08:07.415,1.28488,1.28502,1.87,1.12
2016.06.15 09:08:07.466,1.28491,1.28502,1.12,1.12
2016.06.15 09:08:07.915,1.28491,1.28503,1.50,1.37
2016.06.15 09:08:08.103,1.2849,1.28503,1.50,1.75
2016.06.15 09:08:08.204,1.28492,1.28504,1.50,1.37
2016.06.15 09:08:08.712,1.28492,1.28504,1.50,1.37
2016.06.15 09:08:08.813,1.28493,1.28505,1.50,1.12
2016.06.15 09:08:10.101,1.28493,1.28505,1.50,1.37
2016.06.15 09:08:10.626,1.28492,1.28502,1.12,1.37
2016.06.15 09:08:11.145,1.28489,1.28503,1.12,1.37
2016.06.15 09:08:11.346,1.28491,1.28503,1.50,1.00
2016.06.15 09:08:11.895,1.28494,1.28504,1.00,1.00
2016.06.15 09:08:13.321,1.2849,1.28504,1.75,1.12
2016.06.15 09:08:13.371,1.28492,1.28502,1.00,1.00
2016.06.15 09:08:13.545,1.28488,1.28502,1.12,1.37
2016.06.15 09:08:13.754,1.2849,1.28501,1.00,1.12
2016.06.15 09:08:13.928,1.28487,1.285,1.12,1.00
2016.06.15 09:08:14.029,1.28488,1.28504,1.12,1.75
2016.06.15 09:08:14.452,1.28491,1.28505,1.12,1.75
2016.06.15 09:08:16.149,1.28493,1.28504,1.00,1.12
2016.06.15 09:08:16.469,1.28494,1.28504,1.00,1.00
2016.06.15 09:08:16.619,1.28494,1.28505,1.00,1.12
2016.06.15 09:08:18.029,1.2849,1.28504,1.75,1.00
2016.06.15 09:08:18.384,1.2849,1.28505,1.75,1.75
2016.06.15 09:08:18.645,1.28489,1.28502,1.37,1.12
2016.06.15 09:08:18.746,1.28488,1.28501,1.12,1.12
2016.06.15 09:08:18.847,1.28489,1.28502,1.37,1.12
2016.06.15 09:08:19.045,1.28489,1.28504,1.37,1.12
2016.06.15 09:08:19.146,1.2849,1.28505,1.12,1.37
2016.06.15 09:08:19.247,1.2849,1.28503,1.12,1.37
2016.06.15 09:08:19.575,1.28488,1.28503,1.75,1.75
2016.06.15 09:08:20.378,1.28489,1.28503,1.12,1.37
2016.06.15 09:08:20.447,1.28491,1.28503,1.00,1.37
2016.06.15 09:08:20.975,1.28492,1.28502,1.00,1.37
2016.06.15 09:08:21.635,1.28492,1.28502,1.00,1.00
2016.06.15 09:08:22.477,1.28491,1.28503,1.00,1.37
2016.06.15 09:08:22.578,1.2849,1.28503,1.37,1.12
2016.06.15 09:08:22.729,1.2849,1.28503,1.37,1.12
2016.06.15 09:08:22.780,1.2849,1.28503,1.37,1.12
2016.06.15 09:08:22.992,1.28493,1.28503,1.00,1.12
2016.06.15 09:08:23.242,1.28491,1.28503,1.37,1.12
2016.06.15 09:08:23.924,1.2849,1.28503,1.12,1.50
2016.06.15 09:08:24.585,1.2849,1.28503,1.12,1.37
2016.06.15 09:08:25.248,1.2849,1.28503,1.12,1.12
2016.06.15 09:08:25.763,1.2849,1.28503,1.12,1.37
2016.06.15 09:08:26.550,1.2849,1.28503,1.75,1.00
2016.06.15 09:08:27.555,1.28493,1.28503,1.00,1.00
2016.06.15 09:08:27.906,1.28495,1.28505,1.00,1.12
2016.06.15 09:08:28.277,1.28491,1.28505,1.12,1.37
2016.06.15 09:08:29.260,1.28491,1.28505,1.12,1.12
2016.06.15 09:08:29.361,1.28491,1.28506,1.12,1.75
2016.06.15 09:08:29.461,1.28493,1.28505,1.00,1.37
2016.06.15 09:08:29.882,1.28491,1.28505,1.12,1.37
2016.06.15 09:08:30.566,1.28493,1.28505,1.00,1.37
2016.06.15 09:08:32.470,1.28491,1.28505,1.12,1.37
2016.06.15 09:08:33.141,1.28491,1.28505,1.12,1.00
2016.06.15 09:08:35.815,1.28492,1.28507,1.75,1.37
2016.06.15 09:08:36.257,1.28492,1.28506,1.12,1.12
2016.06.15 09:08:36.789,1.28493,1.28506,1.00,1.12
2016.06.15 09:08:37.298,1.28492,1.28502,1.00,1.00
2016.06.15 09:08:37.883,1.28491,1.28502,1.12,1.00
2016.06.15 09:08:37.984,1.28492,1.28504,1.00,1.37
2016.06.15 09:08:38.085,1.2849,1.28503,1.75,1.37
2016.06.15 09:08:38.686,1.2849,1.28503,1.12,1.37
2016.06.15 09:08:39.229,1.28494,1.28504,1.00,1.37
2016.06.15 09:08:39.785,1.28494,1.28504,1.00,1.00
2016.06.15 09:08:40.680,1.28491,1.28505,1.12,1.00
2016.06.15 09:08:41.004,1.2849,1.28505,1.75,1.50
2016.06.15 09:08:41.594,1.28492,1.28505,1.00,1.75
2016.06.15 09:08:42.496,1.2849,1.28502,1.75,1.00
2016.06.15 09:08:42.797,1.28492,1.28505,1.00,1.75
2016.06.15 09:08:44.020,1.2849,1.28505,1.12,1.75
2016.06.15 09:08:44.554,1.2849,1.28505,1.75,1.75
2016.06.15 09:08:44.655,1.2849,1.28505,1.75,1.37
2016.06.15 09:08:44.705,1.2849,1.28505,1.75,1.50
2016.06.15 09:08:45.541,1.2849,1.28502,1.12,1.00
2016.06.15 09:08:46.837,1.2849,1.28502,1.12,1.00
2016.06.15 09:08:47.414,1.28489,1.28504,1.75,1.75
2016.06.15 09:08:48.039,1.28489,1.28504,1.75,1.12
2016.06.15 09:08:48.229,1.28491,1.28504,1.12,1.12
2016.06.15 09:08:48.858,1.28495,1.28505,1.00,1.37
2016.06.15 09:08:49.485,1.28495,1.28505,1.00,1.00
2016.06.15 09:08:50.028,1.28493,1.28505,1.12,1.00
2016.06.15 09:08:50.531,1.28492,1.28507,1.75,1.75
2016.06.15 09:08:50.930,1.28494,1.28507,1.00,1.75
2016.06.15 09:08:51.431,1.28492,1.28506,1.12,1.37
2016.06.15 09:08:52.092,1.28492,1.28507,1.12,1.75
2016.06.15 09:08:54.456,1.28493,1.28503,1.00,1.00
2016.06.15 09:08:54.744,1.28489,1.28504,1.12,1.75
2016.06.15 09:08:55.152,1.28491,1.28503,1.12,1.00
2016.06.15 09:08:55.399,1.28489,1.28503,1.12,1.00
2016.06.15 09:08:55.998,1.2849,1.28504,1.12,1.00
2016.06.15 09:08:56.266,1.28488,1.28503,1.12,1.12
2016.06.15 09:08:56.454,1.28486,1.285,1.75,1.00
2016.06.15 09:08:57.206,1.28489,1.28499,1.00,1.00
2016.06.15 09:08:58.259,1.28488,1.28501,1.12,1.12
2016.06.15 09:08:58.360,1.2849,1.285,1.00,1.00
2016.06.15 09:09:00.013,1.28486,1.285,1.75,1.37
2016.06.15 09:09:00.276,1.28486,1.285,1.75,1.00
2016.06.15 09:09:00.889,1.28489,1.28499,1.00,1.00
2016.06.15 09:09:01.065,1.28487,1.28501,1.75,1.12
2016.06.15 09:09:01.481,1.28489,1.28499,1.00,1.00
2016.06.15 09:09:02.043,1.28487,1.285,1.12,1.12
2016.06.15 09:09:02.217,1.2849,1.285,1.00,1.12
2016.06.15 09:09:05.922,1.28487,1.285,1.12,1.37
2016.06.15 09:09:06.105,1.28487,1.28502,1.75,1.12
2016.06.15 09:09:06.380,1.28492,1.28504,1.00,1.12
2016.06.15 09:09:07.236,1.28491,1.28503,1.00,1.37
2016.06.15 09:09:07.321,1.2849,1.28503,1.12,1.37
2016.06.15 09:09:08.231,1.28489,1.28502,1.12,1.37
2016.06.15 09:09:08.777,1.28489,1.28502,1.12,1.12
2016.06.15 09:09:09.034,1.2849,1.28502,1.12,1.00
2016.06.15 09:09:09.234,1.28491,1.28504,1.12,1.00
2016.06.15 09:09:10.601,1.28492,1.28505,1.12,1.00
2016.06.15 09:09:10.702,1.28492,1.28505,1.37,1.12
2016.06.15 09:09:11.072,1.28492,1.28505,1.12,1.00
2016.06.15 09:09:11.613,1.28492,1.28505,1.12,1.37
2016.06.15 09:09:11.920,1.2849,1.28505,1.75,1.75
2016.06.15 09:09:12.718,1.28491,1.28505,1.12,1.12
2016.06.15 09:09:13.240,1.2849,1.28505,1.12,1.12
2016.06.15 09:09:13.435,1.28491,1.28505,1.12,1.12
2016.06.15 09:09:13.536,1.28493,1.28503,1.00,1.00
2016.06.15 09:09:14.036,1.28491,1.28505,1.12,1.12
2016.06.15 09:09:15.227,1.28493,1.28503,1.00,1.00
2016.06.15 09:09:15.438,1.28492,1.28505,1.12,1.37
2016.06.15 09:09:15.939,1.28492,1.28505,1.37,1.75
2016.06.15 09:09:16.140,1.28494,1.28504,1.00,1.00
2016.06.15 09:09:16.241,1.28492,1.28505,1.37,1.75
2016.06.15 09:09:16.790,1.28492,1.28505,1.12,1.37
2016.06.15 09:09:17.292,1.2849,1.28504,1.12,1.12
2016.06.15 09:09:17.892,1.2849,1.28504,1.12,1.37
2016.06.15 09:09:17.943,1.28492,1.28502,1.00,1.00
2016.06.15 09:09:18.044,1.28488,1.28502,1.75,1.12
2016.06.15 09:09:18.560,1.28493,1.28503,1.00,1.37
2016.06.15 09:09:19.256,1.28493,1.28503,1.00,1.12
2016.06.15 09:09:19.846,1.28489,1.28503,1.12,1.37
2016.06.15 09:09:19.947,1.28488,1.28503,1.12,1.12
2016.06.15 09:09:20.494,1.2849,1.285,1.00,1.00
2016.06.15 09:09:20.975,1.28487,1.285,1.75,1.50
2016.06.15 09:09:23.252,1.28487,1.285,1.87,1.37
2016.06.15 09:09:23.353,1.28489,1.28499,1.00,1.00
2016.06.15 09:09:23.889,1.28487,1.285,1.75,1.75
2016.06.15 09:09:23.990,1.2849,1.285,1.00,1.50
2016.06.15 09:09:24.678,1.28487,1.28499,1.75,1.00
2016.06.15 09:09:25.206,1.28488,1.285,1.00,1.87
2016.06.15 09:09:25.257,1.28487,1.285,1.75,1.87
2016.06.15 09:09:28.280,1.28489,1.28499,1.00,1.00
2016.06.15 09:09:28.670,1.28491,1.28501,1.37,1.12
2016.06.15 09:09:29.219,1.28491,1.28501,1.12,1.00
2016.06.15 09:09:30.474,1.28491,1.28501,1.75,1.00
2016.06.15 09:09:30.524,1.28491,1.28504,1.75,1.87
2016.06.15 09:09:30.675,1.28488,1.285,1.12,1.00
2016.06.15 09:09:31.028,1.28486,1.28499,1.37,1.87
2016.06.15 09:09:31.078,1.28486,1.28499,1.37,1.87
2016.06.15 09:09:31.581,1.28486,1.28499,1.12,1.87
2016.06.15 09:09:33.420,1.28484,1.28498,1.75,1.37
2016.06.15 09:09:34.076,1.28485,1.28498,1.12,1.12
2016.06.15 09:09:34.583,1.28488,1.28497,1.00,1.37
2016.06.15 09:09:34.734,1.28479,1.28493,3.75,1.75
2016.06.15 09:09:34.795,1.28477,1.28492,1.12,1.75
2016.06.15 09:09:35.091,1.28477,1.2849,1.37,1.12
2016.06.15 09:09:35.242,1.28477,1.28489,1.37,1.00
2016.06.15 09:09:35.767,1.28477,1.28491,1.37,1.12
2016.06.15 09:09:40.328,1.28476,1.2849,1.75,1.12
2016.06.15 09:09:40.870,1.28477,1.28491,1.12,1.12
2016.06.15 09:09:41.716,1.28477,1.28491,1.12,1.37
2016.06.15 09:09:43.561,1.28479,1.28489,1.00,1.00
2016.06.15 09:09:45.870,1.28474,1.28491,1.12,1.12
2016.06.15 09:09:46.223,1.28474,1.28489,1.12,1.37
2016.06.15 09:09:46.942,1.28476,1.2849,1.37,1.12
2016.06.15 09:09:51.828,1.28475,1.28487,1.12,1.50
2016.06.15 09:09:51.979,1.2847,1.28482,1.12,1.50
2016.06.15 09:09:52.130,1.28468,1.28478,1.12,1.00
2016.06.15 09:09:52.382,1.2847,1.28482,1.00,1.37
2016.06.15 09:09:52.432,1.28469,1.28482,1.12,1.37
2016.06.15 09:09:53.059,1.28469,1.28482,1.75,1.37
2016.06.15 09:09:54.863,1.2847,1.28484,1.75,1.37
2016.06.15 09:09:54.982,1.28472,1.28487,1.87,1.50
2016.06.15 09:09:55.083,1.28472,1.28487,2.25,1.37
2016.06.15 09:09:55.255,1.28475,1.28488,1.12,1.12
2016.06.15 09:09:55.865,1.28478,1.28488,1.00,1.12
2016.06.15 09:09:56.371,1.28477,1.28487,1.00,1.00
2016.06.15 09:09:56.672,1.28475,1.28488,1.00,1.75
2016.06.15 09:09:57.118,1.28475,1.28488,1.37,1.75
2016.06.15 09:09:57.370,1.28478,1.28488,1.00,1.12
2016.06.15 09:09:57.971,1.28475,1.28488,1.12,1.37
2016.06.15 09:09:58.503,1.28475,1.28488,1.12,1.37
2016.06.15 09:09:58.954,1.28475,1.28488,1.12,1.75
2016.06.15 09:09:59.396,1.28475,1.28488,1.12,1.37
2016.06.15 09:10:00.158,1.28475,1.28488,1.12,1.00
2016.06.15 09:10:00.259,1.28475,1.28488,1.12,1.12
2016.06.15 09:10:01.865,1.28475,1.2849,1.12,1.37
2016.06.15 09:10:01.915,1.28475,1.2849,1.12,1.75
2016.06.15 09:10:02.182,1.28474,1.28489,1.12,1.12
2016.06.15 09:10:02.383,1.28475,1.2849,1.75,1.75
2016.06.15 09:10:02.887,1.28475,1.28488,1.12,1.00
2016.06.15 09:10:03.434,1.28475,1.2849,1.12,1.75
2016.06.15 09:10:03.815,1.28475,1.28487,1.75,1.00
2016.06.15 09:10:03.885,1.28477,1.28487,1.00,1.00
2016.06.15 09:10:05.633,1.28475,1.2849,1.12,1.50
2016.06.15 09:10:05.684,1.28475,1.2849,1.75,1.37
2016.06.15 09:10:05.734,1.28475,1.2849,1.75,1.75
2016.06.15 09:10:06.084,1.28475,1.28488,1.12,1.12
2016.06.15 09:10:06.873,1.28475,1.28489,1.75,1.12
2016.06.15 09:10:08.893,1.28477,1.2849,1.37,1.12
2016.06.15 09:10:09.911,1.28475,1.28489,1.12,1.12
2016.06.15 09:10:10.226,1.28478,1.28488,1.00,1.00
2016.06.15 09:10:10.327,1.28475,1.28489,1.12,1.12
2016.06.15 09:10:10.693,1.28475,1.28488,1.12,1.00
2016.06.15 09:10:11.977,1.28475,1.2849,1.12,1.75
2016.06.15 09:10:12.533,1.28474,1.2849,1.75,1.12
2016.06.15 09:10:12.795,1.28477,1.28489,1.00,1.12
2016.06.15 09:10:12.897,1.28475,1.28487,1.37,1.00
2016.06.15 09:10:14.841,1.28474,1.28489,1.12,1.75
2016.06.15 09:10:15.573,1.28474,1.28488,1.12,1.12
2016.06.15 09:10:16.233,1.28476,1.28486,1.00,1.00
2016.06.15 09:10:17.313,1.28475,1.28489,1.12,1.37
2016.06.15 09:10:17.819,1.28474,1.28489,1.87,1.12
2016.06.15 09:10:17.932,1.28475,1.28489,1.12,1.12
2016.06.15 09:10:18.033,1.28474,1.28489,1.12,1.12
2016.06.15 09:10:24.430,1.28471,1.28486,1.00,1.00
2016.06.15 09:10:24.481,1.28471,1.28481,1.00,1.00
2016.06.15 09:10:24.956,1.2847,1.28485,1.87,1.87
2016.06.15 09:10:25.265,1.28475,1.28485,1.00,1.00
2016.06.15 09:10:25.718,1.28475,1.28486,1.00,1.12
2016.06.15 09:10:25.969,1.28472,1.28487,1.12,1.12
2016.06.15 09:10:26.117,1.28472,1.28486,1.12,1.37
2016.06.15 09:10:27.763,1.28469,1.28483,1.12,1.50
2016.06.15 09:10:27.864,1.28467,1.28477,1.00,1.00
2016.06.15 09:10:28.220,1.28464,1.28477,1.12,1.37
2016.06.15 09:10:28.529,1.2846,1.28475,1.12,1.12
2016.06.15 09:10:30.868,1.2846,1.28474,1.12,1.75
2016.06.15 09:10:30.975,1.28463,1.28473,1.00,1.00
2016.06.15 09:10:31.616,1.28461,1.28476,1.12,1.12
2016.06.15 09:10:32.927,1.28463,1.28476,1.00,1.75
2016.06.15 09:10:33.445,1.28464,1.28474,1.00,1.00
2016.06.15 09:10:37.070,1.28461,1.28476,1.12,1.75
2016.06.15 09:10:37.722,1.28461,1.28476,1.12,1.12
2016.06.15 09:10:38.293,1.28461,1.28476,1.12,1.75
2016.06.15 09:10:38.936,1.28461,1.28476,1.75,1.75
2016.06.15 09:10:43.142,1.28461,1.28475,1.12,1.37
2016.06.15 09:10:57.363,1.28461,1.28474,1.12,1.37
2016.06.15 09:11:01.891,1.28458,1.28472,1.12,1.12
2016.06.15 09:11:02.883,1.28458,1.28473,1.75,1.37
2016.06.15 09:11:04.010,1.2846,1.28473,1.37,1.75
2016.06.15 09:11:06.176,1.2846,1.28472,1.37,1.00
2016.06.15 09:11:08.115,1.28459,1.28472,1.12,1.87
2016.06.15 09:11:09.201,1.28457,1.28472,1.75,1.37
2016.06.15 09:11:14.526,1.2846,1.28472,1.12,1.00
2016.06.15 09:11:14.639,1.28462,1.28472,1.00,1.12
2016.06.15 09:11:15.290,1.28461,1.28472,1.12,1.00
2016.06.15 09:11:16.091,1.28461,1.28474,1.12,1.12
2016.06.15 09:11:17.993,1.28463,1.28475,1.12,1.37
2016.06.15 09:11:18.793,1.28463,1.28475,1.12,1.12
2016.06.15 09:11:19.504,1.28462,1.28477,1.12,1.75
2016.06.15 09:11:19.655,1.28468,1.28479,1.00,1.12
2016.06.15 09:11:19.757,1.28472,1.28484,1.12,1.00
2016.06.15 09:11:19.807,1.28474,1.28484,1.37,1.00
2016.06.15 09:11:19.908,1.28474,1.28488,1.12,1.37
2016.06.15 09:11:20.009,1.28476,1.2849,1.12,1.12
2016.06.15 09:11:20.638,1.28476,1.2849,1.12,1.12
2016.06.15 09:11:22.101,1.28478,1.28491,1.75,1.12
2016.06.15 09:11:22.641,1.28478,1.28491,1.12,1.37
2016.06.15 09:11:22.702,1.28478,1.28491,1.75,1.00
2016.06.15 09:11:22.803,1.28479,1.28493,1.75,1.00
2016.06.15 09:11:23.324,1.28481,1.28494,1.12,1.37
2016.06.15 09:11:23.526,1.2849,1.28499,1.00,1.12
2016.06.15 09:11:23.627,1.28486,1.28499,1.12,1.37
2016.06.15 09:11:23.728,1.28482,1.28498,1.12,1.87
2016.06.15 09:11:24.030,1.2848,1.28493,1.75,1.37
2016.06.15 09:11:24.131,1.28481,1.28491,1.00,1.00
2016.06.15 09:11:24.845,1.28477,1.28492,1.12,1.12
2016.06.15 09:11:26.059,1.28477,1.28492,1.75,1.37
2016.06.15 09:11:26.161,1.28479,1.28495,1.75,1.12
2016.06.15 09:11:26.312,1.28482,1.28497,1.75,1.12
2016.06.15 09:11:26.425,1.28483,1.28497,1.12,1.12
2016.06.15 09:11:26.945,1.28483,1.28499,1.12,2.25
2016.06.15 09:11:27.600,1.28487,1.28497,1.00,1.12
2016.06.15 09:11:28.113,1.28484,1.28497,1.12,1.00
2016.06.15 09:11:28.648,1.28487,1.28497,1.00,1.12
2016.06.15 09:11:32.252,1.28485,1.28499,1.12,1.12
2016.06.15 09:11:34.664,1.28487,1.285,1.75,1.37
2016.06.15 09:11:35.179,1.28487,1.285,1.87,1.00
2016.06.15 09:11:35.542,1.28489,1.285,1.12,1.00
2016.06.15 09:11:40.740,1.28488,1.285,1.75,1.12
2016.06.15 09:11:41.575,1.28489,1.285,1.12,1.00
2016.06.15 09:11:45.772,1.28491,1.28499,1.00,1.00
2016.06.15 09:11:46.084,1.28486,1.28499,1.12,1.50
2016.06.15 09:11:46.552,1.28486,1.28499,1.75,1.00
2016.06.15 09:11:49.485,1.28489,1.28499,1.00,1.87
2016.06.15 09:11:52.499,1.28486,1.28499,1.75,1.12
2016.06.15 09:11:52.700,1.28485,1.28495,1.00,1.00
2016.06.15 09:11:52.751,1.28481,1.28495,1.12,1.12
2016.06.15 09:11:52.903,1.28479,1.28493,1.37,1.12
2016.06.15 09:11:53.003,1.28478,1.28491,1.12,1.12
2016.06.15 09:11:53.304,1.28479,1.28494,1.75,1.50
2016.06.15 09:11:53.367,1.28479,1.28494,1.75,1.37
2016.06.15 09:11:54.570,1.28481,1.28494,1.12,1.00
2016.06.15 09:11:54.671,1.28483,1.28497,1.12,1.87
2016.06.15 09:11:54.872,1.28488,1.28498,1.00,1.37
2016.06.15 09:11:56.019,1.28488,1.28498,1.00,1.37
2016.06.15 09:11:56.807,1.28487,1.28497,1.00,1.12
2016.06.15 09:11:57.046,1.28483,1.28497,1.12,1.37
2016.06.15 09:11:57.097,1.28485,1.28495,1.00,1.00
2016.06.15 09:11:57.413,1.28481,1.28495,1.75,1.37
2016.06.15 09:11:57.514,1.28483,1.28493,1.00,1.00
2016.06.15 09:11:58.145,1.28481,1.28495,1.12,1.37
2016.06.15 09:11:58.396,1.28482,1.28496,1.12,1.12
2016.06.15 09:11:59.082,1.28481,1.28495,1.12,1.37
2016.06.15 09:11:59.683,1.2848,1.28495,1.75,1.75
2016.06.15 09:12:00.923,1.2848,1.28493,1.12,1.12
2016.06.15 09:12:00.986,1.28478,1.28493,1.75,1.75
2016.06.15 09:12:01.087,1.28478,1.28493,1.12,1.75
2016.06.15 09:12:02.325,1.28477,1.28487,1.00,1.12
2016.06.15 09:12:02.837,1.28474,1.28488,1.12,1.12
2016.06.15 09:12:03.341,1.28477,1.28487,1.00,1.00
2016.06.15 09:12:03.875,1.28474,1.28489,1.12,1.12
2016.06.15 09:12:04.632,1.28474,1.28488,1.75,1.12
2016.06.15 09:12:05.171,1.28474,1.28488,1.75,1.37
2016.06.15 09:12:05.718,1.28477,1.28487,1.00,1.00
2016.06.15 09:12:06.321,1.28474,1.28488,1.75,1.12
2016.06.15 09:12:07.200,1.28475,1.28487,1.12,1.00
2016.06.15 09:12:07.512,1.28476,1.28486,1.00,1.12
2016.06.15 09:12:08.041,1.28473,1.28486,1.12,1.00
2016.06.15 09:12:09.003,1.28473,1.28487,1.12,1.12
2016.06.15 09:12:09.104,1.28475,1.28488,1.12,1.12
2016.06.15 09:12:09.614,1.28474,1.28486,1.12,1.00
2016.06.15 09:12:10.007,1.28472,1.28486,1.12,1.37
2016.06.15 09:12:11.869,1.28472,1.28486,1.75,1.37
2016.06.15 09:12:12.429,1.28473,1.28486,1.12,1.37
2016.06.15 09:12:16.257,1.28473,1.28487,1.12,1.00
2016.06.15 09:12:17.430,1.28473,1.28488,1.75,1.75
2016.06.15 09:12:28.657,1.28475,1.28488,1.12,1.37
2016.06.15 09:12:28.808,1.28476,1.2849,1.12,1.00
2016.06.15 09:12:29.466,1.28475,1.28491,1.75,1.75
2016.06.15 09:12:29.979,1.28475,1.28488,1.12,1.00
2016.06.15 09:12:43.469,1.28476,1.28488,1.75,1.00
2016.06.15 09:12:43.917,1.28477,1.28487,1.00,1.00
2016.06.15 09:12:45.787,1.28475,1.28489,1.75,1.12
2016.06.15 09:12:46.337,1.28475,1.28488,1.12,1.00
2016.06.15 09:12:46.875,1.28476,1.28488,1.00,1.37
2016.06.15 09:12:47.388,1.28473,1.28488,1.12,1.12
2016.06.15 09:12:47.978,1.28476,1.28486,1.00,1.00
2016.06.15 09:12:49.604,1.28475,1.28487,1.37,1.00
2016.06.15 09:12:49.883,1.28476,1.28491,1.12,1.12
2016.06.15 09:12:50.430,1.28475,1.28491,1.75,1.12
2016.06.15 09:12:51.186,1.28477,1.28491,1.12,1.37
2016.06.15 09:12:51.437,1.28483,1.28493,1.00,1.12
2016.06.15 09:12:51.956,1.28482,1.28495,1.00,1.12
2016.06.15 09:12:52.507,1.28481,1.28494,1.12,1.12
2016.06.15 09:12:52.587,1.28481,1.28493,1.12,1.00
2016.06.15 09:12:53.298,1.28482,1.28494,1.37,1.00
2016.06.15 09:12:53.818,1.28482,1.28496,1.37,1.12
2016.06.15 09:12:56.695,1.28482,1.28496,1.37,1.12
2016.06.15 09:12:57.235,1.28482,1.28495,1.12,1.12
2016.06.15 09:13:03.205,1.28483,1.28494,1.00,1.12
2016.06.15 09:13:05.228,1.28481,1.28496,1.12,1.12
2016.06.15 09:13:05.379,1.28485,1.28495,1.00,1.00
2016.06.15 09:13:07.532,1.28482,1.28497,1.75,1.12
2016.06.15 09:13:08.048,1.28486,1.28499,1.75,1.87
2016.06.15 09:13:08.250,1.28487,1.28499,1.75,1.12
2016.06.15 09:13:08.764,1.28487,1.28499,1.12,1.12
2016.06.15 09:13:08.814,1.28488,1.28499,1.00,1.50
2016.06.15 09:13:09.251,1.28486,1.28499,1.75,1.50
2016.06.15 09:13:09.657,1.28486,1.28498,1.50,1.37
2016.06.15 09:13:11.199,1.28486,1.28498,1.87,1.12
2016.06.15 09:13:14.528,1.28487,1.28499,1.12,1.12
2016.06.15 09:13:14.830,1.28493,1.28507,1.12,1.12
2016.06.15 09:13:14.931,1.28493,1.28506,1.12,1.00
2016.06.15 09:13:21.961,1.28495,1.28508,1.12,1.75
2016.06.15 09:13:22.879,1.28495,1.28508,1.37,1.75
2016.06.15 09:13:26.543,1.28495,1.28507,1.37,1.00
2016.06.15 09:13:27.340,1.28495,1.28508,1.12,1.37
2016.06.15 09:13:27.404,1.28496,1.28508,1.37,1.12
2016.06.15 09:13:28.298,1.28496,1.28509,1.12,1.37
2016.06.15 09:13:28.367,1.28497,1.28512,1.37,1.75
2016.06.15 09:13:28.893,1.28497,1.28512,1.12,1.75
2016.06.15 09:13:33.758,1.28497,1.2851,1.12,1.37
2016.06.15 09:13:34.393,1.28497,1.28511,1.12,1.12
2016.06.15 09:13:35.568,1.28497,1.2851,1.37,1.37
2016.06.15 09:13:36.322,1.28497,1.28507,1.12,1.00
2016.06.15 09:13:36.610,1.28499,1.28509,1.00,1.00
2016.06.15 09:13:36.915,1.28496,1.2851,1.12,1.12
2016.06.15 09:13:37.266,1.28497,1.2851,1.00,1.12
2016.06.15 09:13:37.640,1.28496,1.2851,1.12,1.12
2016.06.15 09:13:38.683,1.28496,1.2851,1.75,2.25
2016.06.15 09:13:39.284,1.28496,1.2851,1.75,1.87
2016.06.15 09:13:40.788,1.28495,1.28509,1.37,1.12
2016.06.15 09:13:40.839,1.28495,1.28508,1.00,1.12
2016.06.15 09:13:41.604,1.28493,1.28507,1.37,1.12
2016.06.15 09:13:42.979,1.28493,1.28506,1.12,1.75
2016.06.15 09:13:43.180,1.28493,1.28506,1.12,1.75
2016.06.15 09:13:50.434,1.28491,1.28505,1.12,1.75
2016.06.15 09:13:54.918,1.28492,1.28504,1.12,1.50
2016.06.15 09:13:55.439,1.28492,1.28504,1.12,1.75
2016.06.15 09:13:56.902,1.28492,1.28504,1.12,1.50
2016.06.15 09:13:57.449,1.28492,1.28505,1.12,1.37
2016.06.15 09:14:00.508,1.28492,1.28505,1.75,1.37
2016.06.15 09:14:01.047,1.28492,1.28505,1.12,1.12
2016.06.15 09:14:01.361,1.28495,1.28505,1.00,1.12
2016.06.15 09:14:04.217,1.28494,1.28506,1.87,1.00
2016.06.15 09:14:04.868,1.28492,1.28506,1.75,1.50
2016.06.15 09:14:05.369,1.28492,1.28505,1.12,1.37
2016.06.15 09:14:10.233,1.28491,1.28505,1.87,1.12
2016.06.15 09:14:11.430,1.28491,1.28506,1.75,2.25
2016.06.15 09:14:11.976,1.28491,1.28505,1.75,1.12
2016.06.15 09:14:21.670,1.28491,1.28505,1.87,1.12
2016.06.15 09:14:21.796,1.28489,1.28503,1.75,1.37
2016.06.15 09:14:21.846,1.28488,1.28503,1.75,1.50
2016.06.15 09:14:22.098,1.28482,1.28494,1.87,1.37
2016.06.15 09:14:22.149,1.28482,1.28494,1.87,1.75
2016.06.15 09:14:22.300,1.2848,1.28492,1.12,1.12
2016.06.15 09:14:22.950,1.28479,1.28492,1.00,1.75
2016.06.15 09:14:23.150,1.28478,1.28492,1.87,1.75
2016.06.15 09:14:43.186,1.2848,1.2849,1.00,1.12
2016.06.15 09:14:46.427,1.2848,1.2849,1.37,1.00
2016.06.15 09:14:47.327,1.2848,1.2849,1.37,1.00
2016.06.15 09:14:47.528,1.28484,1.28496,1.12,1.50
2016.06.15 09:14:47.706,1.28485,1.28495,1.00,1.50
2016.06.15 09:14:48.343,1.28485,1.28495,1.37,1.37
2016.06.15 09:14:48.660,1.28486,1.28495,1.37,1.00
2016.06.15 09:14:49.269,1.28486,1.28495,1.12,1.00
2016.06.15 09:14:49.870,1.28486,1.28495,1.37,1.00
2016.06.15 09:14:50.501,1.28487,1.28495,1.37,1.00
2016.06.15 09:14:54.174,1.28485,1.28497,1.12,1.12
2016.06.15 09:14:54.225,1.28484,1.28497,1.37,1.75
2016.06.15 09:14:54.963,1.28482,1.28496,1.75,1.12
2016.06.15 09:14:55.315,1.28481,1.28493,1.50,1.12
2016.06.15 09:14:55.366,1.28481,1.28492,1.12,1.37
2016.06.15 09:14:56.342,1.2848,1.28493,1.87,1.37
2016.06.15 09:14:58.349,1.2848,1.28494,2.25,1.12
2016.06.15 09:14:58.626,1.28481,1.28491,1.00,1.12
2016.06.15 09:14:58.751,1.28478,1.28491,1.87,1.75
2016.06.15 09:14:58.854,1.28478,1.28487,1.12,1.00
2016.06.15 09:15:02.428,1.28478,1.2849,1.37,1.75
2016.06.15 09:15:02.528,1.28478,1.2849,1.50,1.37
2016.06.15 09:15:03.229,1.28478,1.28491,1.87,1.75
2016.06.15 09:15:06.833,1.28479,1.28492,1.37,1.12
2016.06.15 09:15:06.884,1.28479,1.28493,1.12,1.75
2016.06.15 09:15:07.411,1.28483,1.28495,1.00,1.75
2016.06.15 09:15:07.740,1.28487,1.285,1.12,1.37
2016.06.15 09:15:07.936,1.28487,1.285,1.12,1.12
2016.06.15 09:15:08.153,1.28487,1.285,1.37,1.12
2016.06.15 09:15:08.812,1.28487,1.28501,1.12,1.12
2016.06.15 09:15:09.134,1.2849,1.28503,1.12,1.12
2016.06.15 09:15:09.706,1.28491,1.28504,1.12,1.12
2016.06.15 09:15:12.773,1.28493,1.28503,1.00,1.00
2016.06.15 09:15:12.874,1.28491,1.28504,1.00,1.12
2016.06.15 09:15:17.760,1.2849,1.28503,1.87,1.75
2016.06.15 09:15:19.390,1.28491,1.28501,1.00,1.12
2016.06.15 09:15:19.847,1.28491,1.28496,1.00,1.00
2016.06.15 09:15:20.099,1.28484,1.28495,1.87,1.00
2016.06.15 09:15:20.204,1.28484,1.28495,1.87,1.12
2016.06.15 09:15:20.255,1.28484,1.28495,1.50,1.37
2016.06.15 09:15:20.616,1.28484,1.28494,1.50,1.12
2016.06.15 09:15:21.059,1.28484,1.28495,1.12,1.87
2016.06.15 09:15:21.382,1.28485,1.28495,1.37,1.50
2016.06.15 09:15:21.583,1.28487,1.28496,1.00,1.00
2016.06.15 09:15:21.657,1.28485,1.28496,1.12,1.37
2016.06.15 09:15:21.758,1.28485,1.28496,1.00,1.50
2016.06.15 09:15:22.750,1.28483,1.28496,1.50,1.87
2016.06.15 09:15:23.060,1.28484,1.28496,1.12,1.50
2016.06.15 09:15:23.593,1.28486,1.28496,1.00,1.12
2016.06.15 09:15:23.644,1.28486,1.28493,1.00,1.00
2016.06.15 09:15:23.896,1.2848,1.28492,1.50,1.50
2016.06.15 09:15:23.962,1.2848,1.28492,1.50,1.87
2016.06.15 09:15:24.977,1.28477,1.28487,1.87,1.00
2016.06.15 09:15:25.229,1.28477,1.28487,1.87,1.00
2016.06.15 09:15:25.764,1.28477,1.28489,1.50,1.87
2016.06.15 09:15:26.089,1.28478,1.28488,1.37,1.00
2016.06.15 09:15:26.625,1.28477,1.2849,1.50,1.87
2016.06.15 09:15:29.877,1.28479,1.28489,1.00,1.12
2016.06.15 09:15:30.768,1.28478,1.28488,1.87,1.00
2016.06.15 09:15:31.315,1.28479,1.28489,1.87,1.50
2016.06.15 09:15:31.866,1.28478,1.28489,1.50,1.50
2016.06.15 09:15:32.372,1.28479,1.2849,1.12,1.87
2016.06.15 09:15:33.199,1.28479,1.2849,1.12,1.50
2016.06.15 09:15:33.276,1.28479,1.2849,1.12,1.87
2016.06.15 09:15:34.202,1.28479,1.2849,1.00,1.87
2016.06.15 09:15:34.724,1.28478,1.28491,1.12,2.25
2016.06.15 09:15:35.232,1.28479,1.28489,1.00,1.75
2016.06.15 09:15:35.503,1.28479,1.28489,1.00,1.87
2016.06.15 09:15:35.709,1.28478,1.28487,1.00,1.00
2016.06.15 09:15:37.598,1.28478,1.28489,1.12,1.50
2016.06.15 09:15:38.584,1.28478,1.28489,1.12,1.87
2016.06.15 09:15:39.148,1.28479,1.28489,1.00,1.12
2016.06.15 09:15:39.659,1.28479,1.2849,1.12,2.25
2016.06.15 09:15:40.194,1.28477,1.28489,1.50,1.50
2016.06.15 09:15:40.592,1.28477,1.28489,1.37,1.87
2016.06.15 09:15:40.703,1.28479,1.28489,1.00,1.50
2016.06.15 09:15:40.804,1.28477,1.28489,1.50,1.50
2016.06.15 09:15:41.212,1.28479,1.28491,1.12,1.75
2016.06.15 09:15:41.313,1.28479,1.28491,1.75,1.12
2016.06.15 09:15:41.877,1.28482,1.28494,1.00,2.25
2016.06.15 09:15:43.193,1.28482,1.28494,1.37,2.25
2016.06.15 09:15:43.826,1.28482,1.28493,1.12,1.12
2016.06.15 09:15:44.497,1.28484,1.28493,1.00,1.12
2016.06.15 09:15:44.598,1.28485,1.28492,1.00,1.00
2016.06.15 09:15:44.699,1.28485,1.28497,1.75,1.50
2016.06.15 09:15:45.203,1.28486,1.28496,1.75,1.12
2016.06.15 09:15:46.182,1.28484,1.28497,1.75,1.50
2016.06.15 09:15:46.766,1.28484,1.28497,1.87,1.87
2016.06.15 09:15:47.701,1.28487,1.28497,1.37,1.37
2016.06.15 09:15:47.802,1.28488,1.28499,1.37,1.00
2016.06.15 09:15:48.004,1.28491,1.28501,1.37,4.87
2016.06.15 09:15:48.515,1.28492,1.28502,1.00,20.62
2016.06.15 09:15:49.147,1.2849,1.28502,1.50,1.50
2016.06.15 09:15:49.926,1.28492,1.28503,1.50,1.00
2016.06.15 09:15:50.329,1.28494,1.28504,1.50,1.50
2016.06.15 09:15:50.430,1.28494,1.28503,1.00,1.12
2016.06.15 09:15:54.236,1.28491,1.28503,1.75,1.50
2016.06.15 09:15:54.342,1.28491,1.28503,1.87,1.50
2016.06.15 09:15:55.643,1.28493,1.28503,1.12,1.12
2016.06.15 09:15:56.195,1.28493,1.28504,1.50,1.00
2016.06.15 09:15:57.047,1.28493,1.28504,1.12,1.37
2016.06.15 09:15:58.657,1.28493,1.28504,1.75,1.00
2016.06.15 09:16:01.030,1.28493,1.28504,1.75,1.37
2016.06.15 09:16:01.535,1.28494,1.28504,1.50,1.12
2016.06.15 09:16:02.358,1.28494,1.28504,1.50,1.12
2016.06.15 09:16:03.000,1.28494,1.28504,1.50,1.37
2016.06.15 09:16:05.560,1.28495,1.28504,1.00,1.00
2016.06.15 09:16:06.113,1.28493,1.28505,1.75,1.12
2016.06.15 09:16:09.579,1.28493,1.28503,1.50,1.00
2016.06.15 09:16:09.680,1.28493,1.28505,1.75,1.50
2016.06.15 09:16:10.183,1.28494,1.28504,1.00,1.00
2016.06.15 09:16:10.725,1.28494,1.28505,1.50,1.00
2016.06.15 09:16:17.586,1.28493,1.28506,1.87,1.50
2016.06.15 09:16:18.177,1.28493,1.28506,1.75,1.75
2016.06.15 09:16:18.295,1.28495,1.28507,1.50,1.87
2016.06.15 09:16:18.717,1.28494,1.28504,1.50,1.00
2016.06.15 09:16:19.431,1.28494,1.28506,1.50,1.50
2016.06.15 09:16:20.041,1.28496,1.28506,1.00,1.50
2016.06.15 09:16:20.806,1.28496,1.28506,1.50,1.00
2016.06.15 09:16:20.962,1.28495,1.28505,1.00,1.87
2016.06.15 09:16:21.012,1.28495,1.28503,1.00,1.00
2016.06.15 09:16:21.579,1.28495,1.28504,1.00,1.00
2016.06.15 09:16:22.295,1.28493,1.28503,1.12,1.12
2016.06.15 09:16:25.871,1.28493,1.28505,1.37,1.87
2016.06.15 09:16:26.389,1.28493,1.28505,1.50,2.25
2016.06.15 09:16:31.737,1.28491,1.28501,3.00,1.00
2016.06.15 09:16:36.206,1.28492,1.28501,1.87,1.00
2016.06.15 09:16:36.906,1.28491,1.28503,2.62,1.00
2016.06.15 09:16:39.377,1.28492,1.28502,1.75,1.00
2016.06.15 09:16:39.494,1.28493,1.28503,1.50,1.00
2016.06.15 09:16:40.605,1.28493,1.28503,1.50,1.12
2016.06.15 09:16:45.762,1.28494,1.28506,1.50,1.50
2016.06.15 09:16:46.111,1.28494,1.28506,1.75,1.50
2016.06.15 09:16:46.794,1.28496,1.28506,1.00,1.50
2016.06.15 09:16:47.123,1.28494,1.28506,2.25,1.50
2016.06.15 09:16:48.412,1.28494,1.28506,1.50,1.87
2016.06.15 09:16:48.615,1.28494,1.28506,1.37,2.25
2016.06.15 09:16:49.042,1.28493,1.28503,1.87,1.00
2016.06.15 09:16:50.811,1.28493,1.28505,1.87,1.50
2016.06.15 09:16:51.961,1.28492,1.28503,1.37,1.12
2016.06.15 09:16:52.071,1.28492,1.28503,1.12,1.12
2016.06.15 09:16:52.578,1.28494,1.28503,1.00,1.00
2016.06.15 09:16:53.100,1.28494,1.28504,1.00,1.50
2016.06.15 09:16:53.781,1.28494,1.28503,1.00,1.00
2016.06.15 09:16:54.312,1.28491,1.28503,1.87,1.12
2016.06.15 09:16:55.627,1.28491,1.28503,1.75,1.37
2016.06.15 09:16:56.140,1.28491,1.28503,1.75,1.00
2016.06.15 09:16:56.725,1.28493,1.28503,1.00,1.50
2016.06.15 09:16:57.438,1.28494,1.28503,1.00,1.00
2016.06.15 09:16:59.417,1.28494,1.28501,1.00,1.00
2016.06.15 09:17:01.452,1.28492,1.28501,1.00,1.12
2016.06.15 09:17:05.777,1.28492,1.28499,1.00,1.00
2016.06.15 09:17:06.079,1.28492,1.28497,1.00,1.00
2016.06.15 09:17:06.180,1.28492,1.28501,1.50,1.12
2016.06.15 09:17:06.822,1.28492,1.28501,1.50,1.00
2016.06.15 09:17:09.147,1.28492,1.28501,1.50,1.00
2016.06.15 09:17:09.348,1.28492,1.28501,1.50,1.00
2016.06.15 09:17:09.882,1.28493,1.28501,1.00,1.00
2016.06.15 09:17:10.189,1.28492,1.28501,1.75,1.00
2016.06.15 09:17:13.353,1.28492,1.28501,1.75,1.00
2016.06.15 09:17:14.015,1.28492,1.28501,1.75,1.00
2016.06.15 09:17:14.556,1.28492,1.28501,1.75,1.00
2016.06.15 09:17:15.104,1.28492,1.28501,1.50,1.00
2016.06.15 09:17:16.157,1.28492,1.28501,1.50,1.00
2016.06.15 09:17:18.661,1.28493,1.28501,1.00,1.00
2016.06.15 09:17:21.842,1.28492,1.28501,1.50,1.00
2016.06.15 09:17:23.177,1.28492,1.28501,1.75,1.00
2016.06.15 09:17:25.372,1.28493,1.28501,1.00,1.00
2016.06.15 09:17:27.623,1.28492,1.28501,1.00,1.75
2016.06.15 09:17:27.964,1.28492,1.28499,1.00,1.12
2016.06.15 09:17:28.651,1.2849,1.28499,1.50,1.12
2016.06.15 09:17:28.881,1.2849,1.28498,1.12,1.12
2016.06.15 09:17:29.679,1.2849,1.28498,1.00,1.37
2016.06.15 09:17:31.497,1.2849,1.28498,1.00,1.50
2016.06.15 09:17:32.104,1.2849,1.28499,1.00,1.50
2016.06.15 09:17:32.934,1.2849,1.285,1.50,1.87
2016.06.15 09:17:33.094,1.28492,1.285,1.00,1.12
2016.06.15 09:17:33.881,1.28492,1.28499,1.00,1.00
2016.06.15 09:17:34.286,1.28493,1.28499,1.00,1.37
2016.06.15 09:17:35.294,1.28492,1.28499,1.00,1.12
2016.06.15 09:17:35.735,1.28491,1.28499,1.00,1.12
2016.06.15 09:17:36.162,1.28493,1.28498,1.00,1.00
2016.06.15 09:17:36.213,1.28491,1.28498,1.00,1.00
2016.06.15 09:17:37.616,1.2849,1.285,1.87,1.87
2016.06.15 09:17:38.594,1.2849,1.28499,1.00,1.50
2016.06.15 09:17:39.015,1.2849,1.28499,1.00,2.25
2016.06.15 09:17:39.932,1.2849,1.28498,1.00,1.75
2016.06.15 09:17:40.234,1.28483,1.2849,1.00,1.75
2016.06.15 09:17:40.335,1.28477,1.28488,2.25,1.12
2016.06.15 09:17:40.553,1.28475,1.28488,2.25,1.12
2016.06.15 09:17:40.847,1.28488,1.28493,2.25,1.00
2016.06.15 09:17:41.401,1.28488,1.28494,1.50,1.00
2016.06.15 09:17:42.061,1.28489,1.28494,1.87,1.00
2016.06.15 09:17:44.226,1.28489,1.28493,1.87,1.00
2016.06.15 09:17:44.886,1.28486,1.28494,1.87,1.00
2016.06.15 09:17:45.745,1.28486,1.28493,1.87,1.00
2016.06.15 09:17:45.806,1.28486,1.28495,1.87,1.00
2016.06.15 09:17:46.603,1.28477,1.28486,1.50,1.00
2016.06.15 09:17:46.979,1.28486,1.28495,1.87,1.00
2016.06.15 09:17:47.514,1.28489,1.28496,1.50,1.00
2016.06.15 09:17:47.846,1.28488,1.28493,1.50,1.00
2016.06.15 09:17:47.896,1.28489,1.28495,1.50,1.00
2016.06.15 09:17:48.415,1.28488,1.28493,1.87,1.00
2016.06.15 09:17:48.668,1.28487,1.28495,1.50,1.00
2016.06.15 09:17:49.200,1.28487,1.28496,1.50,1.00
2016.06.15 09:17:49.301,1.28488,1.28493,1.87,1.00
2016.06.15 09:17:49.367,1.28487,1.28495,1.50,1.00
2016.06.15 09:17:49.921,1.28487,1.28494,1.87,1.00
2016.06.15 09:17:50.209,1.28477,1.28487,1.12,1.00
2016.06.15 09:17:50.539,1.28477,1.28489,1.12,1.00
2016.06.15 09:17:50.815,1.28478,1.28488,1.12,1.37
2016.06.15 09:17:51.545,1.28477,1.28488,1.12,1.37
2016.06.15 09:17:52.718,1.28477,1.28487,1.37,1.00
2016.06.15 09:17:53.313,1.28479,1.28487,1.50,1.00
2016.06.15 09:17:53.831,1.28478,1.28487,1.00,1.00
2016.06.15 09:17:54.385,1.28478,1.28488,1.37,1.37
2016.06.15 09:17:54.662,1.28478,1.28489,1.50,1.12
2016.06.15 09:17:55.559,1.28477,1.28489,2.25,1.50
2016.06.15 09:17:56.978,1.28479,1.28489,1.00,1.50
2016.06.15 09:17:57.375,1.28479,1.28489,1.00,1.87
2016.06.15 09:17:57.777,1.28476,1.28488,1.50,1.50
2016.06.15 09:17:58.414,1.28478,1.28488,1.00,1.50
2016.06.15 09:18:00.418,1.28476,1.28488,1.50,1.87
2016.06.15 09:18:01.378,1.28478,1.28488,1.00,1.50
2016.06.15 09:18:01.636,1.28478,1.28488,1.00,1.87
2016.06.15 09:18:01.796,1.28478,1.28488,1.00,1.50
2016.06.15 09:18:02.856,1.28478,1.28488,1.00,1.50
2016.06.15 09:18:03.665,1.28478,1.28488,1.12,1.12
2016.06.15 09:18:04.274,1.28479,1.28489,1.00,1.87
2016.06.15 09:18:04.883,1.28479,1.28489,1.00,1.87
2016.06.15 09:18:05.036,1.28477,1.28489,1.12,1.87
2016.06.15 09:18:05.314,1.28479,1.28489,1.00,1.87
2016.06.15 09:18:05.550,1.28477,1.28489,1.12,1.87
2016.06.15 09:18:05.803,1.28479,1.28489,1.00,1.87
2016.06.15 09:18:05.883,1.28477,1.28489,1.12,1.12
2016.06.15 09:18:06.534,1.28478,1.2849,1.00,2.25
2016.06.15 09:18:07.344,1.28478,1.2849,1.37,2.25
2016.06.15 09:18:07.902,1.28477,1.28488,1.37,1.50
2016.06.15 09:18:10.450,1.28477,1.28488,1.00,1.50
2016.06.15 09:18:13.356,1.28477,1.28487,1.12,1.00
2016.06.15 09:18:13.594,1.28477,1.28488,1.12,1.87
2016.06.15 09:18:13.798,1.28477,1.28487,1.50,1.00
2016.06.15 09:18:14.789,1.28477,1.28488,1.12,1.87
2016.06.15 09:18:14.889,1.28477,1.28487,1.00,1.75
2016.06.15 09:18:15.673,1.28477,1.28485,1.00,1.12
2016.06.15 09:18:16.227,1.28476,1.28486,1.00,1.75
2016.06.15 09:18:16.889,1.28476,1.28486,1.00,1.12
2016.06.15 09:18:17.238,1.28476,1.28481,1.00,1.00
2016.06.15 09:18:18.718,1.28476,1.28484,1.00,1.37
2016.06.15 09:18:18.970,1.28476,1.28485,1.00,1.12
2016.06.15 09:18:21.273,1.28476,1.28486,1.00,1.37
2016.06.15 09:18:21.797,1.28475,1.28485,1.00,1.50
2016.06.15 09:18:21.898,1.28475,1.28483,1.00,1.00
2016.06.15 09:18:22.443,1.28473,1.28483,1.87,1.00
2016.06.15 09:18:23.309,1.28473,1.28483,2.25,1.00
2016.06.15 09:18:23.818,1.28477,1.28484,1.00,1.00
2016.06.15 09:18:23.869,1.28477,1.28486,1.00,1.12
2016.06.15 09:18:24.400,1.28476,1.28488,1.50,1.50
2016.06.15 09:18:34.080,1.28477,1.28489,1.50,1.75
2016.06.15 09:18:34.633,1.28477,1.28488,1.37,1.00
2016.06.15 09:18:35.162,1.28477,1.28487,1.12,1.00
2016.06.15 09:18:35.213,1.28477,1.28488,1.12,1.12
2016.06.15 09:18:35.736,1.28477,1.28488,1.50,1.37
2016.06.15 09:18:35.839,1.28477,1.28489,1.75,1.50
2016.06.15 09:18:36.040,1.28477,1.28489,2.25,1.37
2016.06.15 09:18:36.575,1.28478,1.28489,1.12,1.00
2016.06.15 09:18:37.671,1.28479,1.28489,1.75,1.00
2016.06.15 09:18:38.185,1.28479,1.28489,2.25,1.00
2016.06.15 09:18:38.502,1.2848,1.28489,1.00,1.00
2016.06.15 09:18:38.553,1.28479,1.28489,1.75,1.00
2016.06.15 09:18:40.121,1.28479,1.28489,1.75,1.00
2016.06.15 09:18:42.350,1.28479,1.28489,1.12,1.00
2016.06.15 09:18:42.451,1.28479,1.28489,1.00,1.87
2016.06.15 09:18:42.563,1.28478,1.28489,1.37,2.25
2016.06.15 09:18:43.140,1.28478,1.28486,1.00,1.12
2016.06.15 09:18:43.464,1.28478,1.28486,1.00,1.75
2016.06.15 09:18:44.146,1.28478,1.28487,1.00,1.12
2016.06.15 09:18:44.197,1.28464,1.28474,8.62,1.00
2016.06.15 09:18:44.298,1.2846,1.28474,20.25,1.12
2016.06.15 09:18:44.366,1.28459,1.28471,20.25,1.00
2016.06.15 09:18:44.416,1.28459,1.28472,20.25,1.12
2016.06.15 09:18:44.517,1.2846,1.28474,19.87,1.12
2016.06.15 09:18:44.663,1.28459,1.28472,19.87,1.12
2016.06.15 09:18:44.715,1.28459,1.28469,19.87,1.00
2016.06.15 09:18:45.078,1.2846,1.28474,19.87,1.12
2016.06.15 09:18:45.416,1.28461,1.28474,19.87,1.12
2016.06.15 09:18:46.554,1.2846,1.28474,19.87,1.12
2016.06.15 09:18:47.161,1.28461,1.28475,19.87,1.87
2016.06.15 09:18:47.857,1.2846,1.28473,19.87,1.12
2016.06.15 09:18:48.123,1.28462,1.28472,19.87,1.00
2016.06.15 09:18:49.188,1.28461,1.28474,19.87,1.12
2016.06.15 09:18:49.965,1.28462,1.28471,19.12,1.00
2016.06.15 09:18:50.340,1.2846,1.28471,19.87,1.12
2016.06.15 09:18:50.861,1.28461,1.28472,1.00,1.12
2016.06.15 09:18:51.606,1.28459,1.28471,19.87,1.50
2016.06.15 09:18:52.165,1.28458,1.2847,19.87,1.87
2016.06.15 09:18:52.943,1.28458,1.28468,19.87,1.12
2016.06.15 09:18:52.994,1.28456,1.28462,19.12,1.00
2016.06.15 09:18:53.044,1.28456,1.28461,19.12,1.00
2016.06.15 09:18:53.145,1.28453,1.28459,18.75,1.50
2016.06.15 09:18:53.196,1.28447,1.28458,19.12,1.12
2016.06.15 09:18:53.247,1.28447,1.28457,18.75,1.37
2016.06.15 09:18:53.662,1.28445,1.28456,19.87,1.37
2016.06.15 09:18:54.191,1.28446,1.28456,19.12,1.00
2016.06.15 09:18:54.723,1.28445,1.28455,19.87,1.00
2016.06.15 09:18:55.092,1.28447,1.28455,1.00,1.00
2016.06.15 09:18:55.193,1.28447,1.28457,19.87,1.00
2016.06.15 09:18:55.933,1.28448,1.28458,16.12,1.00
2016.06.15 09:18:56.479,1.28448,1.28459,16.87,1.00
2016.06.15 09:18:56.581,1.28448,1.2846,16.50,2.25
2016.06.15 09:18:56.883,1.28446,1.28456,16.87,1.37
2016.06.15 09:18:59.257,1.28447,1.28457,1.37,1.50
2016.06.15 09:19:00.053,1.28447,1.28457,1.37,1.00
2016.06.15 09:19:00.560,1.28448,1.28458,13.87,1.00
2016.06.15 09:19:01.106,1.28447,1.28457,14.25,1.00
2016.06.15 09:19:01.451,1.28447,1.28459,11.25,1.87
2016.06.15 09:19:01.921,1.28446,1.28458,12.37,1.37
2016.06.15 09:19:03.262,1.28447,1.28458,22.12,1.00
2016.06.15 09:19:03.795,1.28446,1.28458,16.87,1.37
2016.06.15 09:19:03.896,1.28448,1.28458,12.37,1.37
2016.06.15 09:19:05.700,1.28449,1.28458,16.87,1.12
2016.06.15 09:19:06.469,1.28449,1.28459,16.87,1.00
2016.06.15 09:19:06.781,1.28447,1.28459,1.37,1.87
2016.06.15 09:19:07.018,1.28446,1.28455,1.00,1.00
2016.06.15 09:19:07.753,1.28447,1.28458,12.00,1.12
2016.06.15 09:19:07.824,1.28447,1.28457,12.37,1.00
2016.06.15 09:19:08.026,1.28447,1.28457,1.12,1.50
2016.06.15 09:19:08.536,1.28446,1.28455,1.00,1.00
2016.06.15 09:19:10.881,1.28448,1.28455,1.00,1.00
2016.06.15 09:19:10.976,1.28446,1.28455,1.50,1.00
2016.06.15 09:19:13.497,1.28446,1.28458,10.87,1.87
2016.06.15 09:19:15.956,1.28447,1.28457,1.12,1.50
2016.06.15 09:19:21.462,1.28445,1.28455,12.00,1.00
2016.06.15 09:19:21.514,1.28445,1.28456,1.00,1.12
2016.06.15 09:19:22.037,1.28444,1.28454,12.00,1.00
2016.06.15 09:19:22.443,1.28445,1.28457,19.12,2.25
2016.06.15 09:19:23.212,1.28444,1.28455,1.37,1.37
2016.06.15 09:19:30.643,1.28446,1.28456,1.00,1.12
2016.06.15 09:19:31.637,1.28445,1.28456,1.12,1.87
2016.06.15 09:19:35.351,1.28446,1.28456,1.00,1.12
2016.06.15 09:19:35.452,1.28446,1.28457,1.12,1.75
2016.06.15 09:19:35.553,1.28448,1.28457,1.37,1.50
2016.06.15 09:19:35.855,1.28455,1.28461,1.37,1.87
2016.06.15 09:19:36.006,1.28457,1.28463,12.75,1.00
2016.06.15 09:19:36.173,1.28459,1.28464,12.75,1.50
2016.06.15 09:19:36.272,1.28459,1.28467,12.75,1.50
2016.06.15 09:19:40.667,1.28458,1.28468,10.87,4.12
2016.06.15 09:19:40.925,1.28461,1.28471,10.12,1.50
2016.06.15 09:19:41.227,1.2846,1.28471,10.87,1.50
2016.06.15 09:19:41.822,1.28462,1.28473,10.12,1.50
2016.06.15 09:19:46.353,1.28461,1.28473,1.87,4.12
2016.06.15 09:19:46.912,1.28461,1.28474,1.87,1.00
2016.06.15 09:19:47.559,1.28462,1.28474,1.75,1.50
2016.06.15 09:19:47.912,1.28463,1.28467,1.00,1.00
2016.06.15 09:19:48.509,1.28463,1.28471,1.00,1.00
2016.06.15 09:19:49.064,1.28462,1.28472,1.75,1.00
2016.06.15 09:19:49.610,1.28463,1.28473,1.50,1.00
2016.06.15 09:19:50.146,1.28462,1.28474,1.75,1.00
2016.06.15 09:19:50.297,1.28461,1.28474,2.62,1.50
2016.06.15 09:19:50.998,1.28463,1.28474,1.37,1.87
2016.06.15 09:19:55.383,1.28463,1.28476,1.50,1.00
2016.06.15 09:19:56.610,1.28463,1.28479,1.50,1.50
2016.06.15 09:19:57.942,1.28463,1.28474,1.37,9.00
2016.06.15 09:19:59.357,1.28462,1.28473,11.62,1.00
2016.06.15 09:20:00.004,1.28464,1.28476,10.87,1.87
2016.06.15 09:20:00.116,1.28464,1.28476,10.87,5.25
2016.06.15 09:20:00.659,1.28461,1.28472,13.87,1.87
2016.06.15 09:20:03.188,1.28461,1.28472,8.62,2.25
2016.06.15 09:20:05.130,1.28462,1.28472,23.85,1.12
2016.06.15 09:20:05.454,1.28468,1.28472,1.00,1.00
2016.06.15 09:20:05.606,1.28472,1.2848,1.00,1.00
2016.06.15 09:20:06.669,1.2847,1.28475,1.50,1.00
2016.06.15 09:20:06.826,1.28472,1.28479,1.00,1.00
2016.06.15 09:20:07.368,1.28472,1.2848,1.00,1.00
2016.06.15 09:20:07.948,1.28472,1.28479,1.00,1.00
2016.06.15 09:20:08.049,1.28469,1.28478,1.00,1.12
2016.06.15 09:20:08.313,1.28467,1.28478,1.50,1.12
2016.06.15 09:20:09.718,1.28467,1.28478,1.00,1.12
2016.06.15 09:20:10.852,1.28468,1.28478,1.00,1.12
2016.06.15 09:20:11.411,1.28468,1.28478,1.00,1.37
2016.06.15 09:20:12.825,1.28468,1.28479,1.12,2.62
2016.06.15 09:20:13.181,1.2847,1.2848,1.00,1.50
2016.06.15 09:20:13.939,1.2847,1.28479,1.00,1.00
2016.06.15 09:20:14.040,1.28468,1.28478,1.00,1.00
2016.06.15 09:20:14.519,1.28466,1.28478,1.50,1.87
2016.06.15 09:20:14.822,1.28466,1.28476,1.00,1.12
2016.06.15 09:20:15.030,1.28466,1.28476,1.50,1.00
2016.06.15 09:20:17.038,1.28466,1.28477,1.50,1.12
2016.06.15 09:20:17.436,1.28466,1.28477,1.12,1.87
2016.06.15 09:20:19.403,1.28466,1.28477,1.50,2.25
2016.06.15 09:20:19.454,1.28466,1.28477,1.75,1.87
2016.06.15 09:20:20.143,1.28466,1.28477,1.12,2.25
2016.06.15 09:20:23.500,1.28466,1.28477,1.37,11.25
2016.06.15 09:20:24.856,1.28467,1.28478,1.50,3.00
2016.06.15 09:20:25.430,1.28467,1.28478,1.50,1.87
2016.06.15 09:20:28.917,1.28467,1.28476,1.37,7.87
2016.06.15 09:20:29.269,1.28467,1.28478,1.50,1.87
2016.06.15 09:20:29.855,1.28468,1.28478,1.75,1.00
2016.06.15 09:20:30.418,1.28468,1.28479,1.75,1.00
2016.06.15 09:20:32.495,1.28467,1.28478,2.25,1.00
2016.06.15 09:20:34.260,1.28467,1.28479,2.25,1.50
2016.06.15 09:20:39.205,1.28467,1.28477,1.87,1.00
2016.06.15 09:20:39.532,1.28467,1.28475,1.00,15.00
2016.06.15 09:20:39.583,1.28464,1.28475,3.00,15.00
2016.06.15 09:20:39.909,1.28463,1.28472,1.00,1.12
2016.06.15 09:20:40.111,1.28461,1.2847,1.75,1.00
2016.06.15 09:20:42.397,1.28461,1.28472,1.75,1.00
2016.06.15 09:20:42.715,1.2846,1.28472,1.12,15.75
2016.06.15 09:20:43.248,1.2846,1.28472,1.75,1.12
2016.06.15 09:20:43.721,1.2846,1.28472,1.12,1.12
2016.06.15 09:20:45.520,1.28461,1.28472,1.12,1.00
2016.06.15 09:20:46.785,1.2846,1.28472,1.75,1.12
2016.06.15 09:20:47.425,1.2846,1.28472,1.12,1.37
2016.06.15 09:20:50.720,1.28461,1.28472,1.87,1.00
2016.06.15 09:20:51.281,1.28461,1.28472,2.25,1.00
2016.06.15 09:20:51.331,1.28461,1.28472,1.87,1.00
2016.06.15 09:20:51.899,1.28461,1.28472,1.87,1.00
2016.06.15 09:20:52.122,1.28461,1.28472,1.37,1.12
2016.06.15 09:20:52.176,1.28461,1.2847,1.37,1.00
2016.06.15 09:20:52.695,1.28462,1.28472,1.00,13.50
2016.06.15 09:20:53.235,1.28461,1.28471,1.12,1.00
2016.06.15 09:20:53.982,1.28461,1.28472,1.12,1.00
2016.06.15 09:20:54.133,1.28461,1.28471,1.12,12.00
2016.06.15 09:20:54.688,1.28459,1.2847,1.37,1.12
2016.06.15 09:20:57.255,1.28459,1.28468,1.37,1.00
2016.06.15 09:20:57.770,1.28457,1.28467,1.87,1.00
2016.06.15 09:20:59.312,1.28457,1.28467,1.75,1.00
2016.06.15 09:20:59.821,1.28457,1.28467,1.87,1.00
2016.06.15 09:21:00.941,1.28458,1.28467,1.12,1.00
2016.06.15 09:21:01.701,1.28458,1.28468,1.12,1.00
2016.06.15 09:21:02.164,1.28457,1.28466,1.12,1.12
2016.06.15 09:21:02.215,1.28456,1.28466,1.00,14.25
2016.06.15 09:21:02.797,1.28457,1.28466,1.00,1.00
2016.06.15 09:21:03.391,1.28455,1.28466,1.75,1.00
2016.06.15 09:21:09.354,1.28455,1.28466,1.37,1.00
2016.06.15 09:21:13.104,1.28457,1.28466,1.12,1.00
2016.06.15 09:21:14.973,1.28455,1.28466,1.75,1.00
2016.06.15 09:21:16.714,1.28454,1.28464,1.75,1.00
2016.06.15 09:21:16.765,1.28454,1.28465,1.12,1.00
2016.06.15 09:21:16.866,1.28454,1.28465,2.25,1.00
2016.06.15 09:21:18.694,1.28456,1.28467,1.12,1.00
2016.06.15 09:21:19.662,1.28456,1.28467,1.75,1.00
2016.06.15 09:21:20.815,1.28456,1.28468,1.75,1.12
2016.06.15 09:21:26.795,1.28456,1.28468,1.12,1.50
2016.06.15 09:21:28.172,1.28456,1.28468,1.12,1.12
2016.06.15 09:21:29.859,1.28456,1.28466,1.12,1.00
2016.06.15 09:21:29.909,1.28458,1.28465,1.00,1.00
2016.06.15 09:21:30.451,1.28455,1.28464,1.75,1.00
2016.06.15 09:21:30.921,1.28455,1.28464,1.50,1.00
2016.06.15 09:21:35.345,1.28455,1.28465,1.50,1.00
2016.06.15 09:21:35.972,1.28455,1.28467,1.50,1.50
2016.06.15 09:21:36.212,1.28455,1.28467,1.75,1.37
2016.06.15 09:21:39.459,1.28455,1.28465,1.75,1.00
2016.06.15 09:21:39.510,1.28456,1.28464,1.00,1.12
2016.06.15 09:21:39.680,1.28455,1.28464,1.00,1.37
2016.06.15 09:21:40.211,1.28455,1.28464,1.00,1.12
2016.06.15 09:21:40.434,1.28455,1.28465,1.00,1.75
2016.06.15 09:21:40.994,1.28455,1.28463,1.00,1.50
2016.06.15 09:21:41.423,1.28454,1.28459,1.50,1.00
2016.06.15 09:21:41.937,1.28455,1.28459,1.00,1.00
2016.06.15 09:21:42.351,1.28455,1.28464,1.00,1.12
2016.06.15 09:21:43.483,1.28455,1.28464,1.00,1.75
2016.06.15 09:21:43.841,1.28455,1.28464,1.00,1.00
2016.06.15 09:21:48.209,1.28455,1.28464,1.37,1.12
2016.06.15 09:21:48.755,1.28455,1.28464,1.50,1.12
2016.06.15 09:21:52.869,1.28459,1.28464,1.00,1.00
2016.06.15 09:21:55.774,1.28458,1.28465,1.75,1.50
2016.06.15 09:21:58.861,1.28458,1.28464,1.00,1.00
2016.06.15 09:21:59.489,1.28458,1.2847,1.75,1.37
2016.06.15 09:22:01.725,1.28458,1.28471,1.75,1.50
2016.06.15 09:22:02.271,1.2846,1.2847,1.00,1.00
2016.06.15 09:22:02.621,1.2846,1.28471,1.00,1.87
2016.06.15 09:22:03.219,1.28459,1.2847,1.00,1.87
2016.06.15 09:22:04.406,1.28456,1.28466,1.75,1.00
2016.06.15 09:22:04.709,1.28457,1.28465,1.00,1.00
2016.06.15 09:22:05.243,1.28456,1.28464,1.50,1.00
2016.06.15 09:22:05.344,1.28456,1.28464,1.50,1.00
2016.06.15 09:22:05.567,1.28456,1.28462,1.50,1.00
2016.06.15 09:22:05.869,1.28456,1.2846,1.00,1.00
2016.06.15 09:22:06.172,1.28452,1.28459,1.50,1.87
2016.06.15 09:22:06.222,1.28454,1.28459,1.50,1.50
2016.06.15 09:22:06.273,1.28452,1.28459,1.50,1.87
2016.06.15 09:22:06.836,1.2845,1.28455,3.75,1.00
2016.06.15 09:22:08.672,1.28453,1.2846,1.50,2.62
2016.06.15 09:22:09.182,1.28452,1.28459,1.50,1.87
2016.06.15 09:22:09.333,1.2845,1.28457,3.75,1.12
2016.06.15 09:22:09.491,1.28451,1.28456,3.75,1.00
2016.06.15 09:22:09.670,1.28454,1.28458,1.00,1.00
2016.06.15 09:22:09.833,1.28447,1.28456,1.00,1.00
2016.06.15 09:22:10.558,1.28447,1.28457,1.37,1.50
2016.06.15 09:22:13.037,1.28447,1.28458,1.12,1.75
2016.06.15 09:22:13.557,1.28448,1.28459,1.00,2.62
2016.06.15 09:22:13.854,1.28451,1.28459,1.00,1.12
2016.06.15 09:22:14.014,1.28452,1.28461,1.00,1.12
2016.06.15 09:22:14.115,1.28453,1.28464,1.00,1.87
2016.06.15 09:22:14.216,1.28455,1.28464,1.00,1.87
2016.06.15 09:22:14.368,1.28456,1.28463,1.00,1.00
2016.06.15 09:22:14.910,1.28457,1.28467,1.00,1.12
2016.06.15 09:22:15.437,1.28455,1.28468,1.50,2.62
2016.06.15 09:22:16.163,1.28456,1.28466,1.00,1.50
2016.06.15 09:22:16.219,1.28456,1.28463,1.00,1.00
2016.06.15 09:22:20.624,1.28456,1.28466,1.00,1.00
2016.06.15 09:22:21.651,1.28452,1.28466,1.87,1.37
2016.06.15 09:22:22.166,1.28452,1.28466,1.75,1.12
2016.06.15 09:22:22.721,1.28456,1.28466,1.00,1.00
2016.06.15 09:22:23.304,1.28452,1.28467,1.12,1.75
2016.06.15 09:22:23.843,1.28455,1.28465,1.00,1.00
2016.06.15 09:22:26.103,1.28453,1.28465,1.12,1.12
2016.06.15 09:22:26.635,1.28453,1.28464,1.87,1.00
2016.06.15 09:22:27.632,1.28451,1.28464,2.62,1.00
2016.06.15 09:22:29.565,1.28453,1.28464,1.75,1.00
2016.06.15 09:22:30.778,1.28452,1.28463,1.12,1.00
2016.06.15 09:22:32.324,1.28452,1.2846,1.12,1.00
2016.06.15 09:22:32.401,1.28452,1.28465,1.12,1.00
2016.06.15 09:22:32.536,1.28452,1.28465,1.12,1.37
2016.06.15 09:22:32.840,1.28448,1.28454,1.50,1.50
2016.06.15 09:22:33.042,1.2844,1.28452,24.75,1.50
2016.06.15 09:22:33.712,1.2844,1.28449,24.75,1.00
2016.06.15 09:22:34.779,1.2844,1.28449,24.75,1.00
2016.06.15 09:22:39.248,1.28442,1.28452,6.75,1.00
2016.06.15 09:22:40.808,1.28441,1.28452,7.50,1.12
2016.06.15 09:22:40.909,1.28443,1.28452,7.50,1.12
2016.06.15 09:22:41.510,1.28445,1.28456,7.50,1.75
2016.06.15 09:22:41.611,1.28445,1.28456,6.75,1.12
2016.06.15 09:22:41.661,1.28448,1.28456,6.37,1.12
2016.06.15 09:22:41.971,1.28445,1.28454,4.50,1.00
2016.06.15 09:22:42.022,1.28445,1.28454,4.50,1.00
2016.06.15 09:22:42.620,1.28446,1.28455,5.25,1.00
2016.06.15 09:22:43.153,1.28447,1.28455,16.50,1.00
2016.06.15 09:22:43.204,1.28446,1.28455,16.50,1.00
2016.06.15 09:22:43.855,1.2845,1.28456,1.00,1.50
2016.06.15 09:22:44.165,1.28452,1.28461,1.00,1.12
2016.06.15 09:22:44.556,1.28454,1.28464,1.12,1.00
2016.06.15 09:22:45.359,1.28454,1.28463,1.12,1.00
2016.06.15 09:22:45.925,1.28453,1.28463,1.12,1.00
2016.06.15 09:22:47.121,1.28454,1.28463,1.12,1.00
2016.06.15 09:22:47.999,1.28453,1.28463,1.12,1.00
2016.06.15 09:22:49.170,1.28453,1.28465,1.12,1.12
2016.06.15 09:22:49.881,1.28456,1.28463,16.87,1.00
2016.06.15 09:22:50.401,1.28453,1.28464,1.12,1.00
2016.06.15 09:22:53.493,1.28456,1.28469,15.37,9.00
2016.06.15 09:22:54.085,1.28454,1.28465,1.75,1.00
2016.06.15 09:22:55.194,1.28454,1.28467,1.75,1.00
2016.06.15 09:22:55.345,1.28457,1.28469,1.12,9.00
2016.06.15 09:22:55.446,1.28458,1.28468,1.37,4.87
2016.06.15 09:22:55.920,1.28459,1.28468,1.37,4.12
2016.06.15 09:22:56.222,1.28465,1.28469,1.00,1.00
2016.06.15 09:22:56.272,1.28459,1.28469,1.50,1.00
2016.06.15 09:22:56.440,1.28464,1.28469,1.00,1.00
2016.06.15 09:22:56.592,1.28462,1.28469,1.50,1.00
2016.06.15 09:22:56.826,1.28471,1.28475,1.00,1.50
2016.06.15 09:22:56.876,1.2847,1.28474,1.00,1.00
2016.06.15 09:22:57.196,1.28466,1.28471,1.12,1.00
2016.06.15 09:22:57.347,1.2847,1.28474,1.00,1.87
2016.06.15 09:22:57.503,1.28471,1.28475,1.00,1.00
2016.06.15 09:22:57.856,1.2847,1.28475,1.50,1.00
2016.06.15 09:22:57.975,1.2847,1.28477,1.50,1.00
2016.06.15 09:22:58.590,1.2847,1.28478,1.50,1.50
2016.06.15 09:22:59.114,1.28468,1.28473,2.25,1.00
2016.06.15 09:22:59.239,1.2847,1.28474,1.50,1.00
2016.06.15 09:22:59.340,1.2847,1.28478,1.50,1.00
2016.06.15 09:23:00.666,1.28467,1.28477,1.12,1.00
2016.06.15 09:23:00.817,1.28469,1.28473,1.00,1.00
2016.06.15 09:23:00.918,1.28467,1.28472,1.00,1.00
2016.06.15 09:23:01.019,1.28465,1.28472,1.57,1.00
2016.06.15 09:23:01.618,1.28465,1.28472,1.20,1.37
2016.06.15 09:23:01.769,1.28465,1.28473,1.20,2.25
2016.06.15 09:23:02.322,1.28464,1.28473,1.00,2.25
2016.06.15 09:23:02.897,1.28463,1.28473,1.00,2.25
2016.06.15 09:23:03.156,1.2846,1.28473,1.75,3.00
2016.06.15 09:23:03.207,1.28461,1.28471,1.00,1.00
2016.06.15 09:23:03.979,1.28461,1.2847,1.00,1.00
2016.06.15 09:23:04.147,1.28459,1.28469,1.21,1.37
2016.06.15 09:23:04.772,1.28458,1.28469,2.71,1.37
2016.06.15 09:23:06.258,1.28459,1.28468,1.21,1.00
2016.06.15 09:23:06.801,1.28458,1.28468,1.96,1.12
2016.06.15 09:23:08.141,1.28459,1.28468,1.21,1.00
2016.06.15 09:23:08.535,1.28459,1.28468,1.11,1.00
2016.06.15 09:23:10.535,1.28459,1.28469,1.49,1.50
2016.06.15 09:23:11.168,1.28459,1.28469,1.49,1.12
2016.06.15 09:23:12.873,1.28459,1.28469,1.21,1.87
2016.06.15 09:23:13.301,1.28458,1.28468,1.58,2.62
2016.06.15 09:23:13.351,1.28459,1.28468,1.11,1.12
2016.06.15 09:23:13.929,1.28459,1.28467,1.11,1.00
2016.06.15 09:23:25.410,1.28459,1.28467,1.49,1.00
2016.06.15 09:23:26.008,1.28459,1.28467,1.11,1.00
2016.06.15 09:23:27.502,1.28459,1.28467,1.49,1.00
2016.06.15 09:23:28.415,1.28458,1.28467,1.58,1.00
2016.06.15 09:23:29.016,1.28458,1.28469,1.58,1.87
2016.06.15 09:23:33.815,1.28459,1.28468,1.49,1.12
2016.06.15 09:23:34.884,1.28458,1.28468,1.58,1.12
2016.06.15 09:23:35.648,1.28459,1.28468,1.11,1.37
2016.06.15 09:23:37.000,1.28459,1.28466,1.11,1.00
2016.06.15 09:23:38.549,1.28458,1.28466,1.46,1.50
2016.06.15 09:23:39.096,1.28458,1.28463,1.46,1.00
2016.06.15 09:23:39.590,1.28448,1.28457,1.00,4.87
2016.06.15 09:23:40.206,1.28448,1.28456,5.25,1.00
2016.06.15 09:23:40.728,1.28447,1.28456,4.50,1.00
2016.06.15 09:23:40.897,1.28446,1.28456,4.50,1.50
2016.06.15 09:23:41.294,1.28449,1.28457,1.00,1.00
2016.06.15 09:23:41.496,1.28448,1.2846,4.50,1.50
2016.06.15 09:23:41.748,1.28451,1.28461,1.50,1.00
2016.06.15 09:23:42.257,1.28455,1.28461,4.50,1.00
2016.06.15 09:23:42.802,1.28454,1.28462,4.50,1.50
2016.06.15 09:23:43.469,1.28455,1.28464,4.50,1.00
2016.06.15 09:23:43.996,1.28455,1.28464,4.50,1.12
2016.06.15 09:23:45.325,1.28455,1.28464,4.12,1.12
2016.06.15 09:23:45.707,1.28455,1.28465,1.37,1.00
2016.06.15 09:23:45.762,1.28456,1.28467,4.50,1.12
2016.06.15 09:23:46.288,1.2846,1.28467,4.50,1.00
2016.06.15 09:23:46.863,1.28458,1.28467,4.50,1.00
2016.06.15 09:23:48.133,1.28458,1.28467,4.50,1.00
2016.06.15 09:23:49.769,1.28459,1.28467,4.50,1.00
2016.06.15 09:23:50.333,1.28457,1.28467,4.50,1.12
2016.06.15 09:23:52.424,1.28458,1.28467,4.50,1.00
2016.06.15 09:23:57.570,1.28457,1.28467,4.50,1.00
2016.06.15 09:23:58.113,1.28457,1.28467,4.50,1.50
2016.06.15 09:23:58.685,1.28457,1.28467,4.50,1.00
2016.06.15 09:23:59.331,1.28456,1.28467,4.50,1.12
2016.06.15 09:24:01.471,1.28453,1.28466,1.12,1.00
2016.06.15 09:24:01.524,1.28453,1.28464,1.12,1.00
2016.06.15 09:24:01.828,1.28452,1.28463,1.75,1.12
2016.06.15 09:24:06.901,1.28455,1.28465,1.00,1.50
2016.06.15 09:24:07.210,1.28454,1.28467,1.75,1.75
2016.06.15 09:24:07.311,1.28454,1.28467,1.87,1.00
2016.06.15 09:24:13.010,1.28454,1.28467,1.75,1.12
2016.06.15 09:24:13.568,1.28458,1.28467,1.00,1.00
2016.06.15 09:24:18.820,1.28458,1.28468,1.50,1.00
2016.06.15 09:24:18.925,1.28458,1.28469,1.50,1.50
2016.06.15 09:24:19.439,1.28458,1.28469,1.87,1.12
2016.06.15 09:24:20.052,1.28458,1.28469,1.50,1.50
2016.06.15 09:24:20.122,1.28457,1.28467,1.87,1.00
2016.06.15 09:24:23.236,1.28458,1.28467,1.00,1.00
2016.06.15 09:24:23.763,1.28457,1.28467,1.75,1.00
2016.06.15 09:24:26.847,1.28458,1.28468,1.00,1.50
2016.06.15 09:24:26.948,1.28456,1.28468,1.37,1.50
2016.06.15 09:24:27.540,1.28455,1.28468,1.75,1.50
2016.06.15 09:24:35.814,1.28445,1.28456,1.12,1.37
2016.06.15 09:24:36.328,1.28444,1.28454,1.37,1.50
2016.06.15 09:24:37.830,1.28448,1.28456,1.37,1.37
2016.06.15 09:24:38.032,1.28452,1.28458,1.00,1.00
2016.06.15 09:24:38.133,1.28452,1.28463,1.50,1.12
2016.06.15 09:24:38.184,1.28452,1.28463,1.87,1.00
2016.06.15 09:24:38.710,1.28452,1.28461,1.87,2.25
2016.06.15 09:24:39.178,1.28452,1.28459,1.12,1.00
2016.06.15 09:24:39.511,1.28449,1.28459,1.00,1.50
2016.06.15 09:24:40.067,1.28449,1.28458,1.00,1.00
2016.06.15 09:24:40.117,1.28449,1.28456,1.00,1.00
2016.06.15 09:24:40.426,1.28444,1.28454,1.12,1.00
2016.06.15 09:24:40.527,1.28443,1.28454,1.75,1.00
2016.06.15 09:24:40.719,1.28448,1.28454,1.10,1.00
2016.06.15 09:24:41.935,1.28448,1.28457,1.20,2.25
2016.06.15 09:24:42.455,1.28448,1.28455,1.10,1.12
2016.06.15 09:24:42.978,1.28444,1.28454,1.12,1.12
2016.06.15 09:24:43.515,1.28444,1.28454,1.12,1.00
2016.06.15 09:24:43.866,1.28448,1.28458,1.00,1.00
2016.06.15 09:24:43.917,1.28449,1.28462,1.75,2.62
2016.06.15 09:24:43.968,1.28451,1.28462,1.75,1.12
2016.06.15 09:24:44.219,1.28453,1.28463,1.12,1.87
2016.06.15 09:24:44.544,1.28454,1.28463,1.00,5.62
2016.06.15 09:24:45.081,1.28454,1.28462,1.00,1.00
2016.06.15 09:24:45.582,1.28454,1.28463,1.00,4.50
2016.06.15 09:24:46.126,1.28454,1.28462,1.00,1.00
2016.06.15 09:24:46.639,1.28454,1.28463,1.00,1.00
2016.06.15 09:24:50.358,1.28452,1.28463,1.75,1.50
2016.06.15 09:24:56.229,1.28452,1.28463,1.75,1.50
2016.06.15 09:24:56.882,1.28452,1.28463,1.87,1.00
2016.06.15 09:25:00.369,1.28452,1.28463,1.75,1.00
2016.06.15 09:25:00.670,1.28452,1.28463,1.87,1.00
2016.06.15 09:25:04.400,1.28452,1.28463,1.75,1.12
2016.06.15 09:25:05.878,1.28458,1.28465,1.00,1.00
2016.06.15 09:25:06.684,1.28456,1.28465,1.12,1.00
2016.06.15 09:25:06.910,1.28455,1.28465,1.75,1.00
2016.06.15 09:25:10.475,1.28456,1.28465,1.37,1.00
2016.06.15 09:25:12.520,1.28454,1.28465,1.87,1.00
2016.06.15 09:25:14.805,1.28453,1.28465,1.87,1.00
2016.06.15 09:25:26.827,1.28456,1.28465,1.00,1.50
2016.06.15 09:25:32.217,1.28452,1.28464,3.00,1.00
2016.06.15 09:25:32.913,1.28454,1.28464,1.75,1.00
2016.06.15 09:25:33.314,1.28456,1.28464,1.00,1.00
2016.06.15 09:25:35.436,1.28454,1.28464,1.12,1.00
2016.06.15 09:25:36.055,1.28455,1.28463,1.00,1.00
2016.06.15 09:25:36.106,1.28455,1.28461,1.00,1.00
2016.06.15 09:25:36.609,1.28451,1.28461,1.87,1.00
2016.06.15 09:25:38.025,1.28451,1.28462,1.12,1.00
2016.06.15 09:25:42.265,1.28451,1.28462,1.12,1.00
2016.06.15 09:25:43.665,1.28451,1.28462,1.12,1.12
2016.06.15 09:25:44.260,1.28453,1.28461,1.00,1.00
2016.06.15 09:25:44.905,1.28451,1.28461,1.87,1.00
2016.06.15 09:25:46.084,1.2845,1.28461,1.75,1.00
2016.06.15 09:25:46.390,1.28452,1.2846,1.12,1.00
2016.06.15 09:25:46.574,1.2845,1.2846,1.12,1.00
2016.06.15 09:25:46.844,1.28448,1.28453,5.25,1.37
2016.06.15 09:25:46.895,1.28444,1.28452,1.82,1.00
2016.06.15 09:25:46.945,1.2844,1.28452,1.95,1.87
2016.06.15 09:25:47.449,1.28444,1.28451,1.20,1.00
2016.06.15 09:25:49.115,1.28444,1.28452,1.20,1.12
2016.06.15 09:25:49.674,1.28441,1.28451,4.87,1.00
2016.06.15 09:25:50.174,1.28443,1.28451,1.00,1.00
2016.06.15 09:25:56.184,1.2844,1.28451,2.25,1.00
2016.06.15 09:25:58.477,1.28442,1.28451,1.12,1.00
2016.06.15 09:25:59.507,1.28442,1.2845,1.12,1.00
2016.06.15 09:25:59.968,1.28443,1.2845,1.00,1.00
2016.06.15 09:26:00.570,1.2844,1.2845,2.25,1.00
2016.06.15 09:26:01.241,1.2844,1.28451,1.75,1.00
2016.06.15 09:26:01.567,1.2844,1.28449,1.75,1.00
2016.06.15 09:26:01.799,1.28437,1.28449,1.12,1.00
2016.06.15 09:26:02.307,1.28438,1.28449,1.12,1.00
2016.06.15 09:26:05.573,1.28442,1.2845,10.12,1.00
2016.06.15 09:26:07.608,1.2844,1.2845,1.12,1.00
2016.06.15 09:26:07.833,1.28442,1.2845,6.37,1.00
2016.06.15 09:26:13.765,1.28442,1.28452,1.00,5.25
2016.06.15 09:26:15.164,1.28442,1.28449,12.00,1.00
2016.06.15 09:26:15.680,1.28441,1.28449,12.00,1.00
2016.06.15 09:26:17.155,1.28441,1.28449,12.00,1.00
2016.06.15 09:26:19.036,1.28443,1.28449,1.00,1.00
2016.06.15 09:26:22.609,1.28443,1.2845,24.37,1.00
2016.06.15 09:26:23.043,1.28445,1.2845,1.00,1.00
2016.06.15 09:26:24.104,1.28441,1.28452,1.12,1.00
2016.06.15 09:26:24.248,1.28443,1.28448,1.00,1.00
2016.06.15 09:26:24.615,1.28441,1.28447,22.12,1.00
2016.06.15 09:26:24.817,1.28439,1.28445,6.37,1.00
2016.06.15 09:26:25.149,1.28437,1.28444,6.37,1.00
2016.06.15 09:26:25.201,1.28436,1.2844,6.37,1.00
2016.06.15 09:26:25.560,1.28429,1.28439,7.50,1.12
2016.06.15 09:26:26.053,1.28428,1.28438,6.75,1.50
2016.06.15 09:26:26.644,1.28428,1.28439,7.87,1.37
2016.06.15 09:26:26.964,1.28427,1.28437,8.62,1.50
2016.06.15 09:26:28.554,1.28428,1.28438,11.10,1.50
2016.06.15 09:26:29.013,1.28429,1.28436,10.87,1.00
2016.06.15 09:26:29.165,1.28427,1.28436,10.87,1.00
2016.06.15 09:26:29.373,1.28432,1.28436,1.12,1.00
2016.06.15 09:26:29.659,1.28433,1.28437,1.00,1.00
2016.06.15 09:26:30.058,1.28429,1.28436,11.25,1.00
2016.06.15 09:26:31.075,1.28426,1.28436,11.25,1.00
2016.06.15 09:26:31.668,1.28428,1.28436,7.87,1.00
2016.06.15 09:26:38.576,1.28428,1.28437,12.75,1.00
2016.06.15 09:26:39.132,1.28428,1.28436,12.75,1.00
2016.06.15 09:26:40.411,1.28428,1.28435,11.62,1.00
2016.06.15 09:26:41.090,1.28427,1.28435,1.12,1.00
2016.06.15 09:26:41.677,1.28429,1.28435,15.60,1.00
2016.06.15 09:26:43.264,1.28426,1.28435,1.75,1.00
2016.06.15 09:26:44.968,1.28429,1.28435,1.00,1.00
2016.06.15 09:26:45.554,1.2843,1.28435,1.00,1.00
2016.06.15 09:26:46.507,1.28426,1.28435,1.12,1.00
2016.06.15 09:26:46.608,1.28427,1.28435,1.12,1.00
2016.06.15 09:26:47.123,1.28426,1.28435,1.75,1.00
2016.06.15 09:26:47.844,1.28426,1.28436,1.12,1.00
2016.06.15 09:26:48.224,1.28428,1.28436,1.12,1.00
2016.06.15 09:26:48.835,1.28427,1.28436,1.12,1.00
2016.06.15 09:26:49.265,1.28427,1.28438,2.25,1.00
2016.06.15 09:26:49.316,1.28433,1.28439,1.00,1.50
2016.06.15 09:26:49.719,1.28434,1.28442,1.12,1.50
2016.06.15 09:26:50.118,1.28439,1.28444,1.00,2.25
2016.06.15 09:26:50.424,1.28439,1.28446,1.00,1.00
2016.06.15 09:26:51.725,1.28439,1.28445,1.00,1.00
2016.06.15 09:26:51.840,1.28438,1.28442,1.00,1.00
2016.06.15 09:26:52.376,1.28434,1.28443,1.12,1.00
2016.06.15 09:26:52.967,1.28434,1.28447,2.62,1.50
2016.06.15 09:26:53.017,1.28436,1.28447,1.12,1.00
2016.06.15 09:26:53.388,1.28436,1.28445,1.12,1.00
2016.06.15 09:26:53.616,1.28438,1.28444,1.00,1.00
2016.06.15 09:26:53.841,1.28438,1.28446,1.00,1.00
2016.06.15 09:26:54.134,1.28436,1.28446,1.12,1.00
2016.06.15 09:26:55.977,1.28436,1.28447,1.12,1.00
2016.06.15 09:26:56.858,1.28437,1.28447,1.12,1.00
2016.06.15 09:26:57.084,1.28435,1.28446,1.12,1.00
2016.06.15 09:26:57.185,1.28436,1.28447,1.12,5.25
2016.06.15 09:26:57.695,1.28437,1.28447,1.00,1.12
2016.06.15 09:26:57.746,1.28436,1.28447,1.75,1.12
2016.06.15 09:26:58.529,1.28436,1.28446,1.75,1.00
2016.06.15 09:27:02.770,1.28436,1.28447,1.75,1.12
2016.06.15 09:27:12.074,1.28439,1.28449,5.62,10.12
2016.06.15 09:27:14.311,1.28437,1.28448,1.12,1.00
2016.06.15 09:27:15.720,1.28437,1.28446,1.12,1.00
2016.06.15 09:27:18.777,1.28439,1.28451,22.50,7.87
2016.06.15 09:27:19.540,1.28437,1.28451,1.12,11.25
2016.06.15 09:27:21.429,1.28438,1.28444,20.25,1.00
2016.06.15 09:27:21.645,1.28437,1.28446,21.00,1.00
2016.06.15 09:27:22.414,1.28439,1.28447,14.25,1.00
2016.06.15 09:27:26.130,1.28435,1.28441,3.37,1.12
2016.06.15 09:27:26.831,1.28434,1.2844,9.75,1.00
2016.06.15 09:27:26.938,1.28436,1.28441,1.50,1.00
2016.06.15 09:27:27.532,1.28437,1.28441,4.50,1.00
2016.06.15 09:27:27.833,1.28439,1.28447,6.75,1.00
2016.06.15 09:27:29.034,1.28439,1.28448,14.25,1.00
2016.06.15 09:27:29.435,1.28439,1.2845,10.12,1.00
2016.06.15 09:27:30.336,1.28439,1.28451,10.50,1.00
2016.06.15 09:27:31.037,1.28439,1.2845,12.82,1.00
2016.06.15 09:27:43.334,1.28439,1.2845,11.62,1.12
2016.06.15 09:27:44.883,1.28439,1.28449,10.12,1.00
2016.06.15 09:27:45.435,1.28439,1.2845,9.00,1.87
2016.06.15 09:27:48.999,1.28439,1.28449,13.50,1.12
2016.06.15 09:27:49.609,1.28439,1.28449,12.75,1.50
2016.06.15 09:27:50.232,1.28439,1.28448,11.25,1.00
2016.06.15 09:27:56.713,1.2844,1.28448,11.62,1.00
2016.06.15 09:27:58.600,1.2844,1.28449,13.12,1.00
2016.06.15 09:27:59.619,1.2844,1.28447,15.75,1.00
2016.06.15 09:28:01.979,1.2844,1.28449,14.25,1.00
2016.06.15 09:28:03.281,1.28438,1.28449,14.25,1.87
2016.06.15 09:28:04.807,1.28438,1.28448,14.25,1.00
2016.06.15 09:28:05.999,1.28438,1.28444,7.87,1.00
2016.06.15 09:28:06.302,1.28435,1.28444,1.00,1.00
2016.06.15 09:28:06.353,1.28435,1.28441,1.00,1.00
2016.06.15 09:28:07.140,1.28435,1.28444,1.00,1.50
2016.06.15 09:28:07.292,1.28435,1.28444,12.00,1.00
2016.06.15 09:28:08.107,1.28437,1.28445,11.25,1.50
2016.06.15 09:28:13.924,1.28437,1.28444,16.50,1.00
2016.06.15 09:28:14.258,1.28437,1.28442,16.50,1.00
2016.06.15 09:28:14.409,1.28435,1.2844,16.50,1.00
2016.06.15 09:28:14.611,1.28433,1.2844,9.37,1.00
2016.06.15 09:28:14.671,1.28433,1.28442,9.37,1.00
2016.06.15 09:28:14.822,1.28433,1.28441,9.37,1.00
2016.06.15 09:28:15.012,1.28432,1.28441,1.12,1.00
2016.06.15 09:28:15.310,1.28432,1.28441,1.00,1.50
2016.06.15 09:28:15.830,1.2843,1.28437,1.12,1.12
2016.06.15 09:28:16.392,1.28429,1.28437,1.00,1.50
2016.06.15 09:28:16.613,1.28428,1.28434,1.00,1.00
2016.06.15 09:28:20.432,1.28428,1.28434,1.37,1.00
2016.06.15 09:28:20.963,1.28428,1.28434,1.00,1.00
2016.06.15 09:28:21.719,1.28428,1.28437,1.00,3.00
2016.06.15 09:28:22.725,1.28428,1.28435,14.62,1.00
2016.06.15 09:28:22.802,1.28427,1.28435,16.87,1.00
2016.06.15 09:28:24.027,1.28427,1.28434,12.00,1.00
2016.06.15 09:28:28.217,1.28426,1.28434,1.12,1.12
2016.06.15 09:28:28.910,1.28426,1.28433,1.12,1.00
2016.06.15 09:28:31.930,1.28426,1.28432,1.00,1.00
2016.06.15 09:28:33.373,1.28426,1.28431,1.00,1.00
2016.06.15 09:28:36.655,1.28426,1.28432,1.00,1.00
2016.06.15 09:28:38.200,1.28426,1.28433,1.00,1.12
2016.06.15 09:28:42.510,1.28426,1.28434,1.00,1.00
2016.06.15 09:28:43.076,1.28426,1.28433,1.37,1.00
2016.06.15 09:28:43.126,1.28426,1.28435,13.87,1.00
2016.06.15 09:28:43.177,1.28426,1.28435,13.50,1.12
2016.06.15 09:28:43.861,1.28426,1.28434,1.12,1.00
2016.06.15 09:28:50.424,1.28426,1.28436,1.00,1.50
2016.06.15 09:28:50.976,1.28426,1.28434,1.00,1.00
2016.06.15 09:28:51.828,1.28426,1.28431,1.00,1.00
2016.06.15 09:28:52.148,1.28426,1.28431,1.37,1.00
2016.06.15 09:28:52.464,1.28421,1.28425,4.12,1.00
2016.06.15 09:28:52.800,1.28423,1.28427,1.50,1.00
2016.06.15 09:28:53.345,1.28424,1.28428,1.50,1.00
2016.06.15 09:28:54.011,1.28425,1.28429,1.50,1.00
2016.06.15 09:28:54.587,1.28422,1.28426,1.50,1.00
2016.06.15 09:28:55.031,1.28424,1.28428,1.50,1.00
2016.06.15 09:28:57.918,1.2842,1.28425,4.50,1.00
2016.06.15 09:28:58.026,1.2842,1.28426,4.50,1.00
2016.06.15 09:28:58.190,1.2842,1.28428,4.50,1.50
2016.06.15 09:28:58.343,1.28419,1.28426,4.50,1.00
2016.06.15 09:28:59.119,1.28419,1.28426,4.50,1.00
2016.06.15 09:29:00.120,1.28419,1.28427,7.87,1.00
2016.06.15 09:29:05.876,1.28414,1.2842,7.87,1.00
2016.06.15 09:29:06.077,1.28412,1.2842,2.25,1.00
2016.06.15 09:29:06.178,1.28412,1.28418,1.87,1.00
2016.06.15 09:29:08.072,1.28412,1.28417,1.87,1.00
2016.06.15 09:29:08.975,1.28408,1.28416,4.50,1.00
2016.06.15 09:29:10.025,1.28408,1.28416,4.50,1.00
2016.06.15 09:29:10.384,1.28407,1.28416,4.50,1.00
2016.06.15 09:29:12.975,1.28407,1.28418,4.50,1.00
2016.06.15 09:29:13.076,1.28405,1.28409,4.50,1.00
2016.06.15 09:29:13.177,1.28404,1.28408,5.62,1.12
2016.06.15 09:29:13.278,1.28399,1.28403,1.50,1.12
2016.06.15 09:29:13.328,1.28394,1.28403,6.00,1.12
2016.06.15 09:29:13.429,1.28393,1.28403,6.00,1.00
2016.06.15 09:29:13.480,1.28393,1.28404,6.00,1.87
2016.06.15 09:29:13.631,1.28393,1.28404,6.00,1.12
2016.06.15 09:29:13.732,1.28393,1.28404,6.00,1.37
2016.06.15 09:29:14.132,1.28392,1.28403,6.37,1.37
2016.06.15 09:29:15.762,1.28392,1.28401,6.00,1.00
2016.06.15 09:29:15.863,1.28392,1.28401,6.00,1.00
2016.06.15 09:29:16.389,1.28392,1.28401,6.00,1.00
2016.06.15 09:29:16.902,1.28392,1.28402,6.75,1.50
2016.06.15 09:29:17.441,1.28396,1.28404,1.00,1.12
2016.06.15 09:29:17.743,1.28396,1.28403,1.00,1.00
2016.06.15 09:29:17.844,1.284,1.28405,1.87,1.50
2016.06.15 09:29:18.445,1.28398,1.28405,1.87,1.87
2016.06.15 09:29:18.982,1.28399,1.28405,1.87,1.75
2016.06.15 09:29:19.565,1.28402,1.28406,1.00,1.87
2016.06.15 09:29:19.868,1.28401,1.28408,2.25,1.00
2016.06.15 09:29:19.919,1.28403,1.28417,5.25,1.87
2016.06.15 09:29:19.982,1.28403,1.28417,5.25,1.87
2016.06.15 09:29:20.234,1.28409,1.28418,1.00,1.00
2016.06.15 09:29:20.665,1.28411,1.2842,1.00,1.50
2016.06.15 09:29:21.275,1.2841,1.28421,1.12,2.62
2016.06.15 09:29:22.584,1.2841,1.28421,1.00,2.25
2016.06.15 09:29:24.158,1.2841,1.2842,1.00,1.12
2016.06.15 09:29:26.246,1.28408,1.28419,8.25,1.75
2016.06.15 09:29:26.625,1.28408,1.28417,1.00,1.12
2016.06.15 09:29:27.167,1.28409,1.28419,3.75,1.87
2016.06.15 09:29:27.512,1.28408,1.28418,1.12,1.50
2016.06.15 09:29:27.811,1.28409,1.28418,3.00,1.37
2016.06.15 09:29:28.463,1.2841,1.28419,1.37,1.50
2016.06.15 09:29:28.836,1.28408,1.28416,1.00,1.12
2016.06.15 09:29:28.887,1.28404,1.28414,1.50,1.87
2016.06.15 09:29:28.987,1.28403,1.28407,1.12,1.00
2016.06.15 09:29:29.558,1.28402,1.28407,1.50,1.00
2016.06.15 09:29:30.495,1.28402,1.28406,1.00,1.00
2016.06.15 09:29:31.019,1.28403,1.28407,1.00,1.12
2016.06.15 09:29:31.522,1.28402,1.2841,1.12,1.00
2016.06.15 09:29:31.685,1.284,1.28406,1.75,1.00
2016.06.15 09:29:31.785,1.284,1.28406,1.12,1.00
2016.06.15 09:29:32.142,1.284,1.28404,1.00,1.00
2016.06.15 09:29:32.370,1.284,1.28407,1.00,1.00
2016.06.15 09:29:32.615,1.28402,1.28407,1.00,1.00
2016.06.15 09:29:33.118,1.28403,1.28407,1.00,1.00
2016.06.15 09:29:33.652,1.28402,1.28407,1.12,1.00
2016.06.15 09:29:36.261,1.28399,1.28407,1.50,1.00
2016.06.15 09:29:36.933,1.28399,1.28407,1.00,1.37
2016.06.15 09:29:37.631,1.28399,1.28407,1.12,1.00
2016.06.15 09:29:37.794,1.28403,1.28408,1.00,1.00
2016.06.15 09:29:38.103,1.28409,1.28413,1.00,1.00
2016.06.15 09:29:38.154,1.28411,1.28416,1.00,1.37
2016.06.15 09:29:38.205,1.28411,1.28416,1.00,1.00
2016.06.15 09:29:38.356,1.28408,1.28418,1.50,1.37
2016.06.15 09:29:38.567,1.28408,1.28415,1.00,1.00
2016.06.15 09:29:39.137,1.28407,1.28415,1.75,1.00
2016.06.15 09:29:42.487,1.2841,1.28415,1.00,1.00
2016.06.15 09:29:43.065,1.28411,1.28416,1.00,1.00
2016.06.15 09:29:43.295,1.28411,1.28418,1.00,1.12
2016.06.15 09:29:44.892,1.28411,1.28417,1.00,1.00
2016.06.15 09:29:45.446,1.28409,1.28418,1.37,1.12
2016.06.15 09:29:53.059,1.28411,1.28418,1.00,1.12
2016.06.15 09:29:54.293,1.28412,1.28418,1.00,1.12
2016.06.15 09:29:54.584,1.2841,1.28418,1.12,1.12
2016.06.15 09:29:55.518,1.28411,1.28418,1.00,1.00
2016.06.15 09:29:56.302,1.28413,1.28418,1.00,1.00
2016.06.15 09:29:56.683,1.28411,1.28418,1.50,1.00
2016.06.15 09:29:57.238,1.28411,1.2842,1.00,1.00
2016.06.15 09:29:57.421,1.28413,1.2842,1.00,1.00
2016.06.15 09:29:57.481,1.28411,1.2842,1.50,1.00
2016.06.15 09:29:58.735,1.28412,1.2842,1.00,1.00
2016.06.15 09:29:58.993,1.28416,1.2842,1.00,1.00
2016.06.15 09:29:59.474,1.28417,1.28422,1.00,1.37
2016.06.15 09:29:59.527,1.28422,1.28426,9.37,1.00
2016.06.15 09:29:59.629,1.28425,1.28431,8.62,1.00
2016.06.15 09:29:59.896,1.28427,1.28433,1.12,1.00
2016.06.15 09:29:59.964,1.28427,1.28437,1.12,2.25
2016.06.15 09:30:01.155,1.28427,1.28437,8.62,2.25
2016.06.15 09:30:01.256,1.28429,1.28439,1.12,1.50
2016.06.15 09:30:01.785,1.28427,1.28438,1.12,3.00
2016.06.15 09:30:06.232,1.28413,1.28438,4.50,2.25
2016.06.15 09:30:06.810,1.28413,1.28434,4.50,1.00
2016.06.15 09:30:07.326,1.28413,1.28435,4.50,1.00
2016.06.15 09:30:07.795,1.28426,1.28438,4.50,2.25
2016.06.15 09:30:08.266,1.28426,1.28433,1.00,1.00
2016.06.15 09:30:10.317,1.28426,1.28437,1.00,1.12
2016.06.15 09:30:10.854,1.28427,1.28437,1.00,1.12
2016.06.15 09:30:10.929,1.28427,1.28437,1.00,1.50
2016.06.15 09:30:11.376,1.28425,1.28435,16.50,1.00
2016.06.15 09:30:12.666,1.28426,1.28435,1.00,1.00
2016.06.15 09:30:13.416,1.28425,1.28435,15.00,1.50
2016.06.15 09:30:14.019,1.28426,1.28436,1.12,1.87
2016.06.15 09:30:15.397,1.28426,1.28436,17.62,1.50
2016.06.15 09:30:15.956,1.28426,1.28436,1.12,1.12
2016.06.15 09:30:16.437,1.28426,1.28434,16.87,1.00
2016.06.15 09:30:16.753,1.28421,1.28431,18.00,1.00
2016.06.15 09:30:17.082,1.28421,1.28431,17.62,1.00
2016.06.15 09:30:23.306,1.28422,1.28431,13.50,1.12
2016.06.15 09:30:23.827,1.28424,1.28432,14.62,1.12
2016.06.15 09:30:26.389,1.28423,1.28429,9.75,1.00
2016.06.15 09:30:26.541,1.28423,1.28431,9.75,1.12
2016.06.15 09:30:26.692,1.28422,1.28431,10.87,1.00
2016.06.15 09:30:27.660,1.2842,1.28431,16.12,1.75
2016.06.15 09:30:28.046,1.28422,1.28431,15.00,1.12
2016.06.15 09:30:30.495,1.28419,1.28431,9.37,1.50
2016.06.15 09:30:31.424,1.28421,1.28431,6.75,1.00
2016.06.15 09:30:35.314,1.28419,1.28431,8.25,1.50
2016.06.15 09:30:37.127,1.28418,1.28429,1.00,1.50
2016.06.15 09:30:37.328,1.28417,1.28428,1.12,1.12
2016.06.15 09:30:37.542,1.28417,1.28427,6.37,1.50
2016.06.15 09:30:37.693,1.28417,1.28427,1.12,1.50
2016.06.15 09:30:37.945,1.28415,1.28424,1.00,1.00
2016.06.15 09:30:38.538,1.28414,1.28424,1.50,1.00
2016.06.15 09:30:38.906,1.28414,1.28426,1.75,1.50
2016.06.15 09:30:39.218,1.28415,1.28425,1.00,1.00
