2009.12.18 05:00:08.949,1.0658,1.06605,1.60,1.60
2009.12.18 05:00:09.129,1.0658,1.06605,1.60,3.20
2009.12.18 05:00:38.322,1.0658,1.06605,1.60,4.00
2009.12.18 05:00:39.352,1.0658,1.06605,1.60,2.40
2009.12.18 05:00:39.522,1.0658,1.06605,1.60,3.20
2009.12.18 05:00:39.632,1.0658,1.06605,1.60,4.80
2009.12.18 05:00:39.811,1.0658,1.06605,1.60,3.20
2009.12.18 05:00:40.161,1.0658,1.06605,1.60,4.80
2009.12.18 05:00:40.852,1.0658,1.06605,3.50,4.80
2009.12.18 05:00:46.060,1.0658,1.06605,1.80,3.20
2009.12.18 05:00:46.340,1.06585,1.06605,1.60,2.40
2009.12.18 05:00:46.522,1.06585,1.06605,1.60,1.60
2009.12.18 05:00:46.800,1.06585,1.0661,1.60,5.60
2009.12.18 05:00:47.130,1.06585,1.06605,3.50,1.60
2009.12.18 05:01:55.173,1.06585,1.06605,3.70,1.60
2009.12.18 05:01:55.343,1.06585,1.06605,3.80,1.60
2009.12.18 05:02:06.831,1.06585,1.0661,3.80,4.00
2009.12.18 05:02:47.491,1.06585,1.0661,1.80,4.00
2009.12.18 05:02:47.781,1.06585,1.06605,1.80,1.60
2009.12.18 05:02:55.839,1.06585,1.06605,1.80,1.60
2009.12.18 05:03:24.302,1.06585,1.06615,1.80,5.60
2009.12.18 05:03:26.861,1.06595,1.06615,1.60,4.00
2009.12.18 05:03:27.041,1.06595,1.06615,1.60,1.00
2009.12.18 05:03:27.341,1.066,1.0662,1.60,2.30
2009.12.18 05:03:28.791,1.066,1.0662,1.60,1.00
2009.12.18 05:03:28.961,1.066,1.06625,1.60,2.70
2009.12.18 05:03:33.730,1.066,1.06625,1.60,2.40
2009.12.18 05:03:34.010,1.066,1.0663,1.60,5.60
2009.12.18 05:04:21.328,1.066,1.06625,1.60,1.60
2009.12.18 05:04:21.448,1.066,1.06625,1.60,3.20
2009.12.18 05:04:21.568,1.066,1.0662,1.60,1.60
2009.12.18 05:04:21.678,1.066,1.0662,1.60,3.20
2009.12.18 05:04:21.798,1.066,1.0662,1.60,1.60
2009.12.18 05:05:44.618,1.066,1.06625,1.60,1.60
2009.12.18 05:05:51.456,1.06605,1.06625,1.60,1.60
2009.12.18 05:05:51.576,1.06605,1.0663,1.60,4.80
2009.12.18 05:05:51.696,1.06605,1.0663,1.60,1.60
2009.12.18 05:05:51.876,1.06605,1.06635,1.60,3.20
2009.12.18 05:05:51.996,1.0661,1.06635,1.60,1.60
2009.12.18 05:05:52.346,1.0661,1.0664,1.60,4.80
2009.12.18 05:05:52.686,1.0661,1.0664,1.60,4.80
2009.12.18 05:05:53.036,1.0661,1.06635,1.60,1.60
2009.12.18 05:05:53.366,1.06605,1.0663,1.60,3.20
2009.12.18 05:05:53.706,1.06605,1.0663,1.60,4.80
2009.12.18 05:06:05.563,1.06605,1.0663,3.20,3.20
2009.12.18 05:06:21.939,1.06605,1.0663,3.20,4.80
2009.12.18 05:07:02.989,1.06605,1.0663,3.20,4.80
2009.12.18 05:07:03.259,1.06605,1.0663,1.60,6.40
2009.12.18 05:07:03.489,1.06605,1.06625,1.60,1.60
2009.12.18 05:07:03.999,1.06605,1.0663,1.60,6.40
2009.12.18 05:07:31.162,1.06605,1.0663,1.60,6.40
2009.12.18 05:07:31.502,1.06605,1.06625,1.60,1.60
2009.12.18 05:07:42.180,1.06605,1.0663,1.60,6.40
2009.12.18 05:07:45.409,1.06605,1.0663,3.20,4.80
2009.12.18 05:07:45.649,1.06605,1.06625,3.20,1.00
2009.12.18 05:07:46.149,1.06605,1.06625,3.20,2.50
2009.12.18 05:07:54.926,1.06605,1.06625,3.20,1.00
2009.12.18 05:07:55.546,1.06605,1.06625,3.20,1.00
2009.12.18 05:08:23.900,1.06605,1.0663,3.20,4.80
2009.12.18 05:08:26.539,1.06605,1.0663,3.90,4.80
2009.12.18 05:08:27.569,1.06605,1.0663,2.30,6.40
2009.12.18 05:08:27.679,1.06605,1.06625,1.00,1.60
2009.12.18 05:08:28.838,1.06595,1.06625,2.00,5.60
2009.12.18 05:08:29.059,1.06595,1.06625,1.60,5.60
2009.12.18 05:08:29.238,1.06595,1.06625,1.60,4.00
2009.12.18 05:08:29.578,1.06595,1.06625,1.60,3.20
2009.12.18 05:08:30.258,1.06595,1.06625,1.60,3.20
2009.12.18 05:08:33.687,1.06595,1.06625,1.60,4.00
2009.12.18 05:08:33.857,1.06595,1.06625,1.60,4.20
2009.12.18 05:08:34.097,1.06595,1.06625,1.60,4.00
2009.12.18 05:08:35.847,1.06595,1.06625,1.60,5.60
2009.12.18 05:08:44.805,1.06595,1.06625,1.60,4.80
2009.12.18 05:08:48.903,1.06595,1.06625,1.60,4.80
2009.12.18 05:08:49.293,1.06595,1.06625,1.60,3.20
2009.12.18 05:08:55.772,1.06595,1.06625,1.60,3.20
2009.12.18 05:08:56.052,1.06595,1.06625,1.80,3.20
2009.12.18 05:08:56.352,1.06595,1.06625,1.80,4.00
2009.12.18 05:08:56.862,1.06595,1.06625,1.80,5.60
2009.12.18 05:09:28.714,1.06595,1.06625,1.60,5.60
2009.12.18 05:09:29.004,1.06595,1.06625,1.60,5.60
2009.12.18 05:10:22.731,1.06595,1.06625,1.60,5.60
2009.12.18 05:10:23.281,1.06595,1.06625,1.80,5.60
2009.12.18 05:10:23.621,1.06595,1.06625,1.80,5.60
2009.12.18 05:10:24.310,1.06595,1.06625,1.60,5.60
2009.12.18 05:10:28.080,1.06595,1.0662,1.60,1.60
2009.12.18 05:10:28.760,1.06595,1.06625,1.60,6.40
2009.12.18 05:10:30.359,1.06595,1.06625,1.60,5.60
2009.12.18 05:10:30.869,1.06595,1.06625,1.60,6.40
2009.12.18 05:10:34.858,1.06595,1.06625,1.60,4.80
2009.12.18 05:10:46.465,1.06595,1.0662,1.60,1.60
2009.12.18 05:10:52.774,1.06595,1.0662,1.60,1.60
2009.12.18 05:10:53.004,1.06595,1.0662,1.80,1.60
2009.12.18 05:11:42.592,1.06605,1.06625,1.00,4.00
2009.12.18 05:11:42.752,1.0661,1.06625,1.00,4.00
2009.12.18 05:11:42.922,1.0661,1.06625,1.00,3.20
2009.12.18 05:11:43.102,1.066,1.06625,1.60,3.20
2009.12.18 05:11:46.481,1.066,1.06625,1.60,4.00
2009.12.18 05:11:46.841,1.066,1.06625,1.60,2.40
2009.12.18 05:11:47.801,1.066,1.06625,1.60,1.00
2009.12.18 05:11:48.081,1.06605,1.0663,1.60,1.00
2009.12.18 05:11:48.380,1.06605,1.06635,3.20,3.20
2009.12.18 05:11:54.259,1.06605,1.0663,3.20,1.60
2009.12.18 05:11:54.659,1.06605,1.0663,1.60,1.60
2009.12.18 05:12:01.727,1.06605,1.06635,1.60,2.40
2009.12.18 05:12:05.736,1.0661,1.06635,3.90,1.60
2009.12.18 05:12:05.856,1.0661,1.0664,5.50,6.40
2009.12.18 05:12:05.976,1.06615,1.0664,1.60,6.40
2009.12.18 05:12:06.216,1.06615,1.0664,1.60,4.80
2009.12.18 05:12:06.336,1.06615,1.0664,3.20,4.00
2009.12.18 05:12:09.005,1.0662,1.0664,1.60,2.40
2009.12.18 05:12:09.225,1.0662,1.0664,1.60,1.00
2009.12.18 05:12:09.445,1.0662,1.06645,1.60,5.20
2009.12.18 05:12:10.365,1.0662,1.06645,1.60,4.70
2009.12.18 05:12:16.423,1.0662,1.06645,1.60,4.90
2009.12.18 05:12:16.533,1.0662,1.06645,1.60,4.70
2009.12.18 05:12:26.811,1.0662,1.06645,1.60,4.20
2009.12.18 05:12:40.898,1.0662,1.06645,1.60,4.40
2009.12.18 05:12:42.228,1.0662,1.06645,1.60,6.00
2009.12.18 05:12:42.679,1.0662,1.06645,1.60,4.40
2009.12.18 05:12:45.767,1.0662,1.06645,1.60,4.20
2009.12.18 05:12:46.046,1.0662,1.06645,1.60,5.80
2009.12.18 05:12:47.576,1.0662,1.06645,1.60,5.40
2009.12.18 05:12:47.906,1.0662,1.06645,1.60,3.20
2009.12.18 05:12:48.366,1.0662,1.06645,1.60,1.60
2009.12.18 05:13:08.242,1.06585,1.06599,2.00,1.60
2009.12.18 05:13:09.611,1.06585,1.06605,1.00,1.60
2009.12.18 05:13:12.741,1.06589,1.06604,2.80,1.60
2009.12.18 05:13:15.150,1.06589,1.06609,4.10,5.20
2009.12.18 05:13:15.430,1.06593,1.06613,8.60,1.60
2009.12.18 05:13:16.070,1.06595,1.06615,8.90,1.60
2009.12.18 05:13:16.310,1.06599,1.06614,6.40,1.60
2009.12.18 05:13:16.480,1.06601,1.06616,9.10,1.60
2009.12.18 05:13:16.700,1.06604,1.06614,2.80,1.60
2009.12.18 05:13:23.578,1.06599,1.06619,8.90,1.60
2009.12.18 05:13:23.928,1.066,1.0662,1.20,1.60
2009.12.18 05:13:24.048,1.06599,1.06624,10.90,1.60
2009.12.18 05:13:28.517,1.06604,1.06624,9.10,1.60
2009.12.18 05:13:32.456,1.06604,1.06624,4.90,1.60
2009.12.18 05:13:32.806,1.06596,1.06621,9.10,1.60
2009.12.18 05:13:37.655,1.06594,1.06614,2.80,1.60
2009.12.18 05:13:38.345,1.06592,1.06612,2.00,1.60
2009.12.18 05:13:39.524,1.06593,1.06613,2.80,1.60
2009.12.18 05:13:41.054,1.06593,1.06618,3.30,3.20
2009.12.18 05:13:45.043,1.06597,1.06617,1.00,1.60
2009.12.18 05:13:47.513,1.06596,1.06616,9.10,1.60
2009.12.18 05:13:50.492,1.06596,1.06616,9.70,1.60
2009.12.18 05:13:50.552,1.06598,1.06618,2.00,1.60
2009.12.18 05:13:50.612,1.06597,1.06617,10.90,1.60
2009.12.18 05:13:50.662,1.06592,1.06617,6.80,1.60
2009.12.18 05:13:52.501,1.0659,1.06615,5.60,1.60
2009.12.18 05:13:53.061,1.06589,1.06614,6.80,1.60
2009.12.18 05:13:54.111,1.06589,1.06614,1.20,1.60
2009.12.18 05:13:58.170,1.06588,1.06613,5.60,1.60
2009.12.18 05:13:58.520,1.06587,1.06612,1.20,1.60
2009.12.18 05:13:58.880,1.06592,1.06607,10.70,1.60
2009.12.18 05:13:59.000,1.06591,1.06606,5.60,1.60
2009.12.18 05:13:59.180,1.0659,1.0661,1.00,1.60
2009.12.18 05:14:02.938,1.06577,1.06603,5.40,4.00
2009.12.18 05:14:04.817,1.06577,1.06602,1.20,1.60
2009.12.18 05:14:19.343,1.06575,1.066,12.90,1.60
2009.12.18 05:14:19.684,1.06575,1.066,9.10,1.60
2009.12.18 05:14:20.033,1.06582,1.06602,8.90,1.60
2009.12.18 05:14:20.553,1.06588,1.06613,1.00,3.20
2009.12.18 05:14:33.360,1.06598,1.06618,3.20,1.60
2009.12.18 05:14:33.590,1.06602,1.06622,12.10,1.60
2009.12.18 05:14:34.000,1.06599,1.06619,6.80,1.60
2009.12.18 05:14:34.170,1.06595,1.06615,2.00,1.60
2009.12.18 05:14:36.479,1.0659,1.0661,2.00,1.60
2009.12.18 05:14:43.618,1.06589,1.06604,3.30,3.20
2009.12.18 05:14:43.948,1.06586,1.06601,5.40,4.00
2009.12.18 05:15:37.815,1.0662,1.06645,1.60,3.20
2009.12.18 05:15:42.254,1.0662,1.06645,1.60,1.60
2009.12.18 05:15:52.171,1.0662,1.0665,3.20,3.20
2009.12.18 05:15:53.741,1.0662,1.0665,3.20,1.60
2009.12.18 05:15:55.741,1.0663,1.06655,1.60,6.60
2009.12.18 05:15:56.031,1.0663,1.06655,1.60,4.00
2009.12.18 05:15:59.430,1.0663,1.06655,1.60,3.20
2009.12.18 05:15:59.660,1.06635,1.0666,3.20,2.40
2009.12.18 05:15:59.830,1.06635,1.06665,3.20,2.80
2009.12.18 05:15:59.940,1.06635,1.06665,3.20,2.70
2009.12.18 05:16:00.120,1.06635,1.06665,3.20,1.10
2009.12.18 05:16:00.290,1.06635,1.06665,3.20,2.70
2009.12.18 05:16:02.449,1.06635,1.06665,3.20,2.00
2009.12.18 05:16:02.669,1.06635,1.0667,3.20,3.20
2009.12.18 05:16:04.979,1.06645,1.0667,1.00,1.60
2009.12.18 05:16:05.208,1.06645,1.0667,1.00,1.60
2009.12.18 05:16:07.308,1.06645,1.0667,1.00,1.60
2009.12.18 05:16:08.298,1.06645,1.0667,1.00,1.60
2009.12.18 05:16:09.098,1.0664,1.0667,1.60,1.60
2009.12.18 05:16:11.378,1.06645,1.0667,1.00,1.60
2009.12.18 05:16:11.497,1.06645,1.0667,1.00,1.60
2009.12.18 05:16:26.313,1.06645,1.06675,1.00,6.30
2009.12.18 05:16:27.833,1.0664,1.06675,1.60,6.30
2009.12.18 05:16:28.303,1.06645,1.06675,1.00,6.30
2009.12.18 05:16:28.713,1.06645,1.06675,1.00,6.30
2009.12.18 05:16:32.712,1.06645,1.06675,1.00,6.30
2009.12.18 05:16:33.322,1.0664,1.0667,1.60,4.00
2009.12.18 05:16:49.828,1.06645,1.0667,1.60,3.20
2009.12.18 05:17:01.475,1.0665,1.0667,1.60,1.60
2009.12.18 05:17:01.825,1.0665,1.06675,1.60,3.20
2009.12.18 05:17:02.005,1.0665,1.06675,1.60,4.80
2009.12.18 05:17:04.924,1.06655,1.06675,3.20,1.60
2009.12.18 05:17:05.304,1.06655,1.0668,3.20,1.60
2009.12.18 05:17:06.794,1.06655,1.06685,3.20,3.50
2009.12.18 05:17:08.853,1.06655,1.06685,3.20,1.90
2009.12.18 05:17:11.772,1.06655,1.06685,3.20,1.60
2009.12.18 05:17:20.520,1.06665,1.06705,4.40,3.20
2009.12.18 05:17:20.691,1.06665,1.06705,4.80,1.60
2009.12.18 05:17:22.050,1.06665,1.067,4.00,1.60
2009.12.18 05:17:22.950,1.06665,1.06705,4.00,2.80
2009.12.18 05:17:28.009,1.06665,1.06705,4.80,2.80
2009.12.18 05:17:28.588,1.06665,1.06705,5.60,2.80
2009.12.18 05:17:30.098,1.06665,1.06705,5.50,2.80
2009.12.18 05:17:30.438,1.06665,1.06705,3.90,2.80
2009.12.18 05:17:33.007,1.06665,1.06705,3.90,2.40
2009.12.18 05:17:37.736,1.06665,1.06705,5.50,2.40
2009.12.18 05:17:48.234,1.06665,1.06705,5.20,2.40
2009.12.18 05:17:48.344,1.06665,1.06705,5.00,2.40
2009.12.18 05:17:57.322,1.06665,1.06705,3.40,4.00
2009.12.18 05:17:59.031,1.06665,1.067,3.20,1.60
2009.12.18 05:17:59.501,1.06665,1.067,4.00,1.60
2009.12.18 05:17:59.901,1.06665,1.06705,5.80,4.00
2009.12.18 05:18:01.161,1.06665,1.06705,6.00,4.00
2009.12.18 05:18:01.390,1.06665,1.06705,6.20,4.00
2009.12.18 05:18:11.368,1.06665,1.06705,6.00,4.00
2009.12.18 05:18:17.537,1.06665,1.06705,7.60,4.00
2009.12.18 05:18:18.586,1.0667,1.06705,1.60,2.40
2009.12.18 05:18:18.936,1.06675,1.06705,2.60,2.40
2009.12.18 05:18:19.326,1.06675,1.06705,4.20,1.80
2009.12.18 05:18:19.786,1.06675,1.06705,3.40,1.80
2009.12.18 05:18:20.066,1.06675,1.06705,3.80,1.80
2009.12.18 05:18:20.296,1.06675,1.0671,3.60,2.40
2009.12.18 05:18:20.586,1.06675,1.0671,3.60,1.60
2009.12.18 05:18:21.736,1.06675,1.0671,3.60,1.60
2009.12.18 05:18:21.915,1.06675,1.0671,3.60,1.60
2009.12.18 05:18:22.155,1.06675,1.0671,4.40,1.60
2009.12.18 05:18:27.724,1.06675,1.0671,3.80,1.60
2009.12.18 05:18:28.774,1.06675,1.0671,5.40,1.60
2009.12.18 05:18:28.994,1.06685,1.0671,1.60,1.60
2009.12.18 05:18:29.224,1.06685,1.06715,3.20,1.60
2009.12.18 05:18:29.464,1.06685,1.06715,3.40,1.60
2009.12.18 05:18:30.603,1.0669,1.06715,1.00,1.60
2009.12.18 05:18:30.944,1.0669,1.0672,1.00,1.60
2009.12.18 05:18:31.243,1.06695,1.0672,1.00,1.60
2009.12.18 05:18:31.523,1.06695,1.0672,1.60,1.60
2009.12.18 05:18:31.823,1.06695,1.06725,3.60,1.60
2009.12.18 05:18:32.163,1.06695,1.06725,2.00,1.60
2009.12.18 05:18:32.503,1.06695,1.06725,3.60,1.60
2009.12.18 05:18:33.473,1.06695,1.06725,3.40,1.60
2009.12.18 05:18:38.441,1.0671,1.0673,1.60,2.40
2009.12.18 05:18:38.552,1.06715,1.0673,1.60,1.60
2009.12.18 05:18:38.731,1.0672,1.0674,1.60,1.60
2009.12.18 05:18:38.851,1.0672,1.06745,1.60,1.60
2009.12.18 05:18:39.131,1.0672,1.0675,1.60,4.80
2009.12.18 05:18:39.731,1.0672,1.0675,1.60,4.00
2009.12.18 05:18:46.730,1.0672,1.06745,1.60,1.60
2009.12.18 05:18:50.009,1.0672,1.06745,1.60,1.80
2009.12.18 05:18:50.369,1.0672,1.06745,1.60,1.60
2009.12.18 05:18:54.048,1.0672,1.0675,1.60,4.00
2009.12.18 05:18:54.108,1.0672,1.0675,1.60,2.40
2009.12.18 05:18:54.908,1.06725,1.0675,1.00,2.40
2009.12.18 05:19:03.256,1.06725,1.0675,1.00,2.40
2009.12.18 05:19:03.875,1.06725,1.0675,1.00,2.40
2009.12.18 05:19:12.993,1.0672,1.0675,1.60,2.40
2009.12.18 05:19:15.903,1.0672,1.0675,1.60,4.80
2009.12.18 05:19:17.922,1.06725,1.0675,1.00,4.80
2009.12.18 05:19:18.262,1.06725,1.0675,1.00,4.00
2009.12.18 05:19:18.372,1.06725,1.0675,1.00,2.40
2009.12.18 05:19:19.732,1.06735,1.0675,1.00,2.40
2009.12.18 05:19:20.132,1.06735,1.0675,1.00,2.40
2009.12.18 05:19:20.252,1.06735,1.06755,1.00,3.20
2009.12.18 05:19:20.422,1.06735,1.06755,1.50,3.20
2009.12.18 05:19:21.461,1.06735,1.06755,4.70,1.60
2009.12.18 05:19:21.841,1.0674,1.0678,1.60,3.20
2009.12.18 05:19:22.231,1.0674,1.0678,1.60,2.90
2009.12.18 05:19:31.749,1.0674,1.06775,1.60,2.40
2009.12.18 05:19:55.064,1.0674,1.06775,1.60,4.00
2009.12.18 05:19:55.473,1.0674,1.06765,1.60,1.00
2009.12.18 05:19:55.803,1.06735,1.06765,3.20,1.00
2009.12.18 05:19:59.972,1.0674,1.06775,1.60,3.00
2009.12.18 05:20:00.262,1.0674,1.06775,1.60,4.60
2009.12.18 05:20:04.271,1.06735,1.06775,4.20,4.60
2009.12.18 05:20:06.610,1.06735,1.06775,5.00,4.60
2009.12.18 05:20:06.950,1.0674,1.06775,1.60,4.60
2009.12.18 05:20:09.709,1.0674,1.06775,1.60,4.00
2009.12.18 05:20:14.748,1.0674,1.06775,3.20,2.40
2009.12.18 05:20:35.653,1.0674,1.06775,1.60,4.00
2009.12.18 05:21:30.130,1.06745,1.06775,3.20,3.20
2009.12.18 05:21:32.799,1.06745,1.06775,3.20,3.70
2009.12.18 05:21:38.859,1.06755,1.06775,1.60,2.10
2009.12.18 05:21:39.028,1.06755,1.06775,3.20,2.10
2009.12.18 05:21:39.088,1.06755,1.06775,4.80,2.10
2009.12.18 05:21:39.198,1.06755,1.06775,4.80,1.00
2009.12.18 05:21:42.867,1.06755,1.0678,4.80,1.60
2009.12.18 05:21:49.236,1.06755,1.06785,4.80,7.80
2009.12.18 05:21:49.875,1.06755,1.06775,4.80,1.00
2009.12.18 05:21:51.185,1.0676,1.06775,1.60,1.00
2009.12.18 05:22:00.163,1.0676,1.06785,1.60,5.40
2009.12.18 05:22:08.551,1.0676,1.06775,1.60,1.00
2009.12.18 05:22:18.349,1.0676,1.06785,1.60,5.80
2009.12.18 05:22:24.027,1.0676,1.06785,1.60,7.40
2009.12.18 05:22:24.678,1.06755,1.06775,4.80,5.20
2009.12.18 05:22:25.087,1.0676,1.0678,1.60,1.60
2009.12.18 05:22:25.367,1.0675,1.0678,1.60,1.60
2009.12.18 05:22:26.017,1.06755,1.06775,1.00,1.00
2009.12.18 05:22:30.466,1.0675,1.06775,1.60,1.00
2009.12.18 05:22:33.405,1.0675,1.06785,1.60,4.00
2009.12.18 05:22:33.855,1.06755,1.06785,3.20,2.40
2009.12.18 05:22:34.015,1.06755,1.06785,3.20,3.40
2009.12.18 05:22:36.305,1.06755,1.0678,1.60,1.60
2009.12.18 05:22:38.664,1.0675,1.0678,2.10,1.60
2009.12.18 05:22:39.184,1.0675,1.06785,1.60,5.20
2009.12.18 05:22:39.464,1.0675,1.0678,1.60,1.60
2009.12.18 05:22:39.993,1.0675,1.0678,3.20,1.60
2009.12.18 05:22:40.604,1.0675,1.06785,1.60,5.70
2009.12.18 05:22:40.943,1.0675,1.0678,3.70,3.20
2009.12.18 05:22:41.283,1.0675,1.0678,3.20,1.60
2009.12.18 05:22:46.272,1.06755,1.06785,1.60,4.10
2009.12.18 05:22:47.922,1.0675,1.0678,3.70,3.20
2009.12.18 05:22:48.102,1.0675,1.0678,3.70,1.60
2009.12.18 05:22:48.282,1.0675,1.0678,3.20,1.60
2009.12.18 05:22:51.861,1.0675,1.06765,3.20,1.60
2009.12.18 05:22:51.981,1.06755,1.06775,1.60,1.60
2009.12.18 05:22:52.091,1.06735,1.06775,3.10,3.20
2009.12.18 05:22:52.151,1.06735,1.0676,3.10,1.00
2009.12.18 05:22:52.261,1.0674,1.06765,1.60,1.00
2009.12.18 05:22:53.121,1.0674,1.0677,4.80,1.20
2009.12.18 05:22:53.470,1.06745,1.06765,1.60,1.20
2009.12.18 05:22:53.820,1.06745,1.06765,4.80,1.20
2009.12.18 05:22:55.170,1.0674,1.06765,3.20,1.20
2009.12.18 05:23:00.079,1.06745,1.06775,1.60,6.20
2009.12.18 05:23:00.289,1.06745,1.06775,1.60,3.20
2009.12.18 05:23:00.589,1.06745,1.06775,3.20,3.20
2009.12.18 05:23:01.588,1.06745,1.06775,3.20,1.60
2009.12.18 05:23:09.556,1.06745,1.06765,3.20,1.00
2009.12.18 05:23:10.256,1.06745,1.06765,1.60,1.00
2009.12.18 05:23:10.607,1.06745,1.06765,1.60,1.00
2009.12.18 05:23:10.776,1.06745,1.06765,1.60,1.00
2009.12.18 05:23:10.946,1.06745,1.06765,1.60,1.00
2009.12.18 05:23:11.066,1.06745,1.06775,1.60,1.80
2009.12.18 05:23:11.246,1.06745,1.06765,3.20,1.00
2009.12.18 05:23:11.416,1.06745,1.06765,3.20,1.00
2009.12.18 05:23:17.324,1.06745,1.06765,3.20,1.00
2009.12.18 05:23:17.434,1.06745,1.06775,3.20,1.60
2009.12.18 05:23:17.595,1.06745,1.06765,3.20,1.00
2009.12.18 05:23:18.695,1.06745,1.06765,1.60,1.00
2009.12.18 05:23:19.044,1.06745,1.06765,1.60,1.00
2009.12.18 05:23:19.594,1.06745,1.06765,3.20,1.00
2009.12.18 05:23:20.304,1.06745,1.06765,1.60,1.00
2009.12.18 05:23:21.038,1.06745,1.06765,3.20,1.00
2009.12.18 05:23:23.073,1.06745,1.06765,3.20,1.00
2009.12.18 05:23:23.413,1.06745,1.06765,3.20,1.00
2009.12.18 05:23:24.683,1.06745,1.06765,3.20,1.00
2009.12.18 05:23:25.013,1.06745,1.06765,1.60,1.00
2009.12.18 05:23:26.772,1.06745,1.06765,3.20,1.00
2009.12.18 05:23:26.942,1.06745,1.06765,3.20,1.00
2009.12.18 05:23:27.302,1.06745,1.0677,1.60,3.70
2009.12.18 05:23:27.962,1.06745,1.06765,3.20,1.00
2009.12.18 05:23:28.352,1.06745,1.06765,1.60,1.00
2009.12.18 05:23:36.060,1.06745,1.06755,1.60,1.00
2009.12.18 05:23:36.170,1.0674,1.06755,3.20,1.00
2009.12.18 05:23:36.400,1.0674,1.06755,1.60,1.00
2009.12.18 05:23:36.560,1.06735,1.06755,1.60,1.00
2009.12.18 05:23:36.970,1.06725,1.06755,1.60,1.00
2009.12.18 05:23:40.649,1.06725,1.06755,1.60,1.00
2009.12.18 05:23:40.939,1.06725,1.0676,1.60,1.60
2009.12.18 05:23:41.239,1.06725,1.06765,1.60,3.00
2009.12.18 05:23:42.159,1.06725,1.06755,1.60,1.00
2009.12.18 05:23:50.087,1.0672,1.06745,1.60,1.00
2009.12.18 05:23:50.907,1.06715,1.06745,1.60,1.00
2009.12.18 05:23:54.526,1.06715,1.06745,1.60,1.00
2009.12.18 05:23:54.586,1.06715,1.0675,1.60,3.20
2009.12.18 05:23:55.316,1.06715,1.06745,1.60,1.00
2009.12.18 05:23:56.885,1.06715,1.06745,1.60,1.00
2009.12.18 05:24:04.303,1.0672,1.06745,1.60,1.00
2009.12.18 05:24:04.423,1.0672,1.06745,1.60,1.00
2009.12.18 05:24:04.533,1.0672,1.06755,1.60,1.20
2009.12.18 05:24:04.643,1.0672,1.06755,1.60,1.00
2009.12.18 05:24:32.816,1.0672,1.06765,1.60,6.10
2009.12.18 05:24:33.106,1.0672,1.06765,1.60,5.60
2009.12.18 05:24:36.005,1.0672,1.06765,1.60,4.00
2009.12.18 05:24:38.485,1.0672,1.06765,1.60,3.80
2009.12.18 05:24:46.123,1.0672,1.06755,1.60,1.00
2009.12.18 05:24:50.882,1.0672,1.06765,1.60,5.60
2009.12.18 05:25:16.646,1.0672,1.06755,1.60,1.00
2009.12.18 05:25:28.823,1.06725,1.06755,1.00,1.00
2009.12.18 05:25:28.943,1.06725,1.06755,1.00,1.00
2009.12.18 05:25:32.532,1.06725,1.06755,1.00,1.00
2009.12.18 05:25:32.692,1.06725,1.0676,1.00,1.60
2009.12.18 05:25:33.402,1.06725,1.0676,2.20,1.60
2009.12.18 05:25:33.742,1.06725,1.06765,1.00,5.40
2009.12.18 05:25:34.072,1.06725,1.06765,1.00,3.80
2009.12.18 05:25:35.231,1.06725,1.06765,1.00,3.80
2009.12.18 05:25:35.621,1.0672,1.06765,1.60,3.80
2009.12.18 05:25:49.558,1.0672,1.06765,3.20,3.80
2009.12.18 05:25:50.598,1.06725,1.0676,1.60,1.60
2009.12.18 05:25:50.938,1.06725,1.0676,3.20,1.60
2009.12.18 05:25:51.627,1.06725,1.0676,1.60,1.60
2009.12.18 05:26:18.861,1.06725,1.0676,3.20,1.60
2009.12.18 05:26:21.740,1.06725,1.0676,3.20,1.60
2009.12.18 05:26:22.260,1.06725,1.06765,3.40,3.20
2009.12.18 05:26:22.370,1.0673,1.06765,1.60,3.20
2009.12.18 05:26:31.968,1.0673,1.06765,1.60,3.00
2009.12.18 05:26:52.353,1.06725,1.06765,3.60,3.00
2009.12.18 05:27:02.790,1.0673,1.06765,1.60,3.00
2009.12.18 05:27:15.217,1.06725,1.06765,3.90,3.00
2009.12.18 05:27:21.776,1.06725,1.06765,3.90,2.80
2009.12.18 05:27:39.641,1.0673,1.06765,1.60,1.00
2009.12.18 05:27:39.812,1.06725,1.06765,3.90,2.40
2009.12.18 05:28:10.014,1.06725,1.06765,3.60,2.40
2009.12.18 05:28:13.603,1.06725,1.06765,3.60,2.40
2009.12.18 05:28:13.763,1.06725,1.06765,3.40,2.60
2009.12.18 05:28:14.393,1.06725,1.06755,3.40,1.00
2009.12.18 05:28:26.770,1.06725,1.06755,3.40,1.00
2009.12.18 05:28:27.120,1.06725,1.06765,3.40,2.60
2009.12.18 05:28:56.853,1.06725,1.06765,3.60,2.40
2009.12.18 05:28:57.073,1.0673,1.06765,1.60,2.40
2009.12.18 05:28:58.323,1.0673,1.06765,1.60,2.60
2009.12.18 05:29:22.337,1.06725,1.06765,3.40,2.60
2009.12.18 05:29:25.316,1.06725,1.06755,3.40,1.00
2009.12.18 05:29:25.596,1.0672,1.06755,4.00,1.00
2009.12.18 05:29:26.236,1.0672,1.06755,2.40,1.00
2009.12.18 05:29:26.586,1.06725,1.06755,1.60,1.00
2009.12.18 05:29:26.946,1.06725,1.06755,1.60,1.00
2009.12.18 05:29:27.296,1.06725,1.06755,1.60,1.00
2009.12.18 05:29:30.814,1.06725,1.06755,1.60,1.00
2009.12.18 05:29:31.274,1.06725,1.06755,1.80,1.00
2009.12.18 05:29:32.744,1.06725,1.06765,3.40,2.80
2009.12.18 05:29:35.263,1.06725,1.06765,1.80,4.40
2009.12.18 05:29:40.422,1.06725,1.0676,1.80,1.60
2009.12.18 05:29:40.482,1.06725,1.06755,1.80,1.00
2009.12.18 05:29:40.902,1.06725,1.06755,1.60,1.00
2009.12.18 05:29:46.321,1.06725,1.06765,3.40,3.00
2009.12.18 05:29:56.278,1.06725,1.06765,3.40,2.80
2009.12.18 05:29:56.788,1.0673,1.06765,1.60,2.80
2009.12.18 05:30:05.356,1.06725,1.06765,3.40,2.80
2009.12.18 05:30:07.946,1.06725,1.06755,3.40,1.00
2009.12.18 05:30:08.586,1.06725,1.06755,3.20,1.00
2009.12.18 05:30:08.816,1.06725,1.06755,1.60,1.00
2009.12.18 05:30:14.704,1.06725,1.06755,1.60,1.00
2009.12.18 05:30:14.924,1.06725,1.06755,1.60,1.00
2009.12.18 05:30:19.183,1.06725,1.06755,1.80,1.00
2009.12.18 05:30:21.763,1.06725,1.06755,1.80,1.00
2009.12.18 05:30:21.822,1.06725,1.06755,1.60,1.00
2009.12.18 05:30:31.160,1.06725,1.06755,1.60,1.00
2009.12.18 05:30:39.608,1.06725,1.06755,1.60,1.00
2009.12.18 05:30:39.948,1.06725,1.06765,1.80,4.40
2009.12.18 05:30:50.725,1.06725,1.06765,2.00,4.00
2009.12.18 05:30:51.245,1.06725,1.06755,2.00,1.00
2009.12.18 05:30:51.475,1.0672,1.06745,3.20,1.00
2009.12.18 05:30:51.755,1.06715,1.06735,1.60,1.00
2009.12.18 05:30:51.985,1.06705,1.06745,3.20,2.40
2009.12.18 05:30:52.155,1.0671,1.06745,1.60,1.00
2009.12.18 05:30:52.555,1.0671,1.06745,3.20,1.00
2009.12.18 05:31:01.973,1.0671,1.06745,3.20,1.00
2009.12.18 05:31:02.093,1.0671,1.06745,1.60,2.00
2009.12.18 05:31:02.253,1.06705,1.06745,3.20,2.00
2009.12.18 05:31:02.652,1.0671,1.06745,1.60,2.00
2009.12.18 05:31:03.122,1.0671,1.06745,1.60,1.00
2009.12.18 05:31:05.042,1.0671,1.06745,3.20,1.00
2009.12.18 05:31:09.211,1.0671,1.06745,1.60,1.00
2009.12.18 05:31:14.560,1.0671,1.06745,1.60,1.00
2009.12.18 05:31:17.959,1.0671,1.06745,3.20,1.00
2009.12.18 05:31:24.367,1.0671,1.06745,3.20,1.00
2009.12.18 05:31:32.965,1.0671,1.06745,3.20,1.00
2009.12.18 05:31:33.385,1.0671,1.06745,3.20,1.50
2009.12.18 05:31:38.994,1.0671,1.06745,3.20,1.70
2009.12.18 05:31:39.694,1.0671,1.06735,3.20,1.00
2009.12.18 05:31:39.924,1.06705,1.06735,3.20,1.00
2009.12.18 05:31:40.204,1.0671,1.06735,1.60,1.00
2009.12.18 05:31:40.563,1.0671,1.06745,1.60,2.50
2009.12.18 05:31:40.903,1.0671,1.06745,3.20,1.50
2009.12.18 05:31:41.693,1.0671,1.06745,1.60,3.10
2009.12.18 05:31:41.933,1.067,1.06745,4.80,1.50
2009.12.18 05:31:43.682,1.0671,1.06745,3.20,1.20
2009.12.18 05:31:44.032,1.0671,1.06745,3.20,1.00
2009.12.18 05:31:44.662,1.0671,1.06745,3.20,1.00
2009.12.18 05:32:22.203,1.0671,1.06745,1.60,1.00
2009.12.18 05:32:44.848,1.0671,1.06745,1.60,2.60
2009.12.18 05:32:45.188,1.0671,1.06735,1.60,1.00
2009.12.18 05:32:45.298,1.0671,1.06735,1.60,1.00
2009.12.18 05:32:45.738,1.06705,1.06735,1.60,1.00
2009.12.18 05:32:47.797,1.06705,1.06735,1.60,1.00
2009.12.18 05:32:48.137,1.06705,1.0674,1.60,3.20
2009.12.18 05:32:48.427,1.06705,1.0674,1.60,1.60
2009.12.18 05:32:48.947,1.0671,1.06745,1.60,9.20
2009.12.18 05:32:49.127,1.0671,1.06745,1.60,8.40
2009.12.18 05:32:49.507,1.0671,1.06745,1.60,3.10
2009.12.18 05:32:49.857,1.06705,1.0674,1.60,1.60
2009.12.18 05:32:51.206,1.06705,1.06745,1.60,4.00
2009.12.18 05:33:03.464,1.0671,1.06745,1.60,2.40
2009.12.18 05:33:03.694,1.0671,1.06745,1.60,2.60
2009.12.18 05:33:03.924,1.0671,1.06745,1.60,1.00
2009.12.18 05:33:08.342,1.0671,1.06745,1.60,2.60
2009.12.18 05:33:10.902,1.0671,1.06745,1.60,1.00
2009.12.18 05:33:13.851,1.0671,1.06745,1.60,2.60
2009.12.18 05:33:26.158,1.0671,1.06745,1.60,2.40
2009.12.18 05:33:34.146,1.0671,1.06745,1.60,2.80
2009.12.18 05:33:42.844,1.0671,1.06745,1.60,2.60
2009.12.18 05:34:05.269,1.0671,1.06745,1.60,2.80
2009.12.18 05:34:05.558,1.0671,1.06745,1.60,3.00
2009.12.18 05:34:08.578,1.0671,1.06745,1.60,2.60
2009.12.18 05:34:31.442,1.0671,1.06745,1.60,1.00
2009.12.18 05:34:34.002,1.0671,1.06745,1.60,1.00
2009.12.18 05:34:40.650,1.0671,1.06745,1.60,1.00
2009.12.18 05:34:47.788,1.0671,1.06745,1.60,2.40
2009.12.18 05:34:52.258,1.0671,1.06745,1.60,1.00
2009.12.18 05:34:52.547,1.0671,1.06745,1.60,2.40
2009.12.18 05:34:53.647,1.0671,1.06745,1.60,1.00
2009.12.18 05:34:54.567,1.0671,1.06745,1.60,2.40
2009.12.18 05:35:04.504,1.0671,1.06745,1.60,1.00
2009.12.18 05:35:14.332,1.0671,1.06745,1.60,2.40
2009.12.18 05:35:14.612,1.0671,1.06745,1.60,1.00
2009.12.18 05:35:15.122,1.0671,1.06745,1.60,2.40
2009.12.18 05:35:17.791,1.0671,1.06745,1.60,2.40
2009.12.18 05:35:18.241,1.0671,1.06745,1.60,3.10
2009.12.18 05:35:18.461,1.06695,1.06735,5.60,1.00
2009.12.18 05:35:18.681,1.06705,1.06735,1.60,1.00
2009.12.18 05:35:20.780,1.06705,1.06735,1.60,1.00
2009.12.18 05:35:24.949,1.06705,1.06735,1.60,1.80
2009.12.18 05:35:45.834,1.06705,1.06735,1.60,1.00
2009.12.18 05:35:46.244,1.06705,1.06735,1.60,1.00
2009.12.18 05:35:46.354,1.06705,1.0674,1.60,4.00
2009.12.18 05:35:46.534,1.06705,1.06735,1.60,1.00
2009.12.18 05:35:46.884,1.06705,1.06735,1.60,2.40
2009.12.18 05:35:50.563,1.06705,1.0673,1.60,1.60
2009.12.18 05:35:58.841,1.06705,1.06735,1.60,2.40
2009.12.18 05:36:00.921,1.06705,1.06735,1.60,1.00
2009.12.18 05:36:01.270,1.06705,1.06735,1.60,2.40
2009.12.18 05:36:07.229,1.06705,1.06735,1.60,1.00
2009.12.18 05:36:30.444,1.0671,1.06735,1.60,1.00
2009.12.18 05:36:59.896,1.06715,1.06735,1.60,1.00
2009.12.18 05:37:00.066,1.0672,1.06745,1.60,5.20
2009.12.18 05:37:00.246,1.0672,1.06745,1.60,1.20
2009.12.18 05:37:00.706,1.06715,1.06745,3.20,1.20
2009.12.18 05:37:02.666,1.06715,1.06745,3.20,2.80
2009.12.18 05:37:03.436,1.06715,1.0674,3.20,1.60
2009.12.18 05:37:06.605,1.0672,1.06745,1.60,2.80
2009.12.18 05:37:07.335,1.0672,1.06745,3.20,2.80
2009.12.18 05:37:07.515,1.06725,1.06745,3.20,1.00
2009.12.18 05:37:07.635,1.06725,1.06745,3.20,1.00
2009.12.18 05:37:07.805,1.06725,1.06755,3.20,4.10
2009.12.18 05:37:09.634,1.06725,1.06755,3.20,2.50
2009.12.18 05:37:09.864,1.06725,1.06755,3.20,4.10
2009.12.18 05:37:17.382,1.06725,1.0675,1.60,1.60
2009.12.18 05:37:33.928,1.06725,1.06755,1.60,6.30
2009.12.18 05:37:34.048,1.06725,1.06755,1.60,3.90
2009.12.18 05:37:34.328,1.06725,1.06755,3.20,2.30
2009.12.18 05:37:34.558,1.06725,1.06755,3.20,3.90
2009.12.18 05:37:36.008,1.06725,1.06755,3.20,2.30
2009.12.18 05:37:40.867,1.06725,1.06755,3.20,3.90
2009.12.18 05:37:55.553,1.06725,1.0675,3.20,1.60
2009.12.18 05:38:01.542,1.06725,1.06755,3.20,3.60
2009.12.18 05:38:02.781,1.0672,1.06745,3.20,1.00
2009.12.18 05:38:03.311,1.06725,1.06745,1.60,1.00
2009.12.18 05:38:03.601,1.06725,1.06745,1.60,1.00
2009.12.18 05:38:04.111,1.06725,1.06745,1.60,2.40
2009.12.18 05:38:05.241,1.0672,1.06735,1.60,1.00
2009.12.18 05:38:05.481,1.06715,1.06735,4.80,1.00
2009.12.18 05:38:05.711,1.06715,1.06735,4.80,1.40
2009.12.18 05:38:06.000,1.06715,1.06735,4.80,1.00
2009.12.18 05:38:06.220,1.0672,1.06745,1.60,4.90
2009.12.18 05:38:06.601,1.0672,1.06745,3.20,1.70
2009.12.18 05:38:08.850,1.0672,1.06745,1.60,3.30
2009.12.18 05:38:09.080,1.0672,1.06745,1.60,4.90
2009.12.18 05:38:12.929,1.0672,1.0674,3.20,1.60
2009.12.18 05:38:13.429,1.0672,1.06745,3.20,4.80
2009.12.18 05:38:13.719,1.0672,1.06745,3.20,4.60
2009.12.18 05:38:23.276,1.0672,1.06745,3.20,4.20
2009.12.18 05:38:27.135,1.06725,1.06745,1.60,2.60
2009.12.18 05:38:27.425,1.06725,1.06745,3.20,1.00
2009.12.18 05:38:27.765,1.06725,1.06755,3.20,3.90
2009.12.18 05:38:28.285,1.06725,1.06755,1.60,5.50
2009.12.18 05:38:28.465,1.06725,1.0674,1.60,1.00
2009.12.18 05:38:28.695,1.06725,1.0676,3.20,2.60
2009.12.18 05:38:29.095,1.06725,1.06755,1.60,1.60
2009.12.18 05:38:31.624,1.06725,1.06765,3.20,11.20
2009.12.18 05:38:35.353,1.06725,1.06755,1.60,2.60
2009.12.18 05:38:48.810,1.06725,1.06745,1.60,1.00
2009.12.18 05:38:49.050,1.0672,1.06745,4.10,1.00
2009.12.18 05:38:51.240,1.06725,1.0675,1.60,1.60
2009.12.18 05:38:57.008,1.06725,1.06755,3.20,3.80
2009.12.18 05:38:57.357,1.06725,1.06755,4.00,1.60
2009.12.18 05:38:57.757,1.06725,1.0676,4.00,3.20
2009.12.18 05:39:00.057,1.06725,1.0676,5.60,1.60
2009.12.18 05:39:01.136,1.0673,1.0676,1.60,1.60
2009.12.18 05:39:13.614,1.0673,1.06755,1.60,1.00
2009.12.18 05:39:13.733,1.0673,1.0676,1.60,1.60
2009.12.18 05:39:14.353,1.06725,1.0676,5.60,1.60
2009.12.18 05:39:18.522,1.06725,1.0676,4.00,1.60
2009.12.18 05:39:22.941,1.0673,1.06765,1.60,4.00
2009.12.18 05:39:23.111,1.0673,1.06765,1.60,3.40
2009.12.18 05:39:23.751,1.0673,1.0676,1.60,1.60
2009.12.18 05:39:28.370,1.0673,1.06755,1.60,1.00
2009.12.18 05:39:28.550,1.06725,1.06755,4.00,1.00
2009.12.18 05:39:29.579,1.06725,1.06755,4.00,2.00
2009.12.18 05:39:29.879,1.06725,1.06755,4.00,3.60
2009.12.18 05:39:38.447,1.06725,1.06755,4.00,3.40
2009.12.18 05:39:46.665,1.06725,1.06755,4.00,1.80
2009.12.18 05:39:48.775,1.06725,1.06755,4.00,1.80
2009.12.18 05:39:48.935,1.06725,1.06755,4.00,1.60
2009.12.18 05:39:49.165,1.06725,1.0676,4.00,3.20
2009.12.18 05:39:51.484,1.06725,1.06755,4.00,1.00
2009.12.18 05:39:51.874,1.06725,1.06755,4.00,2.00
2009.12.18 05:39:53.884,1.06725,1.06755,4.00,1.80
2009.12.18 05:39:55.383,1.06725,1.06755,4.00,1.60
2009.12.18 05:39:55.543,1.06725,1.0676,4.00,3.20
2009.12.18 05:39:56.773,1.06725,1.06755,4.00,1.60
2009.12.18 05:40:01.832,1.06725,1.0676,4.00,3.20
2009.12.18 05:40:02.852,1.0673,1.0676,1.60,3.20
2009.12.18 05:40:03.202,1.06735,1.0676,1.60,3.20
2009.12.18 05:40:03.491,1.06735,1.0676,1.60,1.60
2009.12.18 05:40:03.891,1.06735,1.06765,1.60,3.40
2009.12.18 05:40:04.351,1.06735,1.06765,3.20,1.60
2009.12.18 05:40:05.551,1.06735,1.06765,1.60,1.60
2009.12.18 05:40:05.941,1.06735,1.06765,3.20,2.00
2009.12.18 05:40:06.121,1.06735,1.06765,3.20,4.70
2009.12.18 05:40:06.291,1.06735,1.06755,1.60,1.40
2009.12.18 05:40:06.411,1.0673,1.06755,3.70,1.40
2009.12.18 05:40:06.581,1.0673,1.06755,3.20,1.40
2009.12.18 05:40:07.870,1.0673,1.06755,3.20,3.00
2009.12.18 05:40:15.918,1.0673,1.06755,3.20,2.70
2009.12.18 05:40:17.268,1.0673,1.06745,1.60,1.00
2009.12.18 05:40:17.608,1.0673,1.06755,1.60,4.30
2009.12.18 05:40:17.908,1.0673,1.06755,3.20,2.70
2009.12.18 05:40:21.177,1.0673,1.06745,3.20,1.00
2009.12.18 05:40:22.977,1.0673,1.06745,3.20,1.00
2009.12.18 05:40:23.256,1.0673,1.06765,3.20,1.60
2009.12.18 05:40:23.776,1.06735,1.06765,1.60,1.60
2009.12.18 05:40:25.876,1.06735,1.06755,1.60,1.00
2009.12.18 05:40:26.046,1.06735,1.06755,1.60,1.00
2009.12.18 05:40:53.940,1.06735,1.06755,1.60,1.00
2009.12.18 05:40:54.569,1.06735,1.06755,1.60,1.00
2009.12.18 05:40:56.719,1.06735,1.06755,1.60,1.00
2009.12.18 05:40:57.009,1.06735,1.06755,1.60,1.00
2009.12.18 05:41:13.925,1.06735,1.06755,3.20,1.00
2009.12.18 05:41:14.275,1.0674,1.06755,1.60,1.00
2009.12.18 05:41:14.444,1.06735,1.06755,1.60,1.00
2009.12.18 05:41:14.674,1.06735,1.06755,1.60,1.00
2009.12.18 05:41:14.904,1.06735,1.0676,1.80,1.60
2009.12.18 05:41:15.075,1.06735,1.0678,3.80,2.50
2009.12.18 05:41:15.484,1.0674,1.06775,1.00,1.60
2009.12.18 05:41:16.164,1.0674,1.06765,1.00,1.60
2009.12.18 05:41:16.754,1.0674,1.0677,1.00,1.60
2009.12.18 05:41:17.084,1.06735,1.0677,4.60,1.60
2009.12.18 05:41:19.413,1.0674,1.0677,1.60,1.60
2009.12.18 05:41:20.743,1.06745,1.0677,1.60,1.60
2009.12.18 05:41:22.122,1.0674,1.0677,1.60,1.60
2009.12.18 05:41:53.085,1.06735,1.0677,5.20,1.60
2009.12.18 05:41:53.375,1.0674,1.0677,1.60,1.60
2009.12.18 05:41:56.344,1.0674,1.06775,2.00,1.60
2009.12.18 05:41:56.694,1.06735,1.0677,6.00,1.60
2009.12.18 05:41:57.024,1.06735,1.0677,5.20,1.60
2009.12.18 05:41:57.374,1.0674,1.0677,1.60,1.60
2009.12.18 05:42:03.842,1.06735,1.0677,5.20,1.60
2009.12.18 05:42:20.429,1.0674,1.0677,1.60,1.60
2009.12.18 05:42:26.167,1.0674,1.06775,1.60,2.40
2009.12.18 05:42:26.337,1.0674,1.06775,1.00,2.40
2009.12.18 05:42:26.457,1.0674,1.06775,1.00,1.60
2009.12.18 05:42:26.637,1.0674,1.0677,1.00,1.60
2009.12.18 05:42:26.807,1.06735,1.0677,5.20,1.60
2009.12.18 05:42:55.200,1.06735,1.06775,5.20,1.60
2009.12.18 05:42:55.310,1.06735,1.06775,6.00,1.60
2009.12.18 05:42:55.410,1.0674,1.06775,1.00,1.60
2009.12.18 05:42:55.690,1.06735,1.0677,6.20,1.60
2009.12.18 05:42:55.800,1.06735,1.0677,4.60,1.60
2009.12.18 05:42:56.200,1.06735,1.0677,5.40,1.60
2009.12.18 05:42:56.540,1.0674,1.0677,1.60,1.60
2009.12.18 05:43:01.438,1.06735,1.0677,5.40,1.60
2009.12.18 05:43:02.018,1.06735,1.0677,5.40,1.60
2009.12.18 05:43:02.258,1.06735,1.0677,5.20,1.60
2009.12.18 05:43:12.956,1.06735,1.0677,5.20,1.60
2009.12.18 05:43:13.186,1.06735,1.0677,5.40,1.60
2009.12.18 05:43:19.734,1.06735,1.0677,5.40,1.60
2009.12.18 05:43:19.974,1.06735,1.0677,5.20,1.60
2009.12.18 05:43:24.853,1.06735,1.06765,5.20,1.00
2009.12.18 05:43:24.963,1.06735,1.06765,3.60,2.00
2009.12.18 05:43:25.023,1.06735,1.06765,4.00,2.00
2009.12.18 05:43:25.253,1.06735,1.06765,4.00,3.60
2009.12.18 05:43:27.572,1.06735,1.06765,4.00,3.40
2009.12.18 05:43:40.879,1.06735,1.06765,5.80,1.60
2009.12.18 05:43:47.427,1.0674,1.06765,1.60,1.60
2009.12.18 05:43:49.757,1.06735,1.06765,6.00,1.60
2009.12.18 05:43:57.625,1.06735,1.0677,6.00,1.60
2009.12.18 05:44:00.514,1.06735,1.0677,6.00,1.60
2009.12.18 05:44:00.804,1.06735,1.0677,5.60,1.60
2009.12.18 05:44:02.264,1.06735,1.06765,5.60,1.00
2009.12.18 05:44:02.564,1.06735,1.06765,4.00,2.20
2009.12.18 05:44:03.144,1.06735,1.06765,4.00,2.80
2009.12.18 05:44:03.374,1.06735,1.06765,1.60,2.80
2009.12.18 05:44:03.594,1.06735,1.0676,1.60,1.60
2009.12.18 05:44:16.171,1.06735,1.0676,3.20,1.60
2009.12.18 05:44:17.190,1.06735,1.0676,1.60,1.60
2009.12.18 05:44:46.573,1.0673,1.0676,5.60,1.60
2009.12.18 05:44:47.043,1.0673,1.0676,4.80,1.60
2009.12.18 05:44:49.192,1.06735,1.06765,1.60,2.70
2009.12.18 05:44:49.612,1.06735,1.0676,1.60,1.60
2009.12.18 05:44:53.911,1.0674,1.06765,1.60,2.70
2009.12.18 05:44:54.361,1.0674,1.06765,3.20,3.10
2009.12.18 05:45:19.705,1.0674,1.06765,3.20,2.90
2009.12.18 05:45:20.055,1.06745,1.06765,1.60,1.60
2009.12.18 05:45:20.175,1.06745,1.0677,1.60,1.60
2009.12.18 05:45:23.184,1.06745,1.0677,1.60,1.60
2009.12.18 05:45:23.534,1.06745,1.0677,1.60,3.20
2009.12.18 05:45:25.764,1.06745,1.0677,1.60,1.60
2009.12.18 05:45:33.232,1.0674,1.0677,3.70,1.60
2009.12.18 05:45:33.962,1.0674,1.06765,3.20,1.60
2009.12.18 05:45:35.261,1.0674,1.0677,3.20,1.60
2009.12.18 05:45:35.541,1.06745,1.0677,1.60,1.60
2009.12.18 05:45:35.881,1.06745,1.0677,1.60,3.20
2009.12.18 05:45:44.019,1.06745,1.0676,1.60,3.60
2009.12.18 05:45:44.259,1.06735,1.0676,5.60,7.40
2009.12.18 05:45:44.489,1.06735,1.0676,4.80,7.40
2009.12.18 05:45:47.238,1.06745,1.06775,1.60,2.30
2009.12.18 05:45:47.769,1.06745,1.06775,1.60,3.20
2009.12.18 05:45:57.786,1.06745,1.0677,1.60,1.60
2009.12.18 05:46:01.005,1.06745,1.0677,1.60,3.20
2009.12.18 05:46:15.422,1.06745,1.0677,1.60,1.60
2009.12.18 05:46:54.042,1.06745,1.0677,1.60,1.60
2009.12.18 05:46:54.342,1.06745,1.0677,1.80,1.60
2009.12.18 05:47:06.389,1.06745,1.0677,1.80,1.60
2009.12.18 05:47:06.510,1.06745,1.0677,1.60,1.60
2009.12.18 05:47:38.532,1.06755,1.06775,1.60,1.00
2009.12.18 05:47:38.652,1.06755,1.06775,3.20,1.00
2009.12.18 05:47:38.762,1.06755,1.06775,4.80,1.00
2009.12.18 05:47:39.172,1.0676,1.06775,1.60,1.00
2009.12.18 05:47:39.392,1.06755,1.06775,5.70,1.00
2009.12.18 05:47:39.562,1.06755,1.06775,4.80,1.00
2009.12.18 05:47:43.980,1.06755,1.06775,4.80,1.00
2009.12.18 05:47:46.110,1.0676,1.06775,1.60,1.00
2009.12.18 05:47:59.997,1.06755,1.06775,5.70,1.00
2009.12.18 05:48:00.107,1.06755,1.06775,4.80,1.00
2009.12.18 05:48:00.516,1.0676,1.06775,1.60,1.00
2009.12.18 05:48:01.206,1.06755,1.06775,4.80,1.00
2009.12.18 05:48:02.236,1.06755,1.06775,4.80,1.00
2009.12.18 05:48:03.686,1.06755,1.06775,4.80,1.00
2009.12.18 05:48:03.896,1.06755,1.0678,4.80,1.60
2009.12.18 05:48:04.125,1.0676,1.0678,1.60,1.60
2009.12.18 05:48:04.346,1.0676,1.06785,1.60,1.60
2009.12.18 05:48:04.695,1.0676,1.06785,1.60,3.20
2009.12.18 05:48:10.254,1.0676,1.06785,1.60,1.60
2009.12.18 05:48:14.353,1.0676,1.0678,1.60,1.60
2009.12.18 05:48:14.523,1.06755,1.0678,2.50,3.90
2009.12.18 05:48:14.693,1.06755,1.0678,1.60,3.90
2009.12.18 05:48:23.181,1.0675,1.0677,4.80,1.60
2009.12.18 05:48:23.421,1.0675,1.0677,1.60,3.20
2009.12.18 05:48:23.661,1.0673,1.0677,1.60,3.20
2009.12.18 05:48:23.901,1.06725,1.0677,1.60,4.80
2009.12.18 05:48:24.131,1.0672,1.06765,4.80,1.60
2009.12.18 05:48:24.371,1.06715,1.0676,2.10,1.60
2009.12.18 05:48:24.610,1.06715,1.0676,1.60,1.60
2009.12.18 05:48:25.760,1.06725,1.0676,1.60,1.60
2009.12.18 05:48:41.927,1.06725,1.06755,1.60,1.00
2009.12.18 05:48:42.046,1.06725,1.0676,1.60,1.60
2009.12.18 05:48:42.636,1.06725,1.0676,1.60,1.00
2009.12.18 05:49:02.921,1.06725,1.0676,3.20,1.00
2009.12.18 05:49:04.381,1.0672,1.06765,1.60,5.20
2009.12.18 05:49:04.611,1.0672,1.06765,1.60,4.80
2009.12.18 05:49:04.841,1.0672,1.06765,1.60,5.20
2009.12.18 05:49:20.598,1.06725,1.06765,1.60,5.20
2009.12.18 05:49:20.767,1.06725,1.0676,1.60,1.00
2009.12.18 05:49:30.045,1.06725,1.06765,1.60,4.40
2009.12.18 05:49:30.105,1.06725,1.06765,1.60,5.20
2009.12.18 05:49:31.784,1.06725,1.06765,1.60,5.00
2009.12.18 05:49:41.682,1.06725,1.06765,1.60,4.60
2009.12.18 05:50:57.544,1.06735,1.06765,1.00,3.80
2009.12.18 05:50:57.894,1.06735,1.0676,1.40,1.00
2009.12.18 05:50:59.194,1.06725,1.0676,1.60,1.00
2009.12.18 05:50:59.833,1.0672,1.06765,1.60,4.60
2009.12.18 05:51:00.113,1.0672,1.06765,2.00,4.60
2009.12.18 05:51:03.272,1.06725,1.06765,1.00,4.60
2009.12.18 05:51:03.802,1.06725,1.06765,1.00,4.60
2009.12.18 05:51:16.090,1.0674,1.06765,3.20,1.00
2009.12.18 05:51:16.429,1.06755,1.0679,3.20,1.00
2009.12.18 05:51:16.789,1.06755,1.0679,1.60,1.00
2009.12.18 05:51:17.129,1.0677,1.06795,2.20,4.00
2009.12.18 05:51:17.470,1.06785,1.0681,1.60,1.00
2009.12.18 05:51:17.849,1.06775,1.06825,3.20,1.60
2009.12.18 05:51:18.179,1.06785,1.06825,1.00,1.60
2009.12.18 05:51:18.749,1.06795,1.0682,1.00,1.60
2009.12.18 05:51:19.039,1.06795,1.06815,1.00,1.60
2009.12.18 05:51:19.331,1.06775,1.06815,1.60,1.80
2009.12.18 05:51:20.018,1.06775,1.06815,1.60,1.60
2009.12.18 05:51:21.908,1.0679,1.06815,4.00,1.60
2009.12.18 05:51:22.178,1.0678,1.06815,1.60,2.40
2009.12.18 05:51:22.348,1.0678,1.0681,1.60,2.40
2009.12.18 05:51:24.867,1.0678,1.0681,1.60,1.60
2009.12.18 05:51:29.786,1.0678,1.0681,1.60,2.40
2009.12.18 05:51:31.036,1.0678,1.0681,1.60,2.40
2009.12.18 05:51:35.715,1.0678,1.0681,1.60,4.00
2009.12.18 05:51:37.344,1.0678,1.06805,1.60,1.00
2009.12.18 05:51:37.514,1.0678,1.06805,1.60,1.60
2009.12.18 05:51:38.894,1.0678,1.06795,1.60,1.00
2009.12.18 05:51:39.004,1.06775,1.06795,3.20,1.00
2009.12.18 05:51:39.704,1.06775,1.06795,3.20,1.00
2009.12.18 05:51:39.823,1.06775,1.06795,1.60,1.00
2009.12.18 05:51:39.983,1.0677,1.06795,2.40,1.00
2009.12.18 05:51:40.144,1.0677,1.06795,1.60,1.00
2009.12.18 05:51:48.801,1.0677,1.06785,1.60,1.00
2009.12.18 05:51:54.790,1.06765,1.06785,1.60,1.00
2009.12.18 05:52:00.039,1.06765,1.06805,1.60,4.80
2009.12.18 05:52:03.928,1.06765,1.068,1.60,2.40
2009.12.18 05:52:04.438,1.06765,1.06805,1.60,5.80
2009.12.18 05:52:05.897,1.06765,1.068,1.60,1.60
2009.12.18 05:52:14.985,1.06765,1.06805,1.60,5.80
2009.12.18 05:52:19.484,1.06765,1.06805,1.60,5.60
2009.12.18 05:52:19.704,1.0677,1.06805,1.60,4.80
2009.12.18 05:52:20.004,1.0677,1.06805,1.60,5.00
2009.12.18 05:52:20.284,1.0677,1.06805,1.60,4.80
2009.12.18 05:52:21.513,1.0677,1.06805,1.60,5.00
2009.12.18 05:52:21.854,1.0677,1.06805,1.60,4.80
2009.12.18 05:52:36.930,1.06775,1.06805,1.60,4.80
2009.12.18 05:52:37.510,1.06775,1.068,1.60,1.60
2009.12.18 05:52:41.809,1.0677,1.06795,1.60,1.60
2009.12.18 05:52:42.038,1.0677,1.068,1.60,1.60
2009.12.18 05:52:51.366,1.0678,1.068,1.60,1.60
2009.12.18 05:52:51.546,1.06775,1.068,4.80,1.60
2009.12.18 05:52:51.817,1.06785,1.068,1.60,1.60
2009.12.18 05:52:51.936,1.06785,1.06805,1.60,1.60
2009.12.18 05:52:52.106,1.06785,1.0681,1.60,1.60
2009.12.18 05:52:59.544,1.0678,1.0681,1.00,1.60
2009.12.18 05:52:59.664,1.06775,1.0681,1.60,1.60
2009.12.18 05:53:29.877,1.06775,1.0681,1.60,3.20
2009.12.18 05:54:17.156,1.06775,1.068,1.60,1.00
2009.12.18 05:54:19.965,1.06775,1.06805,1.60,3.40
2009.12.18 05:54:20.345,1.06775,1.06805,1.60,3.20
2009.12.18 05:54:20.875,1.06775,1.06805,1.60,3.20
2009.12.18 05:54:21.095,1.06775,1.06805,1.60,3.40
2009.12.18 05:54:22.084,1.06775,1.06805,1.60,1.60
2009.12.18 05:54:23.744,1.06775,1.06805,1.60,3.20
2009.12.18 05:54:33.242,1.06775,1.068,1.60,1.60
2009.12.18 05:54:33.582,1.06775,1.06795,1.60,1.00
2009.12.18 05:54:35.941,1.06775,1.068,1.60,1.60
2009.12.18 05:54:41.330,1.06775,1.06795,1.60,1.00
2009.12.18 05:54:46.069,1.0677,1.06795,1.60,1.70
2009.12.18 05:54:50.998,1.0677,1.06795,1.60,1.60
2009.12.18 05:55:02.135,1.0677,1.06795,1.60,1.70
2009.12.18 05:55:02.485,1.0677,1.06795,1.60,1.00
2009.12.18 05:55:03.165,1.0677,1.06795,1.60,1.70
2009.12.18 05:55:10.583,1.0677,1.06795,1.60,1.60
2009.12.18 05:55:15.392,1.0677,1.06795,1.60,1.00
2009.12.18 05:55:15.732,1.06765,1.06795,3.20,2.00
2009.12.18 05:55:16.062,1.06765,1.06795,1.60,1.90
2009.12.18 05:55:19.291,1.06765,1.06795,1.60,2.10
2009.12.18 05:55:21.190,1.06765,1.06795,1.60,2.00
2009.12.18 05:55:21.540,1.06765,1.06795,1.60,1.80
2009.12.18 05:55:23.970,1.06765,1.0679,1.60,1.60
2009.12.18 05:55:31.008,1.06765,1.06795,1.60,1.60
2009.12.18 05:55:31.248,1.06765,1.068,1.60,4.00
2009.12.18 05:55:31.598,1.0677,1.06795,1.60,1.00
2009.12.18 05:55:31.948,1.06775,1.06795,1.60,1.00
2009.12.18 05:55:32.278,1.0677,1.06795,1.60,1.00
2009.12.18 05:55:41.535,1.0677,1.06805,1.60,10.00
2009.12.18 05:55:41.765,1.0677,1.06805,1.60,10.00
2009.12.18 05:55:41.995,1.0677,1.06795,1.60,1.60
2009.12.18 05:55:48.174,1.06765,1.06795,1.60,1.60
2009.12.18 05:55:48.804,1.0677,1.068,1.60,1.60
2009.12.18 05:56:12.358,1.0677,1.06805,1.60,5.80
2009.12.18 05:56:18.057,1.06775,1.06805,1.60,5.80
2009.12.18 05:56:18.876,1.06775,1.06805,1.60,3.40
2009.12.18 05:56:19.216,1.06775,1.06805,1.60,1.00
2009.12.18 05:56:19.766,1.06775,1.06805,1.60,1.60
2009.12.18 05:56:29.744,1.06775,1.06805,1.60,1.60
2009.12.18 05:56:29.864,1.0677,1.06805,1.60,3.40
2009.12.18 05:56:30.536,1.0677,1.06805,1.60,1.80
2009.12.18 05:56:32.873,1.0677,1.06805,1.60,1.60
2009.12.18 05:56:33.813,1.0677,1.06805,1.60,1.60
2009.12.18 05:56:39.651,1.0677,1.06805,1.60,1.80
2009.12.18 05:56:39.881,1.0677,1.06805,1.60,1.80
2009.12.18 05:56:48.179,1.06775,1.06805,3.20,3.40
2009.12.18 05:56:48.299,1.06775,1.06805,3.20,1.80
2009.12.18 05:56:48.589,1.06775,1.06805,3.20,3.40
2009.12.18 05:56:58.987,1.0677,1.06805,2.10,3.40
2009.12.18 05:56:59.217,1.0677,1.06805,1.60,3.40
2009.12.18 05:56:59.387,1.0677,1.06805,1.60,1.80
2009.12.18 05:57:12.324,1.0677,1.06805,1.60,3.40
2009.12.18 05:57:20.432,1.0677,1.06805,1.60,5.00
2009.12.18 05:57:35.658,1.0677,1.06795,1.60,1.00
2009.12.18 05:57:43.256,1.0677,1.068,1.60,1.60
2009.12.18 05:57:47.465,1.06765,1.068,1.60,1.60
2009.12.18 05:57:58.922,1.06765,1.06795,1.60,1.00
2009.12.18 05:58:04.321,1.06765,1.06795,1.60,1.70
2009.12.18 05:58:08.210,1.06765,1.06795,1.60,1.00
2009.12.18 05:58:08.610,1.06765,1.068,1.60,1.60
2009.12.18 05:58:38.902,1.06765,1.06805,1.60,5.00
2009.12.18 05:58:39.182,1.0677,1.06805,1.60,5.00
2009.12.18 05:58:51.049,1.0677,1.06805,1.60,3.40
2009.12.18 05:58:51.879,1.0677,1.06805,3.20,3.20
2009.12.18 05:58:52.210,1.0677,1.06805,1.60,3.20
2009.12.18 05:58:52.550,1.06775,1.06805,1.60,3.20
2009.12.18 05:58:58.468,1.06775,1.06805,1.60,4.80
2009.12.18 05:58:59.618,1.06775,1.06805,1.60,5.00
2009.12.18 05:58:59.958,1.06775,1.06805,1.60,5.00
2009.12.18 05:59:08.675,1.06775,1.06795,1.60,1.00
2009.12.18 05:59:08.855,1.0677,1.06795,1.60,1.00
2009.12.18 05:59:17.653,1.0677,1.06805,1.60,5.20
2009.12.18 05:59:17.943,1.0677,1.06805,1.60,4.80
2009.12.18 05:59:24.791,1.0677,1.06805,1.60,3.20
2009.12.18 05:59:43.027,1.0677,1.06805,3.20,3.20
2009.12.18 05:59:50.835,1.0677,1.06805,1.60,3.20
2009.12.18 05:59:53.306,1.0677,1.06805,3.20,3.40
2009.12.18 05:59:53.585,1.0677,1.06805,3.20,2.40
