2009.05.28 17:00:00.185,1.11695,1.1172,11.60,1.00
2009.05.28 17:00:00.455,1.117,1.1172,1.20,1.00
2009.05.28 17:00:00.795,1.11695,1.1171,8.40,1.00
2009.05.28 17:00:01.265,1.117,1.1171,1.00,1.00
2009.05.28 17:00:01.565,1.1169,1.1172,6.80,1.00
2009.05.28 17:00:01.905,1.117,1.1172,1.00,1.00
2009.05.28 17:00:02.245,1.1171,1.1173,2.80,4.80
2009.05.28 17:00:02.834,1.11695,1.1173,13.20,4.80
2009.05.28 17:00:03.065,1.11695,1.1173,2.40,4.80
2009.05.28 17:00:03.364,1.11695,1.1173,12.00,4.80
2009.05.28 17:00:04.184,1.117,1.1173,12.00,4.80
2009.05.28 17:00:04.524,1.117,1.1173,11.20,4.80
2009.05.28 17:00:04.644,1.117,1.1172,7.40,1.00
2009.05.28 17:00:04.824,1.117,1.1172,4.20,1.00
2009.05.28 17:00:05.234,1.117,1.1172,3.20,4.80
2009.05.28 17:00:05.994,1.117,1.1172,5.60,4.80
2009.05.28 17:00:06.233,1.117,1.1172,9.60,4.80
2009.05.28 17:00:06.524,1.117,1.1172,12.40,4.80
2009.05.28 17:00:06.703,1.117,1.1172,13.40,4.80
2009.05.28 17:00:07.093,1.117,1.1172,13.20,4.80
2009.05.28 17:00:07.433,1.117,1.1172,13.40,4.80
2009.05.28 17:00:07.753,1.117,1.1172,13.20,4.80
2009.05.28 17:00:08.093,1.117,1.1172,13.00,4.80
2009.05.28 17:00:08.423,1.117,1.1172,12.60,4.80
2009.05.28 17:00:08.593,1.117,1.1172,12.00,4.80
2009.05.28 17:00:09.213,1.117,1.1172,12.80,4.80
2009.05.28 17:00:09.513,1.117,1.1173,13.00,4.80
2009.05.28 17:00:09.863,1.117,1.1174,2.40,4.80
2009.05.28 17:00:12.252,1.11695,1.11725,9.20,4.80
2009.05.28 17:00:12.552,1.11685,1.11715,6.60,1.00
2009.05.28 17:00:12.902,1.11685,1.1172,6.60,4.80
2009.05.28 17:00:13.252,1.11685,1.1172,6.80,4.80
2009.05.28 17:00:13.592,1.1169,1.1171,1.20,2.40
2009.05.28 17:00:13.932,1.1168,1.117,5.00,1.00
2009.05.28 17:00:14.152,1.1168,1.117,1.80,1.00
2009.05.28 17:00:14.442,1.1168,1.117,1.80,4.80
2009.05.28 17:00:14.672,1.1168,1.117,1.20,4.80
2009.05.28 17:00:15.641,1.1168,1.1169,1.20,1.00
2009.05.28 17:00:16.081,1.1168,1.1169,1.20,4.80
2009.05.28 17:00:17.041,1.11645,1.1168,2.40,4.80
2009.05.28 17:00:17.391,1.1166,1.1168,1.00,1.00
2009.05.28 17:00:17.851,1.1166,1.1168,1.20,1.20
2009.05.28 17:00:18.411,1.1167,1.1168,1.20,4.80
2009.05.28 17:00:19.960,1.1167,1.1168,1.00,1.20
2009.05.28 17:00:20.140,1.1167,1.1168,1.00,1.20
2009.05.28 17:00:20.580,1.1166,1.11675,1.00,4.80
2009.05.28 17:00:20.920,1.11655,1.1168,3.20,4.80
2009.05.28 17:00:21.200,1.11655,1.11675,2.80,4.80
2009.05.28 17:00:21.720,1.11655,1.1168,3.20,4.80
2009.05.28 17:00:22.000,1.11665,1.1168,1.00,4.80
2009.05.28 17:00:22.240,1.11665,1.11675,1.00,4.80
2009.05.28 17:00:22.809,1.11665,1.1168,1.00,4.80
2009.05.28 17:00:23.270,1.1167,1.11675,1.00,4.80
2009.05.28 17:00:23.499,1.1165,1.1168,1.00,4.80
2009.05.28 17:00:25.479,1.11655,1.1167,1.80,1.00
2009.05.28 17:00:25.709,1.11655,1.1167,3.20,1.00
2009.05.28 17:00:26.349,1.11655,1.11675,2.80,5.00
2009.05.28 17:00:26.639,1.11655,1.1167,3.20,1.00
2009.05.28 17:00:26.919,1.11655,1.1168,3.80,4.80
2009.05.28 17:00:27.319,1.11655,1.1168,3.40,4.80
2009.05.28 17:00:27.558,1.11655,1.1167,3.80,1.00
2009.05.28 17:00:27.789,1.11655,1.1167,3.80,1.00
2009.05.28 17:00:28.138,1.11655,1.11695,3.80,4.80
2009.05.28 17:00:28.848,1.1166,1.11695,1.00,4.80
2009.05.28 17:00:29.368,1.1166,1.1169,1.80,4.80
2009.05.28 17:00:29.868,1.1167,1.1169,1.00,4.80
2009.05.28 17:00:30.098,1.1167,1.117,1.20,10.60
2009.05.28 17:00:30.448,1.11665,1.1169,3.20,4.80
2009.05.28 17:00:30.968,1.11665,1.11705,3.60,1.60
2009.05.28 17:00:32.217,1.11665,1.117,3.40,2.00
2009.05.28 17:00:32.507,1.11665,1.117,3.60,1.00
2009.05.28 17:00:32.777,1.11665,1.117,3.60,1.00
2009.05.28 17:00:33.007,1.11665,1.1169,3.20,4.80
2009.05.28 17:00:33.657,1.11665,1.11695,2.40,2.60
2009.05.28 17:00:34.227,1.1166,1.1169,2.40,3.00
2009.05.28 17:00:34.517,1.1166,1.1169,2.40,3.20
2009.05.28 17:00:34.807,1.1166,1.1169,2.40,3.00
2009.05.28 17:00:35.087,1.1166,1.11685,2.40,4.80
2009.05.28 17:00:35.376,1.1166,1.1169,2.40,1.40
2009.05.28 17:00:37.576,1.11675,1.11685,1.20,4.80
2009.05.28 17:00:40.475,1.1169,1.1171,1.00,6.00
2009.05.28 17:00:40.865,1.1169,1.1171,1.00,5.80
2009.05.28 17:00:40.985,1.1169,1.1171,1.00,6.20
2009.05.28 17:00:41.215,1.1168,1.1171,2.40,6.20
2009.05.28 17:00:41.335,1.1168,1.1171,2.40,6.40
2009.05.28 17:00:41.675,1.1168,1.117,1.20,4.80
2009.05.28 17:00:42.145,1.1168,1.117,2.40,1.60
2009.05.28 17:00:42.435,1.1168,1.1171,2.40,6.20
2009.05.28 17:00:44.004,1.11695,1.1171,1.00,2.60
2009.05.28 17:00:44.284,1.1169,1.1171,4.00,1.80
2009.05.28 17:00:44.565,1.11705,1.11735,9.20,1.20
2009.05.28 17:00:44.784,1.11695,1.11735,10.00,2.80
2009.05.28 17:00:44.904,1.1172,1.11745,1.20,6.60
2009.05.28 17:00:45.014,1.1172,1.11735,1.20,1.60
2009.05.28 17:00:45.124,1.1172,1.11745,1.20,2.60
2009.05.28 17:00:45.474,1.1172,1.11745,1.20,1.00
2009.05.28 17:00:45.834,1.1172,1.1175,1.20,5.60
2009.05.28 17:00:46.314,1.1173,1.11735,1.00,1.00
2009.05.28 17:00:46.364,1.11695,1.11735,10.20,1.00
2009.05.28 17:00:46.484,1.11695,1.11735,13.20,1.00
2009.05.28 17:00:46.544,1.117,1.11735,1.00,1.00
2009.05.28 17:00:46.844,1.1169,1.11735,7.80,1.20
2009.05.28 17:00:47.074,1.117,1.11735,1.00,1.20
2009.05.28 17:00:47.184,1.117,1.11725,2.20,4.80
2009.05.28 17:00:47.363,1.1169,1.1172,12.00,4.80
2009.05.28 17:00:47.754,1.11705,1.1172,7.20,4.80
2009.05.28 17:00:48.153,1.117,1.1172,8.00,4.80
2009.05.28 17:00:48.563,1.117,1.1172,7.00,4.80
2009.05.28 17:00:48.923,1.117,1.1172,7.20,4.80
2009.05.28 17:00:49.373,1.117,1.1172,7.00,1.80
2009.05.28 17:00:49.613,1.117,1.1173,11.40,2.60
2009.05.28 17:00:50.023,1.117,1.1173,14.80,2.60
2009.05.28 17:00:50.323,1.1171,1.1173,2.80,2.40
2009.05.28 17:00:50.553,1.11695,1.1173,2.40,2.60
2009.05.28 17:00:51.123,1.1169,1.1173,3.40,2.60
2009.05.28 17:00:51.353,1.1169,1.1172,7.80,1.00
2009.05.28 17:00:52.153,1.11695,1.1172,7.80,1.20
2009.05.28 17:00:52.373,1.11695,1.1172,7.80,1.00
2009.05.28 17:00:53.242,1.11695,1.1172,7.60,1.00
2009.05.28 17:00:53.302,1.11695,1.1171,7.60,1.00
2009.05.28 17:00:53.543,1.11695,1.1171,7.60,1.00
2009.05.28 17:00:53.832,1.117,1.1171,10.00,4.80
2009.05.28 17:00:54.173,1.1169,1.1171,11.60,4.80
2009.05.28 17:00:54.682,1.11695,1.1171,13.60,4.80
2009.05.28 17:00:54.972,1.1169,1.1171,2.40,4.80
2009.05.28 17:00:55.252,1.1169,1.1171,1.20,2.20
2009.05.28 17:00:55.722,1.1168,1.1171,2.40,5.20
2009.05.28 17:00:56.232,1.1168,1.1171,4.20,3.80
2009.05.28 17:00:56.572,1.1168,1.1171,5.60,3.80
2009.05.28 17:00:56.741,1.1168,1.117,5.00,1.00
2009.05.28 17:00:57.251,1.1168,1.117,6.40,2.40
2009.05.28 17:00:57.591,1.1168,1.117,3.40,1.00
2009.05.28 17:00:57.871,1.1168,1.117,3.60,1.00
2009.05.28 17:00:58.391,1.1168,1.117,1.60,4.80
2009.05.28 17:00:58.561,1.1168,1.117,2.40,4.80
2009.05.28 17:00:58.851,1.1168,1.117,2.60,4.80
2009.05.28 17:00:59.261,1.1168,1.117,2.40,4.80
2009.05.28 17:01:00.120,1.1168,1.117,2.80,4.80
2009.05.28 17:01:00.410,1.1168,1.117,2.80,4.80
2009.05.28 17:01:00.991,1.1168,1.117,3.00,4.80
2009.05.28 17:01:01.271,1.1168,1.117,3.40,4.80
2009.05.28 17:01:01.560,1.1168,1.117,1.00,4.80
2009.05.28 17:01:01.920,1.1168,1.117,1.00,4.80
2009.05.28 17:01:02.100,1.1168,1.117,1.00,4.80
2009.05.28 17:01:02.330,1.1168,1.117,1.80,4.80
2009.05.28 17:01:02.740,1.1168,1.117,1.60,4.80
2009.05.28 17:01:03.150,1.1168,1.117,1.80,4.80
2009.05.28 17:01:03.320,1.1168,1.117,1.60,4.80
2009.05.28 17:01:03.720,1.1168,1.117,1.80,4.80
2009.05.28 17:01:05.519,1.1168,1.117,2.20,4.80
2009.05.28 17:01:05.699,1.1168,1.117,2.40,4.80
2009.05.28 17:01:06.059,1.1168,1.117,1.20,4.80
2009.05.28 17:01:06.629,1.1168,1.117,1.80,4.80
2009.05.28 17:01:07.319,1.1168,1.117,1.20,4.80
2009.05.28 17:01:07.609,1.1168,1.117,1.00,4.80
2009.05.28 17:01:07.840,1.1168,1.117,1.00,4.80
2009.05.28 17:01:08.069,1.11675,1.117,14.80,4.80
2009.05.28 17:01:10.118,1.11675,1.1169,13.60,4.80
2009.05.28 17:01:10.518,1.11675,1.1169,15.20,4.80
2009.05.28 17:01:17.176,1.11675,1.1168,14.00,1.00
2009.05.28 17:01:17.356,1.11655,1.1168,5.00,4.80
2009.05.28 17:01:17.746,1.11655,1.1168,3.40,4.80
2009.05.28 17:01:17.926,1.11655,1.1168,3.40,1.40
2009.05.28 17:01:21.195,1.1166,1.1167,2.80,1.60
2009.05.28 17:01:21.375,1.1166,1.1167,2.80,2.40
2009.05.28 17:01:21.485,1.1164,1.11675,6.60,6.40
2009.05.28 17:01:21.765,1.1164,1.11675,3.40,6.60
2009.05.28 17:01:22.105,1.1164,1.11685,3.80,6.60
2009.05.28 17:01:22.495,1.11645,1.11675,1.00,4.80
2009.05.28 17:01:22.835,1.1165,1.11675,1.00,5.00
2009.05.28 17:01:23.015,1.1165,1.11675,1.00,5.40
2009.05.28 17:01:23.295,1.1165,1.11675,1.00,4.80
2009.05.28 17:01:24.125,1.1165,1.11675,1.00,5.00
2009.05.28 17:01:24.415,1.1165,1.11675,1.00,5.40
2009.05.28 17:01:24.745,1.1165,1.1167,1.00,1.00
2009.05.28 17:01:25.034,1.1165,1.1167,3.40,4.80
2009.05.28 17:01:25.384,1.1165,1.1167,3.40,3.20
2009.05.28 17:01:25.605,1.1165,1.1167,3.40,4.80
2009.05.28 17:01:26.864,1.1165,1.1167,3.40,3.20
2009.05.28 17:01:27.374,1.1165,1.1166,3.40,1.20
2009.05.28 17:01:27.665,1.1165,1.1166,3.40,3.00
2009.05.28 17:01:27.774,1.1165,1.11665,2.80,7.20
2009.05.28 17:01:28.224,1.11645,1.11655,1.60,5.60
2009.05.28 17:01:28.514,1.1161,1.1165,2.40,2.00
2009.05.28 17:01:28.944,1.11605,1.1165,7.80,2.40
2009.05.28 17:01:29.233,1.11605,1.1165,7.20,2.60
2009.05.28 17:01:29.633,1.11615,1.1164,2.40,1.00
2009.05.28 17:01:29.983,1.1161,1.1164,2.40,1.40
2009.05.28 17:01:30.793,1.1161,1.1164,2.40,2.40
2009.05.28 17:01:31.233,1.1161,1.1164,2.40,2.00
2009.05.28 17:01:31.473,1.1161,1.1164,2.40,2.40
2009.05.28 17:01:31.823,1.1161,1.1163,8.80,4.80
2009.05.28 17:01:32.293,1.1159,1.11625,2.40,1.00
2009.05.28 17:01:32.583,1.11585,1.11615,3.80,1.00
2009.05.28 17:01:33.043,1.1158,1.1161,8.40,3.00
2009.05.28 17:01:33.383,1.1158,1.1161,5.00,4.20
2009.05.28 17:01:33.682,1.1158,1.116,2.20,1.00
2009.05.28 17:01:34.132,1.1158,1.116,1.60,1.00
2009.05.28 17:01:34.833,1.1158,1.116,3.60,1.00
2009.05.28 17:01:35.332,1.11575,1.1162,6.00,7.80
2009.05.28 17:01:35.672,1.1159,1.11615,1.20,1.00
2009.05.28 17:01:36.072,1.116,1.11625,1.80,4.80
2009.05.28 17:01:36.542,1.116,1.1163,3.20,5.60
2009.05.28 17:01:36.782,1.11625,1.1163,1.60,5.60
2009.05.28 17:01:37.302,1.11625,1.11635,2.80,5.60
2009.05.28 17:01:37.662,1.11635,1.1166,2.60,6.50
2009.05.28 17:01:38.181,1.1164,1.11645,2.60,5.60
2009.05.28 17:01:38.761,1.1164,1.11645,2.60,5.60
2009.05.28 17:01:39.001,1.1164,1.1165,2.20,5.60
2009.05.28 17:01:39.981,1.1164,1.11655,2.80,5.60
2009.05.28 17:01:40.551,1.1164,1.11655,3.00,5.60
2009.05.28 17:01:40.831,1.1165,1.11655,1.00,5.30
2009.05.28 17:01:41.221,1.1164,1.1166,3.20,5.60
2009.05.28 17:01:41.631,1.1164,1.1165,2.60,4.80
2009.05.28 17:01:41.990,1.1164,1.1165,2.40,1.60
2009.05.28 17:01:42.280,1.1164,1.11685,2.40,11.20
2009.05.28 17:01:42.730,1.11655,1.11685,6.40,5.60
2009.05.28 17:01:43.150,1.11675,1.1169,1.20,5.60
2009.05.28 17:01:43.410,1.11695,1.11705,1.20,6.80
2009.05.28 17:01:43.650,1.11695,1.11715,3.00,3.00
2009.05.28 17:01:44.160,1.11695,1.11715,3.20,4.80
2009.05.28 17:01:44.500,1.1169,1.11705,3.20,1.00
2009.05.28 17:01:44.850,1.1168,1.117,2.40,1.80
2009.05.28 17:01:45.380,1.1169,1.1172,1.20,6.10
2009.05.28 17:01:45.720,1.1169,1.11695,1.60,5.60
2009.05.28 17:01:46.120,1.1169,1.11695,1.60,5.60
2009.05.28 17:01:46.339,1.1169,1.11715,1.80,2.60
2009.05.28 17:01:46.619,1.117,1.11715,2.40,1.80
2009.05.28 17:01:46.909,1.117,1.11735,5.60,4.80
2009.05.28 17:01:47.369,1.117,1.11735,3.20,2.60
2009.05.28 17:01:47.719,1.11695,1.11715,6.00,2.40
2009.05.28 17:01:47.889,1.11695,1.11715,3.20,2.20
2009.05.28 17:01:48.539,1.117,1.11725,1.00,1.00
2009.05.28 17:01:48.939,1.11695,1.1172,3.20,1.00
2009.05.28 17:01:49.269,1.117,1.1172,1.00,1.00
2009.05.28 17:01:49.748,1.11695,1.1172,3.20,1.60
2009.05.28 17:01:50.759,1.11695,1.11705,3.20,5.60
2009.05.28 17:01:51.298,1.11695,1.1172,3.20,5.60
2009.05.28 17:01:51.648,1.11695,1.1173,3.20,7.40
2009.05.28 17:01:52.228,1.11695,1.11725,3.20,1.60
2009.05.28 17:01:52.508,1.1171,1.1172,2.80,2.00
2009.05.28 17:01:52.748,1.1171,1.1173,2.80,6.20
2009.05.28 17:01:53.038,1.1171,1.1173,3.80,5.60
2009.05.28 17:01:53.438,1.1171,1.1172,6.00,1.80
2009.05.28 17:01:53.778,1.1169,1.11725,13.20,2.00
2009.05.28 17:01:54.168,1.1169,1.11725,13.20,1.20
2009.05.28 17:01:54.798,1.117,1.1172,1.00,1.20
2009.05.28 17:01:55.137,1.11695,1.1172,13.20,1.20
2009.05.28 17:01:57.357,1.117,1.1173,1.20,4.80
2009.05.28 17:01:57.767,1.117,1.11715,2.40,4.80
2009.05.28 17:01:58.167,1.1171,1.1172,1.00,1.00
2009.05.28 17:01:58.447,1.1171,1.11725,3.40,1.00
2009.05.28 17:01:58.746,1.11725,1.11745,1.20,2.60
2009.05.28 17:01:59.046,1.11725,1.11745,2.00,2.60
2009.05.28 17:01:59.386,1.11725,1.11755,2.40,3.00
2009.05.28 17:01:59.736,1.11725,1.11755,2.40,3.20
2009.05.28 17:02:00.076,1.1172,1.1175,5.40,4.80
2009.05.28 17:02:00.546,1.11715,1.1174,4.20,4.80
2009.05.28 17:02:00.896,1.11715,1.1174,5.40,1.00
2009.05.28 17:02:01.136,1.11715,1.1175,11.60,4.80
2009.05.28 17:02:01.546,1.11715,1.1174,11.60,1.00
2009.05.28 17:02:01.666,1.11715,1.1174,11.60,1.20
2009.05.28 17:02:02.006,1.11715,1.1174,11.60,2.60
2009.05.28 17:02:02.296,1.11715,1.1173,11.60,2.20
2009.05.28 17:02:02.805,1.11715,1.1172,7.20,1.00
2009.05.28 17:02:03.096,1.11705,1.1171,9.20,2.00
2009.05.28 17:02:03.415,1.11695,1.117,2.80,2.00
2009.05.28 17:02:03.915,1.1169,1.117,7.60,5.20
2009.05.28 17:02:04.315,1.1165,1.1169,2.60,4.80
2009.05.28 17:02:04.835,1.1165,1.11695,2.40,2.40
2009.05.28 17:02:05.415,1.11655,1.1168,1.60,4.80
2009.05.28 17:02:05.705,1.1165,1.11685,9.80,1.40
2009.05.28 17:02:05.985,1.1165,1.1168,6.40,4.80
2009.05.28 17:02:06.605,1.11645,1.11665,16.00,1.00
2009.05.28 17:02:06.835,1.11645,1.11665,13.20,1.00
2009.05.28 17:02:07.064,1.11645,1.11665,10.20,1.00
2009.05.28 17:02:07.294,1.11645,1.11665,8.60,1.00
2009.05.28 17:02:07.594,1.11645,1.11665,5.00,3.00
2009.05.28 17:02:08.004,1.1164,1.1165,4.80,1.20
2009.05.28 17:02:08.524,1.1163,1.1164,1.00,4.80
2009.05.28 17:02:08.864,1.1161,1.1164,1.20,1.40
2009.05.28 17:02:09.154,1.11605,1.1164,7.00,1.40
2009.05.28 17:02:09.564,1.11605,1.1164,7.00,1.00
2009.05.28 17:02:09.914,1.11625,1.1164,1.00,1.00
2009.05.28 17:02:10.154,1.11625,1.1164,2.80,1.00
2009.05.28 17:02:10.513,1.11625,1.1165,3.20,1.00
2009.05.28 17:02:10.864,1.11625,1.1167,3.00,8.60
2009.05.28 17:02:11.324,1.1164,1.1166,1.80,4.80
2009.05.28 17:02:11.673,1.1164,1.1167,2.40,5.60
2009.05.28 17:02:11.953,1.1164,1.11665,3.40,4.80
2009.05.28 17:02:12.193,1.1164,1.1166,3.40,1.80
2009.05.28 17:02:12.543,1.11655,1.1167,1.20,1.00
2009.05.28 17:02:13.343,1.11655,1.11665,1.20,4.80
2009.05.28 17:02:13.743,1.1166,1.1167,1.20,1.00
2009.05.28 17:02:13.973,1.1166,1.11665,1.20,4.80
2009.05.28 17:02:14.193,1.1166,1.11665,1.00,4.80
2009.05.28 17:02:14.663,1.1166,1.1167,1.00,1.00
2009.05.28 17:02:14.953,1.1166,1.1167,1.20,1.00
2009.05.28 17:02:15.232,1.1165,1.11655,1.00,4.80
2009.05.28 17:02:15.692,1.11625,1.11655,8.60,4.80
2009.05.28 17:02:16.202,1.11625,1.11655,1.20,4.80
2009.05.28 17:02:16.532,1.11625,1.1164,1.00,4.80
2009.05.28 17:02:16.822,1.1162,1.1164,1.20,2.60
2009.05.28 17:02:17.002,1.1162,1.1164,1.20,2.00
2009.05.28 17:02:17.282,1.1162,1.1164,1.20,2.80
2009.05.28 17:02:17.762,1.1161,1.1163,1.20,1.00
2009.05.28 17:02:18.222,1.1161,1.1163,1.20,1.00
2009.05.28 17:02:18.582,1.1161,1.11615,1.20,2.40
2009.05.28 17:02:18.852,1.1159,1.11615,1.20,2.60
2009.05.28 17:02:19.201,1.11585,1.11615,1.20,2.40
2009.05.28 17:02:19.661,1.11585,1.11615,3.40,3.20
2009.05.28 17:02:20.011,1.1159,1.11615,3.60,3.20
2009.05.28 17:02:20.681,1.1159,1.11615,3.80,3.20
2009.05.28 17:02:21.021,1.116,1.1162,1.00,8.20
2009.05.28 17:02:21.441,1.116,1.1164,2.00,5.80
2009.05.28 17:02:21.781,1.116,1.11635,1.60,3.20
2009.05.28 17:02:21.951,1.1159,1.11625,3.20,1.00
2009.05.28 17:02:22.121,1.1159,1.11625,2.40,2.40
2009.05.28 17:02:22.461,1.1159,1.1162,2.40,2.60
2009.05.28 17:02:22.741,1.1159,1.1161,1.40,3.60
2009.05.28 17:02:22.981,1.1158,1.1161,3.20,4.80
2009.05.28 17:02:23.511,1.1158,1.1161,3.20,4.60
2009.05.28 17:02:23.850,1.1158,1.1161,2.40,4.60
2009.05.28 17:02:24.370,1.1158,1.1161,2.40,4.80
2009.05.28 17:02:24.710,1.1158,1.1161,2.80,4.40
2009.05.28 17:02:24.990,1.1158,1.1161,3.20,4.40
2009.05.28 17:02:25.390,1.1158,1.116,1.40,1.00
2009.05.28 17:02:25.800,1.1158,1.1159,1.00,1.00
2009.05.28 17:02:27.340,1.1158,1.1159,2.60,1.00
2009.05.28 17:02:27.629,1.1158,1.116,3.00,2.60
2009.05.28 17:02:27.910,1.11595,1.1161,1.00,1.00
2009.05.28 17:02:28.080,1.11595,1.1161,1.00,1.00
2009.05.28 17:02:28.319,1.11595,1.1162,2.40,4.80
2009.05.28 17:02:28.609,1.11595,1.1162,2.20,1.00
2009.05.28 17:02:28.839,1.11615,1.1163,1.00,6.40
2009.05.28 17:02:29.359,1.11615,1.11635,1.20,6.40
2009.05.28 17:02:29.759,1.11615,1.1163,1.20,1.00
2009.05.28 17:02:31.259,1.1162,1.1163,1.00,1.00
2009.05.28 17:02:31.438,1.1162,1.11625,1.00,4.80
2009.05.28 17:02:31.659,1.1161,1.1162,1.20,1.00
2009.05.28 17:02:31.839,1.1162,1.11625,1.00,3.10
2009.05.28 17:02:32.259,1.1162,1.11625,1.20,3.10
2009.05.28 17:02:32.548,1.1162,1.1163,1.00,3.60
2009.05.28 17:02:33.068,1.1161,1.11625,1.20,4.80
2009.05.28 17:02:33.298,1.1161,1.1162,1.20,4.80
2009.05.28 17:02:34.098,1.11585,1.1161,7.60,3.40
2009.05.28 17:02:34.448,1.11575,1.1161,2.60,5.80
2009.05.28 17:02:34.798,1.11575,1.11615,1.60,9.00
2009.05.28 17:02:35.098,1.11575,1.11605,1.00,4.80
2009.05.28 17:02:35.388,1.11555,1.1159,3.60,4.80
2009.05.28 17:02:35.748,1.11555,1.11595,7.00,3.20
2009.05.28 17:02:36.087,1.11555,1.11595,8.20,3.20
2009.05.28 17:02:36.327,1.11555,1.11595,11.40,3.20
2009.05.28 17:02:36.988,1.1156,1.11585,11.40,4.80
2009.05.28 17:02:37.207,1.1156,1.1159,7.00,4.60
2009.05.28 17:02:37.437,1.11555,1.1159,6.20,4.00
2009.05.28 17:02:37.787,1.11555,1.11585,6.20,4.80
2009.05.28 17:02:38.077,1.1156,1.11585,2.40,4.80
2009.05.28 17:02:38.428,1.1156,1.1159,2.40,3.20
2009.05.28 17:02:38.767,1.1156,1.11585,2.40,4.80
2009.05.28 17:02:39.007,1.11555,1.11585,6.00,4.80
2009.05.28 17:02:39.527,1.1156,1.1159,3.60,4.60
2009.05.28 17:02:39.816,1.1156,1.1159,3.80,3.20
2009.05.28 17:02:40.166,1.1156,1.1159,2.40,3.20
2009.05.28 17:02:40.406,1.1156,1.1159,2.40,3.00
2009.05.28 17:02:40.676,1.1156,1.1158,12.40,4.80
2009.05.28 17:02:41.256,1.1156,1.1158,12.60,4.80
2009.05.28 17:02:41.376,1.1156,1.1158,3.20,4.80
2009.05.28 17:02:41.776,1.1156,1.1158,3.00,4.80
2009.05.28 17:02:42.926,1.11555,1.1158,13.40,4.80
2009.05.28 17:02:43.106,1.11555,1.11565,3.20,4.80
2009.05.28 17:02:43.226,1.1155,1.11565,6.00,4.80
2009.05.28 17:02:43.456,1.11545,1.11575,10.80,9.00
2009.05.28 17:02:43.746,1.1154,1.11565,13.00,4.80
2009.05.28 17:02:44.156,1.1154,1.11565,7.00,4.80
2009.05.28 17:02:44.436,1.1154,1.1156,6.80,4.80
2009.05.28 17:02:44.665,1.1154,1.1156,6.60,4.80
2009.05.28 17:02:44.905,1.1154,1.1156,5.80,4.80
2009.05.28 17:02:45.265,1.1155,1.1156,1.80,4.80
2009.05.28 17:02:45.605,1.1155,1.1156,3.40,4.80
2009.05.28 17:02:45.775,1.1155,1.1156,3.20,4.80
2009.05.28 17:02:46.265,1.1155,1.1156,3.40,4.80
2009.05.28 17:02:46.945,1.1156,1.1157,1.20,6.00
2009.05.28 17:02:47.115,1.1156,1.11565,1.20,2.40
2009.05.28 17:02:47.595,1.1157,1.11585,1.00,4.80
2009.05.28 17:02:47.765,1.1157,1.11585,1.20,4.80
2009.05.28 17:02:50.924,1.1158,1.1159,1.20,4.80
2009.05.28 17:02:51.164,1.1158,1.1161,1.20,12.40
2009.05.28 17:02:51.444,1.1159,1.1161,1.00,10.20
2009.05.28 17:02:51.684,1.1159,1.11605,1.00,4.80
2009.05.28 17:02:51.964,1.1159,1.1161,1.00,1.00
2009.05.28 17:02:52.254,1.116,1.11615,1.00,8.60
2009.05.28 17:02:52.584,1.116,1.1161,1.00,3.80
2009.05.28 17:02:53.114,1.1159,1.11615,1.00,8.20
2009.05.28 17:02:53.583,1.1159,1.11615,1.00,9.20
2009.05.28 17:02:54.284,1.11595,1.11605,1.00,5.80
2009.05.28 17:02:54.583,1.11575,1.11605,3.40,8.40
2009.05.28 17:02:54.913,1.11575,1.1161,3.40,12.60
2009.05.28 17:02:55.203,1.11575,1.1161,3.40,13.20
2009.05.28 17:02:55.673,1.1158,1.11595,3.40,1.00
2009.05.28 17:02:56.132,1.1158,1.11595,3.40,3.00
2009.05.28 17:02:56.482,1.1158,1.11595,3.20,3.00
2009.05.28 17:02:56.772,1.1158,1.1159,3.20,3.00
2009.05.28 17:02:57.172,1.1158,1.11595,3.20,11.00
2009.05.28 17:02:57.532,1.1158,1.11585,3.20,1.00
2009.05.28 17:02:57.832,1.1158,1.11595,3.20,4.80
2009.05.28 17:02:58.122,1.1158,1.11585,3.20,1.00
2009.05.28 17:02:58.642,1.1158,1.1159,3.20,4.80
2009.05.28 17:02:59.562,1.1158,1.1159,3.60,1.60
2009.05.28 17:02:59.802,1.1158,1.1159,3.20,1.20
2009.05.28 17:03:00.172,1.1158,1.116,3.20,4.80
2009.05.28 17:03:00.342,1.1158,1.11605,3.60,10.80
2009.05.28 17:03:00.571,1.1158,1.11595,3.60,2.20
2009.05.28 17:03:00.921,1.1158,1.11595,3.60,4.60
2009.05.28 17:03:01.091,1.1158,1.11595,3.20,4.80
2009.05.28 17:03:02.831,1.1158,1.11595,3.20,6.60
2009.05.28 17:03:03.071,1.1158,1.11595,3.60,7.40
2009.05.28 17:03:03.311,1.1158,1.11595,3.60,4.20
2009.05.28 17:03:03.541,1.1158,1.11605,3.60,10.60
2009.05.28 17:03:03.821,1.1158,1.11605,4.40,4.80
2009.05.28 17:03:04.041,1.1158,1.11605,5.20,4.80
2009.05.28 17:03:04.601,1.1159,1.1163,4.00,8.00
2009.05.28 17:03:04.931,1.116,1.11625,1.60,1.00
2009.05.28 17:03:05.291,1.116,1.1164,2.20,9.40
2009.05.28 17:03:05.640,1.116,1.11635,3.60,1.00
2009.05.28 17:03:06.240,1.116,1.11635,4.00,1.00
2009.05.28 17:03:06.420,1.116,1.1163,2.80,1.00
2009.05.28 17:03:06.700,1.116,1.1163,1.00,2.60
2009.05.28 17:03:06.870,1.1159,1.11635,12.40,8.60
2009.05.28 17:03:07.170,1.1159,1.1163,12.00,4.80
2009.05.28 17:03:07.510,1.1159,1.11625,11.20,4.80
2009.05.28 17:03:07.870,1.1159,1.11625,8.00,4.80
2009.05.28 17:03:08.250,1.1159,1.11625,4.80,4.80
2009.05.28 17:03:08.610,1.1159,1.1162,2.40,4.80
2009.05.28 17:03:09.010,1.1159,1.1161,2.40,1.00
2009.05.28 17:03:09.290,1.1159,1.1161,1.00,4.40
2009.05.28 17:03:09.519,1.1159,1.11615,1.00,9.40
2009.05.28 17:03:09.929,1.1159,1.11615,1.00,9.60
2009.05.28 17:03:10.359,1.1159,1.11605,1.00,4.80
2009.05.28 17:03:10.689,1.1158,1.11595,3.20,3.80
2009.05.28 17:03:11.209,1.11555,1.11595,4.80,4.80
2009.05.28 17:03:11.379,1.11555,1.1158,4.80,3.60
2009.05.28 17:03:11.829,1.11555,1.1158,4.80,4.80
2009.05.28 17:03:13.009,1.1156,1.1158,4.40,4.80
2009.05.28 17:03:13.919,1.11565,1.11585,1.20,7.20
2009.05.28 17:03:14.138,1.11565,1.11585,2.80,4.80
2009.05.28 17:03:14.428,1.11565,1.1159,1.20,5.60
2009.05.28 17:03:14.598,1.1156,1.1159,4.40,4.80
2009.05.28 17:03:15.108,1.1156,1.1158,4.40,1.00
2009.05.28 17:03:15.798,1.11565,1.1159,1.80,4.80
2009.05.28 17:03:16.138,1.1157,1.116,1.00,4.80
2009.05.28 17:03:16.378,1.1158,1.11605,1.00,12.60
2009.05.28 17:03:16.998,1.1158,1.116,1.00,4.80
2009.05.28 17:03:18.608,1.1159,1.11605,1.00,3.20
2009.05.28 17:03:18.837,1.1158,1.1161,2.80,4.80
2009.05.28 17:03:19.527,1.1158,1.1161,2.80,4.40
2009.05.28 17:03:19.747,1.1158,1.11615,2.80,9.20
2009.05.28 17:03:19.977,1.1158,1.11615,2.60,9.20
2009.05.28 17:03:20.157,1.1158,1.11615,1.60,9.40
2009.05.28 17:03:20.776,1.1158,1.11615,1.60,9.40
2009.05.28 17:03:20.957,1.1158,1.1161,1.80,6.40
2009.05.28 17:03:21.126,1.1158,1.11615,3.00,9.20
2009.05.28 17:03:21.617,1.1158,1.1161,3.00,4.80
2009.05.28 17:03:21.796,1.1158,1.11595,3.00,4.80
2009.05.28 17:03:21.906,1.1158,1.11605,2.40,7.20
2009.05.28 17:03:22.196,1.1158,1.11605,2.20,7.20
2009.05.28 17:03:22.426,1.1158,1.11605,2.60,7.20
2009.05.28 17:03:22.486,1.1158,1.11605,2.60,7.20
2009.05.28 17:03:22.777,1.11575,1.116,12.00,4.80
2009.05.28 17:03:22.836,1.11575,1.11595,12.00,6.20
2009.05.28 17:03:23.266,1.11575,1.11585,7.20,4.80
2009.05.28 17:03:23.566,1.11555,1.11585,6.00,4.80
2009.05.28 17:03:23.897,1.11555,1.11575,4.40,1.20
2009.05.28 17:03:24.356,1.11555,1.11575,4.40,1.20
2009.05.28 17:03:24.746,1.1156,1.1157,2.80,2.00
2009.05.28 17:03:25.096,1.1156,1.1157,1.60,2.40
2009.05.28 17:03:25.376,1.1155,1.1156,4.40,1.00
2009.05.28 17:03:26.235,1.1155,1.1156,4.40,3.40
2009.05.28 17:03:26.415,1.1155,1.1156,4.40,3.80
2009.05.28 17:03:26.595,1.1154,1.1155,6.20,1.00
2009.05.28 17:03:26.876,1.11515,1.1155,1.00,3.00
2009.05.28 17:03:27.155,1.1151,1.1155,6.60,4.80
2009.05.28 17:03:27.395,1.1151,1.11545,1.00,8.00
2009.05.28 17:03:27.725,1.1151,1.11535,1.00,1.00
2009.05.28 17:03:27.965,1.1152,1.11535,1.00,4.80
2009.05.28 17:03:28.205,1.1151,1.11535,1.80,1.00
2009.05.28 17:03:28.725,1.115,1.1153,2.40,2.60
2009.05.28 17:03:29.055,1.1151,1.1153,2.80,4.80
2009.05.28 17:03:29.415,1.11505,1.1152,6.00,1.00
2009.05.28 17:03:30.385,1.1147,1.11505,4.40,2.80
2009.05.28 17:03:30.624,1.1147,1.11505,1.00,3.40
2009.05.28 17:03:30.904,1.1146,1.11505,1.00,4.20
2009.05.28 17:03:31.264,1.1146,1.1151,1.00,11.40
2009.05.28 17:03:31.664,1.1148,1.115,1.00,7.40
2009.05.28 17:03:32.064,1.1149,1.115,1.00,6.80
2009.05.28 17:03:32.484,1.1149,1.11505,1.00,5.60
2009.05.28 17:03:32.654,1.1149,1.115,1.00,2.60
2009.05.28 17:03:33.184,1.1148,1.115,3.60,1.60
2009.05.28 17:03:33.405,1.1148,1.1152,5.00,6.80
2009.05.28 17:03:33.644,1.1148,1.1152,5.00,7.20
2009.05.28 17:03:33.994,1.1148,1.1152,5.00,7.40
2009.05.28 17:03:34.343,1.1148,1.11505,3.60,1.00
2009.05.28 17:03:34.864,1.11475,1.11505,4.40,6.00
2009.05.28 17:03:35.253,1.1147,1.11505,3.20,8.00
2009.05.28 17:03:35.553,1.1147,1.115,3.20,8.60
2009.05.28 17:03:35.893,1.1147,1.115,1.20,9.20
2009.05.28 17:03:36.253,1.1147,1.1149,2.20,2.60
2009.05.28 17:03:36.603,1.1147,1.1149,1.00,1.00
2009.05.28 17:03:36.943,1.11475,1.115,3.20,4.80
2009.05.28 17:03:37.343,1.11475,1.115,3.80,7.60
2009.05.28 17:03:37.693,1.11475,1.115,3.80,5.80
2009.05.28 17:03:37.924,1.1148,1.115,1.80,4.00
2009.05.28 17:03:38.442,1.1148,1.115,1.20,4.00
2009.05.28 17:03:39.312,1.1149,1.115,1.20,4.00
2009.05.28 17:03:39.782,1.1149,1.115,1.20,2.00
2009.05.28 17:03:40.172,1.1149,1.115,1.00,2.00
2009.05.28 17:03:40.632,1.1148,1.115,1.20,2.00
2009.05.28 17:03:40.872,1.11475,1.115,3.80,5.40
2009.05.28 17:03:41.172,1.1149,1.115,6.00,4.80
2009.05.28 17:03:41.532,1.1149,1.1152,6.00,8.80
2009.05.28 17:03:41.832,1.11495,1.1152,1.00,8.80
2009.05.28 17:03:42.172,1.1149,1.1152,6.00,9.00
2009.05.28 17:03:42.341,1.11495,1.1152,8.80,9.00
2009.05.28 17:03:42.652,1.115,1.11515,1.00,9.00
2009.05.28 17:03:42.991,1.115,1.11515,1.20,9.00
2009.05.28 17:03:43.341,1.115,1.11505,1.00,2.60
2009.05.28 17:03:43.681,1.11475,1.11505,3.20,2.60
2009.05.28 17:03:43.841,1.11475,1.11505,2.60,4.80
2009.05.28 17:03:44.011,1.11475,1.11505,2.20,4.80
2009.05.28 17:03:44.191,1.11475,1.11505,1.80,4.80
2009.05.28 17:03:44.701,1.11475,1.115,10.00,4.80
2009.05.28 17:03:45.041,1.11475,1.115,3.80,8.60
2009.05.28 17:03:45.281,1.11475,1.115,3.80,8.80
2009.05.28 17:03:45.511,1.1147,1.1149,8.00,1.00
2009.05.28 17:03:45.921,1.1147,1.1149,1.20,2.60
2009.05.28 17:03:48.030,1.1147,1.1149,1.00,1.20
2009.05.28 17:03:48.250,1.1147,1.1149,1.00,1.60
2009.05.28 17:03:48.600,1.1147,1.11495,1.00,9.40
2009.05.28 17:03:49.260,1.1147,1.11495,1.00,9.60
2009.05.28 17:03:50.250,1.1147,1.11495,1.00,9.40
2009.05.28 17:03:50.470,1.11465,1.11495,3.40,6.00
2009.05.28 17:03:50.940,1.1147,1.1149,1.20,4.80
2009.05.28 17:03:51.689,1.1146,1.1149,5.40,1.20
2009.05.28 17:03:52.319,1.11475,1.1149,1.00,1.00
2009.05.28 17:03:52.619,1.11475,1.115,1.20,4.80
2009.05.28 17:03:52.839,1.11475,1.11485,1.20,4.80
2009.05.28 17:03:53.239,1.11455,1.11495,6.00,4.80
2009.05.28 17:03:53.639,1.1145,1.11495,7.00,4.80
2009.05.28 17:03:54.079,1.11455,1.1148,5.40,8.00
2009.05.28 17:03:54.419,1.11475,1.1149,1.00,1.60
2009.05.28 17:03:54.648,1.11485,1.1151,1.00,8.40
2009.05.28 17:03:54.938,1.11485,1.1151,1.00,8.40
2009.05.28 17:03:55.219,1.11485,1.1151,1.20,6.00
2009.05.28 17:03:55.568,1.1149,1.11525,1.00,18.80
2009.05.28 17:03:56.068,1.115,1.11525,1.00,4.80
2009.05.28 17:03:56.419,1.115,1.11525,1.20,4.80
2009.05.28 17:03:56.818,1.115,1.1152,1.00,4.80
2009.05.28 17:03:57.048,1.1149,1.11515,1.20,4.80
2009.05.28 17:03:57.408,1.11465,1.11505,8.40,10.60
2009.05.28 17:03:57.748,1.11465,1.11505,4.80,10.60
2009.05.28 17:03:58.168,1.11465,1.11505,3.20,10.40
2009.05.28 17:03:58.568,1.1147,1.11505,1.20,10.40
2009.05.28 17:03:58.928,1.1147,1.11505,2.00,10.40
2009.05.28 17:03:59.217,1.1147,1.11505,1.20,10.40
2009.05.28 17:03:59.497,1.1147,1.11505,1.20,11.00
2009.05.28 17:03:59.737,1.1147,1.11505,1.20,11.00
2009.05.28 17:03:59.907,1.1147,1.11505,2.20,11.00
2009.05.28 17:04:00.257,1.1147,1.11505,2.40,11.00
2009.05.28 17:04:00.427,1.1147,1.11505,2.40,11.00
2009.05.28 17:04:00.647,1.1147,1.11505,3.00,11.00
2009.05.28 17:04:00.997,1.1147,1.11505,1.80,11.00
2009.05.28 17:04:02.037,1.1147,1.11505,1.80,11.00
2009.05.28 17:04:02.497,1.1147,1.11505,2.20,11.00
2009.05.28 17:04:02.726,1.1147,1.11505,2.40,11.00
2009.05.28 17:04:03.367,1.1147,1.11495,1.20,3.60
2009.05.28 17:04:03.536,1.1147,1.11495,1.20,4.80
2009.05.28 17:04:03.947,1.1147,1.115,1.20,9.60
2009.05.28 17:04:04.286,1.1147,1.115,1.20,8.80
2009.05.28 17:04:04.936,1.11465,1.11495,1.20,8.80
2009.05.28 17:04:06.405,1.11465,1.11495,1.20,8.60
2009.05.28 17:04:06.516,1.11465,1.11495,1.20,8.60
2009.05.28 17:04:07.635,1.1147,1.11495,2.60,6.60
2009.05.28 17:04:07.805,1.1147,1.1149,2.80,4.80
2009.05.28 17:04:08.036,1.1147,1.11495,2.40,4.80
2009.05.28 17:04:08.385,1.11475,1.11505,1.20,10.20
2009.05.28 17:04:09.705,1.11475,1.11505,1.20,11.20
2009.05.28 17:04:10.265,1.11475,1.115,1.20,4.80
2009.05.28 17:04:10.665,1.1147,1.11505,1.80,11.20
2009.05.28 17:04:11.135,1.1147,1.11505,3.00,10.80
2009.05.28 17:04:11.475,1.1147,1.11505,3.20,11.20
2009.05.28 17:04:11.795,1.1147,1.115,3.80,4.80
2009.05.28 17:04:11.974,1.11475,1.115,1.20,4.80
2009.05.28 17:04:12.784,1.1148,1.11505,5.40,3.20
2009.05.28 17:04:13.004,1.1148,1.11525,6.60,5.80
2009.05.28 17:04:13.304,1.1149,1.11525,1.20,4.80
2009.05.28 17:04:13.944,1.1148,1.11515,11.80,1.00
2009.05.28 17:04:14.404,1.1148,1.11515,10.60,2.60
2009.05.28 17:04:14.794,1.1148,1.1152,5.60,4.80
2009.05.28 17:04:16.923,1.1148,1.1152,5.00,4.80
2009.05.28 17:04:17.033,1.1148,1.1152,4.80,4.80
2009.05.28 17:04:17.313,1.1148,1.1152,6.40,4.80
2009.05.28 17:04:17.423,1.1149,1.1152,1.20,4.80
2009.05.28 17:04:17.703,1.1149,1.1152,2.60,4.80
2009.05.28 17:04:18.443,1.1149,1.1152,1.20,4.80
2009.05.28 17:04:18.623,1.1148,1.1152,6.40,4.80
2009.05.28 17:04:20.042,1.1149,1.1152,6.40,4.80
2009.05.28 17:04:20.162,1.1149,1.1152,7.20,4.80
2009.05.28 17:04:20.392,1.1149,1.11525,7.20,5.60
2009.05.28 17:04:20.572,1.1149,1.1153,3.80,4.80
2009.05.28 17:04:21.292,1.1151,1.1153,1.00,4.80
2009.05.28 17:04:21.632,1.1149,1.1153,7.00,4.80
2009.05.28 17:04:22.152,1.1151,1.1153,1.00,4.80
2009.05.28 17:04:22.542,1.1152,1.1153,1.00,4.80
2009.05.28 17:04:22.952,1.1152,1.1153,1.20,4.80
2009.05.28 17:04:23.182,1.1152,1.1153,3.20,4.80
2009.05.28 17:04:23.602,1.1152,1.1155,4.00,2.60
2009.05.28 17:04:23.881,1.1152,1.11555,4.00,4.80
2009.05.28 17:04:24.231,1.1152,1.11545,4.00,1.20
2009.05.28 17:04:24.731,1.1152,1.1154,3.00,1.20
2009.05.28 17:04:25.081,1.1152,1.1154,4.00,1.20
2009.05.28 17:04:25.311,1.1152,1.1154,3.00,1.20
2009.05.28 17:04:25.921,1.1152,1.1154,3.20,1.20
2009.05.28 17:04:26.161,1.1152,1.1154,3.80,1.20
2009.05.28 17:04:26.501,1.1152,1.1154,3.20,1.60
2009.05.28 17:04:26.901,1.1152,1.1154,2.80,1.20
2009.05.28 17:04:27.241,1.1152,1.1155,4.00,4.80
2009.05.28 17:04:28.540,1.1153,1.1155,1.00,4.80
2009.05.28 17:04:28.760,1.1153,1.1155,1.20,4.80
2009.05.28 17:04:28.930,1.1152,1.1155,4.00,4.80
2009.05.28 17:04:31.350,1.1152,1.1155,3.80,4.80
2009.05.28 17:04:31.590,1.1152,1.1155,3.60,4.80
2009.05.28 17:04:32.399,1.1152,1.1155,3.80,4.80
2009.05.28 17:04:32.580,1.1152,1.1155,4.00,4.80
2009.05.28 17:04:33.639,1.1152,1.1155,3.80,4.80
2009.05.28 17:04:33.979,1.1152,1.1155,4.00,4.80
2009.05.28 17:04:36.818,1.1153,1.1155,1.20,4.80
2009.05.28 17:04:37.270,1.1153,1.1155,1.80,4.80
2009.05.28 17:04:37.558,1.1153,1.1155,2.40,4.80
2009.05.28 17:04:37.858,1.1153,1.1155,4.40,4.80
2009.05.28 17:04:38.098,1.1153,1.1155,4.20,4.80
2009.05.28 17:04:38.378,1.1153,1.1155,5.40,4.80
2009.05.28 17:04:39.228,1.1154,1.1155,3.00,4.80
2009.05.28 17:04:39.688,1.1155,1.11555,1.80,3.40
2009.05.28 17:04:40.148,1.1155,1.1159,3.20,4.80
2009.05.28 17:04:40.447,1.1155,1.1159,9.80,1.80
2009.05.28 17:04:42.307,1.1155,1.1158,9.80,2.40
2009.05.28 17:04:43.627,1.1155,1.1158,6.60,3.80
2009.05.28 17:04:43.867,1.11545,1.1158,7.60,4.80
2009.05.28 17:04:44.207,1.1154,1.11565,5.40,2.20
2009.05.28 17:04:44.497,1.1154,1.11565,3.80,2.20
2009.05.28 17:04:44.846,1.1154,1.11565,3.80,2.40
2009.05.28 17:04:45.576,1.1154,1.1155,1.00,2.40
2009.05.28 17:04:45.856,1.1153,1.1155,11.20,2.40
2009.05.28 17:04:46.216,1.1153,1.1155,6.00,2.40
2009.05.28 17:04:46.686,1.1154,1.1156,3.20,2.40
2009.05.28 17:04:47.036,1.1154,1.1155,1.20,1.00
2009.05.28 17:04:47.376,1.1153,1.1155,5.40,2.20
2009.05.28 17:04:47.816,1.1153,1.1155,4.80,2.20
2009.05.28 17:04:50.006,1.1153,1.1155,4.20,2.80
2009.05.28 17:04:50.645,1.1153,1.1154,5.00,2.40
2009.05.28 17:04:50.885,1.1153,1.1154,5.60,2.00
2009.05.28 17:04:51.225,1.1153,1.1155,5.20,1.20
2009.05.28 17:04:51.685,1.1153,1.1155,5.40,1.60
2009.05.28 17:04:51.905,1.1153,1.1154,4.80,1.20
2009.05.28 17:04:52.145,1.1153,1.1154,4.40,1.20
2009.05.28 17:04:52.485,1.1153,1.1155,4.40,2.20
2009.05.28 17:04:52.885,1.1153,1.1155,4.60,2.20
2009.05.28 17:04:53.114,1.1153,1.1154,1.80,4.00
2009.05.28 17:04:53.385,1.11525,1.1154,13.20,5.00
2009.05.28 17:04:53.724,1.1152,1.1153,6.80,1.00
2009.05.28 17:04:54.004,1.11525,1.1153,10.40,6.40
2009.05.28 17:04:54.294,1.11505,1.1154,3.20,7.40
2009.05.28 17:04:54.534,1.11505,1.1154,6.00,1.00
2009.05.28 17:04:54.834,1.11525,1.1155,2.20,4.80
2009.05.28 17:04:55.114,1.11525,1.11555,2.40,6.40
2009.05.28 17:04:55.514,1.11535,1.1155,1.00,1.80
2009.05.28 17:04:56.034,1.1153,1.1155,5.60,1.80
2009.05.28 17:04:56.324,1.1153,1.1156,8.00,2.40
2009.05.28 17:04:56.683,1.1154,1.1156,3.20,2.80
2009.05.28 17:04:56.973,1.1155,1.1156,1.00,2.80
2009.05.28 17:04:58.663,1.1154,1.1155,2.70,1.20
2009.05.28 17:04:58.833,1.1153,1.1155,7.20,4.80
2009.05.28 17:04:59.053,1.1153,1.1155,6.00,4.80
2009.05.28 17:04:59.223,1.1152,1.1154,3.20,3.80
2009.05.28 17:04:59.783,1.11505,1.11525,2.80,1.00
2009.05.28 17:05:00.243,1.11475,1.11515,8.20,1.20
2009.05.28 17:05:00.583,1.1148,1.11515,5.60,1.60
2009.05.28 17:05:01.062,1.1148,1.1151,5.60,2.40
2009.05.28 17:05:01.293,1.1149,1.1151,5.60,1.60
2009.05.28 17:05:02.042,1.1149,1.1151,4.80,1.60
2009.05.28 17:05:02.332,1.1149,1.1151,5.00,1.60
2009.05.28 17:05:02.552,1.1149,1.1151,5.60,1.00
2009.05.28 17:05:03.122,1.1149,1.1151,6.40,2.20
2009.05.28 17:05:03.342,1.1149,1.1151,6.00,2.40
2009.05.28 17:05:03.632,1.1149,1.1151,5.40,2.40
2009.05.28 17:05:03.992,1.1149,1.1151,5.60,2.40
2009.05.28 17:05:04.232,1.1149,1.1151,5.60,2.20
2009.05.28 17:05:04.811,1.1149,1.1151,5.60,2.40
2009.05.28 17:05:05.732,1.1149,1.1151,5.60,1.00
2009.05.28 17:05:05.961,1.1149,1.1151,6.20,1.00
2009.05.28 17:05:06.141,1.1149,1.1151,6.20,1.20
2009.05.28 17:05:06.261,1.1149,1.1151,6.20,1.20
2009.05.28 17:05:06.321,1.1149,1.1151,6.20,1.60
2009.05.28 17:05:06.381,1.1149,1.1151,6.20,2.20
2009.05.28 17:05:07.472,1.1149,1.1151,5.40,2.40
2009.05.28 17:05:07.581,1.1149,1.1151,5.40,2.00
2009.05.28 17:05:07.762,1.1149,1.1151,5.60,1.60
2009.05.28 17:05:08.631,1.1149,1.1151,5.60,2.00
2009.05.28 17:05:08.811,1.1149,1.1151,5.40,2.40
2009.05.28 17:05:09.211,1.1149,1.1151,4.00,4.80
2009.05.28 17:05:09.380,1.1148,1.115,14.00,1.20
2009.05.28 17:05:09.680,1.1148,1.115,10.80,1.20
2009.05.28 17:05:09.850,1.1148,1.115,8.00,1.20
2009.05.28 17:05:10.150,1.1148,1.115,4.20,1.80
2009.05.28 17:05:10.370,1.1148,1.115,4.80,2.80
2009.05.28 17:05:10.850,1.1148,1.115,5.00,2.80
2009.05.28 17:05:11.090,1.1148,1.115,5.20,2.80
2009.05.28 17:05:11.320,1.1148,1.115,6.40,1.20
2009.05.28 17:05:12.140,1.1148,1.115,6.20,1.20
2009.05.28 17:05:12.840,1.1148,1.115,6.40,1.00
2009.05.28 17:05:13.130,1.1149,1.1151,1.00,4.80
2009.05.28 17:05:13.359,1.1148,1.1151,12.40,4.80
2009.05.28 17:05:13.649,1.1148,1.1151,6.00,4.80
2009.05.28 17:05:14.399,1.1149,1.1151,1.00,4.80
2009.05.28 17:05:14.579,1.1149,1.1151,1.00,4.80
2009.05.28 17:05:14.749,1.1148,1.115,4.80,3.60
2009.05.28 17:05:15.089,1.1148,1.115,3.80,1.40
2009.05.28 17:05:15.489,1.11495,1.11535,3.20,5.00
2009.05.28 17:05:15.769,1.115,1.11535,1.00,5.00
2009.05.28 17:05:16.119,1.115,1.11535,1.00,5.40
2009.05.28 17:05:16.419,1.115,1.11535,1.00,5.40
2009.05.28 17:05:16.719,1.11505,1.11525,4.40,5.40
2009.05.28 17:05:21.688,1.11505,1.1153,2.80,5.80
2009.05.28 17:05:24.387,1.11495,1.11505,3.80,1.00
2009.05.28 17:05:24.667,1.11495,1.11505,3.80,1.20
2009.05.28 17:05:28.616,1.11495,1.115,3.80,3.00
2009.05.28 17:05:28.836,1.11495,1.115,3.20,3.00
2009.05.28 17:05:29.116,1.11495,1.115,2.80,4.60
2009.05.28 17:05:29.686,1.11495,1.115,3.20,4.60
2009.05.28 17:05:30.026,1.11495,1.115,3.20,4.20
2009.05.28 17:05:30.365,1.11495,1.115,2.80,4.00
2009.05.28 17:05:30.825,1.11495,1.115,2.80,3.80
2009.05.28 17:05:31.065,1.11495,1.115,2.80,4.20
2009.05.28 17:05:31.625,1.1149,1.11505,6.00,1.50
2009.05.28 17:05:32.135,1.11485,1.1149,7.20,1.00
2009.05.28 17:05:32.485,1.11475,1.1148,1.20,1.00
2009.05.28 17:05:33.055,1.11475,1.1148,7.20,1.00
2009.05.28 17:05:33.235,1.11485,1.1149,4.80,1.00
2009.05.28 17:05:33.475,1.11485,1.1151,6.00,10.00
2009.05.28 17:05:33.815,1.11485,1.11505,9.20,5.20
2009.05.28 17:05:34.195,1.11485,1.11495,3.20,1.00
2009.05.28 17:05:34.434,1.11485,1.11495,1.20,2.80
2009.05.28 17:05:34.724,1.11475,1.1148,1.60,1.20
2009.05.28 17:05:35.274,1.11455,1.1147,5.00,1.20
2009.05.28 17:05:35.574,1.11455,1.1148,5.00,1.20
2009.05.28 17:05:36.944,1.1147,1.1148,1.00,1.20
2009.05.28 17:05:37.124,1.1147,1.1148,1.00,1.20
2009.05.28 17:05:37.524,1.1146,1.1148,5.40,1.20
2009.05.28 17:05:38.493,1.1146,1.1148,5.40,2.80
2009.05.28 17:05:38.823,1.1146,1.1148,5.40,2.40
2009.05.28 17:05:39.173,1.1146,1.1147,5.40,1.20
2009.05.28 17:05:39.393,1.1146,1.1147,5.40,1.00
2009.05.28 17:05:39.574,1.1146,1.1148,5.40,2.80
2009.05.28 17:05:40.383,1.1146,1.1147,5.40,1.20
2009.05.28 17:05:40.733,1.1146,1.1147,4.80,1.20
2009.05.28 17:05:41.673,1.1146,1.1148,5.40,4.80
2009.05.28 17:05:44.142,1.1146,1.11485,5.80,9.40
2009.05.28 17:05:44.312,1.1146,1.1148,5.40,4.80
2009.05.28 17:05:47.241,1.1147,1.1148,1.20,4.80
2009.05.28 17:05:47.502,1.1147,1.1148,4.20,4.80
2009.05.28 17:05:47.731,1.1147,1.1149,4.60,4.80
2009.05.28 17:05:48.201,1.1148,1.1149,1.00,1.00
2009.05.28 17:05:48.441,1.1149,1.115,1.00,2.00
2009.05.28 17:05:48.721,1.1149,1.115,1.20,3.20
2009.05.28 17:05:49.001,1.1148,1.115,2.80,3.40
2009.05.28 17:05:49.291,1.1148,1.115,3.40,3.20
2009.05.28 17:05:49.701,1.1148,1.1149,1.80,1.00
2009.05.28 17:05:51.800,1.11455,1.1149,17.60,5.00
2009.05.28 17:05:52.160,1.11455,1.1148,8.20,1.00
2009.05.28 17:05:52.270,1.11455,1.1148,5.00,1.00
2009.05.28 17:05:54.539,1.1146,1.1148,5.00,2.60
2009.05.28 17:05:56.439,1.1146,1.1148,5.40,2.80
2009.05.28 17:05:56.679,1.1146,1.1148,5.40,6.20
2009.05.28 17:05:57.079,1.1146,1.1147,4.40,1.80
2009.05.28 17:05:57.429,1.1146,1.1147,4.40,1.20
2009.05.28 17:05:57.599,1.1146,1.1148,4.40,4.80
2009.05.28 17:05:59.029,1.1146,1.11485,4.80,8.60
2009.05.28 17:05:59.378,1.1146,1.11485,4.80,8.00
2009.05.28 17:05:59.788,1.1146,1.11485,4.80,7.80
2009.05.28 17:05:59.898,1.1146,1.11485,4.80,7.40
2009.05.28 17:06:01.078,1.1146,1.11485,4.80,9.00
2009.05.28 17:06:01.548,1.1146,1.1148,4.40,4.80
2009.05.28 17:06:01.828,1.1146,1.11485,4.80,7.40
2009.05.28 17:06:02.788,1.1147,1.1148,2.80,1.40
2009.05.28 17:06:03.447,1.1147,1.1148,3.20,1.40
2009.05.28 17:06:03.758,1.1147,1.1148,1.20,4.80
2009.05.28 17:06:04.097,1.1146,1.1148,5.00,4.80
2009.05.28 17:06:04.557,1.1146,1.1147,4.40,1.20
2009.05.28 17:06:04.887,1.1144,1.11475,13.00,15.80
2009.05.28 17:06:05.227,1.11445,1.1146,3.20,1.00
2009.05.28 17:06:05.567,1.11435,1.1146,6.40,1.00
2009.05.28 17:06:06.197,1.1144,1.11475,6.40,5.60
2009.05.28 17:06:06.647,1.1144,1.1147,6.00,1.00
2009.05.28 17:06:13.475,1.1144,1.1147,6.40,1.00
2009.05.28 17:06:13.526,1.11455,1.1147,1.20,1.00
2009.05.28 17:06:13.765,1.11455,1.1147,3.00,1.00
2009.05.28 17:06:14.205,1.11455,1.11475,3.00,5.60
2009.05.28 17:06:14.255,1.11455,1.1147,3.00,1.00
2009.05.28 17:06:15.055,1.1147,1.11475,1.00,2.60
2009.05.28 17:06:15.285,1.1147,1.11475,1.00,2.60
2009.05.28 17:06:15.635,1.1147,1.11475,1.60,2.40
2009.05.28 17:06:16.045,1.1147,1.1148,1.80,1.00
2009.05.28 17:06:16.514,1.1147,1.1148,1.60,1.00
2009.05.28 17:06:16.694,1.1146,1.1148,2.40,1.00
2009.05.28 17:06:17.144,1.1146,1.11485,2.80,9.80
2009.05.28 17:06:17.364,1.1146,1.1148,2.00,4.80
2009.05.28 17:06:17.704,1.1146,1.1147,1.00,1.00
2009.05.28 17:06:17.994,1.11455,1.1147,4.40,1.00
2009.05.28 17:06:23.333,1.1146,1.1147,3.20,1.00
2009.05.28 17:06:23.843,1.1146,1.1148,3.20,4.80
2009.05.28 17:06:24.713,1.1147,1.1148,1.20,4.80
2009.05.28 17:06:25.062,1.1147,1.1148,2.60,2.40
2009.05.28 17:06:25.342,1.1147,1.1148,3.20,2.40
2009.05.28 17:06:25.632,1.1146,1.1148,3.20,2.40
2009.05.28 17:06:27.462,1.1146,1.11485,3.20,7.20
2009.05.28 17:06:28.102,1.1146,1.1148,3.20,2.40
2009.05.28 17:06:28.501,1.1146,1.1148,3.20,4.80
2009.05.28 17:06:28.681,1.1147,1.11485,1.00,5.60
2009.05.28 17:06:29.021,1.1147,1.11485,1.00,5.60
2009.05.28 17:06:29.251,1.1147,1.1148,3.20,1.00
2009.05.28 17:06:29.891,1.1147,1.1148,1.80,1.00
2009.05.28 17:06:30.161,1.1146,1.1148,3.20,1.00
2009.05.28 17:06:32.251,1.1146,1.1148,3.20,3.40
2009.05.28 17:06:32.361,1.1146,1.11485,3.20,9.60
2009.05.28 17:06:32.591,1.1146,1.11475,3.20,1.00
2009.05.28 17:06:32.830,1.1146,1.11475,2.60,1.00
2009.05.28 17:06:32.950,1.1145,1.11475,1.20,1.00
2009.05.28 17:06:33.110,1.1145,1.11475,1.00,1.00
2009.05.28 17:06:33.500,1.1144,1.11475,10.20,1.00
2009.05.28 17:06:33.780,1.1144,1.1147,7.40,1.00
2009.05.28 17:06:35.470,1.1144,1.1147,4.20,1.00
2009.05.28 17:06:40.269,1.1144,1.1147,4.20,1.60
2009.05.28 17:06:40.658,1.1144,1.1147,4.20,2.60
2009.05.28 17:06:40.958,1.1144,1.1147,4.20,2.40
2009.05.28 17:06:41.239,1.1144,1.1147,4.20,2.00
2009.05.28 17:06:41.518,1.1144,1.1147,4.20,2.40
2009.05.28 17:06:41.568,1.1144,1.1147,4.20,2.60
2009.05.28 17:06:42.228,1.1144,1.1147,4.20,2.40
2009.05.28 17:06:42.288,1.1144,1.1147,4.20,2.00
2009.05.28 17:06:42.758,1.1145,1.1147,1.20,1.40
2009.05.28 17:06:42.878,1.1145,1.1147,3.20,1.00
2009.05.28 17:06:45.847,1.1146,1.1149,1.00,12.20
2009.05.28 17:06:46.017,1.1146,1.1149,1.00,12.60
2009.05.28 17:06:46.127,1.1146,1.1149,1.00,12.40
2009.05.28 17:06:47.127,1.1146,1.11485,1.00,12.20
2009.05.28 17:06:50.636,1.1146,1.11485,1.60,11.40
2009.05.28 17:06:50.816,1.1146,1.11485,3.00,11.20
2009.05.28 17:06:51.046,1.1146,1.11485,3.00,11.60
2009.05.28 17:06:51.456,1.1146,1.11485,3.00,10.80
2009.05.28 17:06:51.626,1.1146,1.11485,3.60,10.80
2009.05.28 17:06:51.966,1.1146,1.11485,3.00,10.80
2009.05.28 17:06:53.455,1.1146,1.11485,1.60,10.80
2009.05.28 17:06:53.616,1.1146,1.11485,1.00,11.80
2009.05.28 17:06:53.915,1.1146,1.11485,1.00,11.40
2009.05.28 17:06:54.135,1.1146,1.11485,1.00,11.40
2009.05.28 17:06:54.315,1.1146,1.11485,1.20,11.40
2009.05.28 17:06:54.945,1.1146,1.11485,3.60,11.20
2009.05.28 17:06:55.185,1.1146,1.11485,3.60,10.60
2009.05.28 17:06:55.765,1.1146,1.11485,3.60,10.20
2009.05.28 17:06:58.204,1.1146,1.11485,3.60,10.20
2009.05.28 17:06:58.714,1.1146,1.11485,3.60,10.40
2009.05.28 17:06:58.944,1.1146,1.11485,3.60,10.60
2009.05.28 17:06:59.124,1.1146,1.11485,3.60,10.80
2009.05.28 17:07:01.084,1.1146,1.11485,3.00,11.40
2009.05.28 17:07:01.423,1.1146,1.11485,1.60,11.80
2009.05.28 17:07:01.634,1.1146,1.11485,1.80,11.60
2009.05.28 17:07:01.813,1.1146,1.11485,2.20,11.60
2009.05.28 17:07:01.873,1.1146,1.11485,2.60,11.60
2009.05.28 17:07:01.983,1.1146,1.11485,3.00,11.60
2009.05.28 17:07:02.203,1.1146,1.11485,2.80,11.60
2009.05.28 17:07:02.554,1.1146,1.11485,2.60,11.60
2009.05.28 17:07:02.943,1.1146,1.11485,3.00,11.60
2009.05.28 17:07:04.063,1.1146,1.11485,3.60,11.60
2009.05.28 17:07:04.233,1.1146,1.11485,3.60,10.80
2009.05.28 17:07:04.573,1.1146,1.11485,3.60,10.60
2009.05.28 17:07:05.942,1.1146,1.11485,3.60,10.80
2009.05.28 17:07:06.282,1.1146,1.11485,3.60,10.60
2009.05.28 17:07:06.442,1.1146,1.11485,3.60,10.20
2009.05.28 17:07:06.612,1.1146,1.11485,3.60,8.00
2009.05.28 17:07:06.962,1.1146,1.1148,3.60,5.60
2009.05.28 17:07:07.142,1.1147,1.11485,3.20,7.40
2009.05.28 17:07:07.362,1.1147,1.1148,2.60,2.60
2009.05.28 17:07:07.712,1.1147,1.1148,1.00,5.80
2009.05.28 17:07:07.942,1.11475,1.1148,1.60,3.40
2009.05.28 17:07:08.163,1.11455,1.1148,5.00,4.00
2009.05.28 17:07:08.342,1.11455,1.1148,2.20,4.00
2009.05.28 17:07:08.682,1.11455,1.1148,2.60,4.00
2009.05.28 17:07:08.902,1.11455,1.1148,2.60,3.20
2009.05.28 17:07:09.082,1.11465,1.1148,1.00,2.60
2009.05.28 17:07:10.731,1.1147,1.1148,1.20,2.60
2009.05.28 17:07:11.071,1.1147,1.1148,1.20,2.60
2009.05.28 17:07:11.421,1.1147,1.1148,1.00,2.60
2009.05.28 17:07:11.991,1.1147,1.1148,1.20,2.60
2009.05.28 17:07:12.281,1.1147,1.1148,1.20,2.60
2009.05.28 17:07:12.741,1.1147,1.1148,1.00,2.60
2009.05.28 17:07:12.911,1.1147,1.1148,1.60,2.60
2009.05.28 17:07:13.091,1.1147,1.1148,1.80,2.60
2009.05.28 17:07:13.720,1.1147,1.1148,3.20,2.60
2009.05.28 17:07:14.360,1.1147,1.1148,1.20,4.60
2009.05.28 17:07:14.590,1.1146,1.1148,4.20,4.60
2009.05.28 17:07:14.870,1.1146,1.1148,1.20,4.60
2009.05.28 17:07:16.850,1.1146,1.1148,1.20,4.00
2009.05.28 17:07:18.509,1.1146,1.1148,1.00,6.60
2009.05.28 17:07:18.560,1.11455,1.1148,11.60,4.80
2009.05.28 17:07:18.799,1.1146,1.11485,1.00,11.80
2009.05.28 17:07:21.639,1.1146,1.11485,1.00,11.00
2009.05.28 17:07:21.809,1.1146,1.11485,1.00,11.00
2009.05.28 17:07:22.389,1.1146,1.11485,1.00,11.00
2009.05.28 17:07:22.568,1.1146,1.11485,1.00,9.80
2009.05.28 17:07:22.908,1.1146,1.11485,1.00,10.00
2009.05.28 17:07:23.358,1.1146,1.11485,1.00,10.60
2009.05.28 17:07:24.328,1.1146,1.11485,1.00,9.80
2009.05.28 17:07:24.708,1.1146,1.11485,1.00,9.60
2009.05.28 17:07:25.808,1.1146,1.11485,1.00,9.80
2009.05.28 17:07:28.077,1.11455,1.11475,2.80,2.40
2009.05.28 17:07:28.247,1.11435,1.11475,2.80,2.60
2009.05.28 17:07:28.527,1.11435,1.11475,6.40,2.60
2009.05.28 17:07:28.707,1.11445,1.11475,1.20,2.60
2009.05.28 17:07:29.047,1.11455,1.11475,3.20,1.80
2009.05.28 17:07:29.568,1.1147,1.11495,1.20,6.60
2009.05.28 17:07:29.737,1.11455,1.11485,3.20,1.00
2009.05.28 17:07:30.397,1.11455,1.11485,3.20,2.60
2009.05.28 17:07:36.135,1.1147,1.1148,2.00,2.60
2009.05.28 17:07:36.465,1.1147,1.1149,4.20,6.60
2009.05.28 17:07:36.585,1.1147,1.1148,5.00,1.80
2009.05.28 17:07:36.985,1.1147,1.1149,5.00,3.20
2009.05.28 17:07:37.445,1.1147,1.1149,5.40,3.20
2009.05.28 17:07:38.195,1.1148,1.1149,1.00,3.20
2009.05.28 17:07:38.585,1.1147,1.1149,5.40,3.20
2009.05.28 17:07:38.874,1.1147,1.1149,5.20,3.20
2009.05.28 17:07:39.154,1.1147,1.1149,4.80,4.00
2009.05.28 17:07:39.454,1.1147,1.1149,5.20,4.60
2009.05.28 17:07:39.794,1.1148,1.1149,1.40,3.20
2009.05.28 17:07:40.144,1.1148,1.1149,2.40,3.20
2009.05.28 17:07:40.304,1.1148,1.1149,2.20,3.00
2009.05.28 17:07:40.694,1.1148,1.1149,2.20,2.60
2009.05.28 17:07:40.985,1.1148,1.1149,1.00,2.60
2009.05.28 17:07:41.404,1.1147,1.1149,5.20,3.00
2009.05.28 17:07:41.864,1.1147,1.1149,5.20,3.20
2009.05.28 17:07:42.044,1.1147,1.1149,5.20,2.60
2009.05.28 17:07:42.484,1.1147,1.1149,5.60,2.60
2009.05.28 17:07:42.704,1.1148,1.1149,1.60,2.60
2009.05.28 17:07:42.873,1.1148,1.1149,4.00,2.60
2009.05.28 17:07:43.174,1.1148,1.1149,4.40,2.60
2009.05.28 17:07:43.823,1.1148,1.1149,4.00,2.60
2009.05.28 17:07:43.943,1.1148,1.115,4.00,4.80
2009.05.28 17:07:44.283,1.1148,1.11505,4.00,9.80
2009.05.28 17:07:44.463,1.1148,1.115,5.20,6.20
2009.05.28 17:07:44.983,1.1148,1.1149,5.20,1.20
2009.05.28 17:07:45.283,1.1148,1.1149,5.60,1.00
2009.05.28 17:07:45.683,1.1148,1.115,5.60,3.00
2009.05.28 17:07:46.143,1.1148,1.115,5.60,3.00
2009.05.28 17:07:47.182,1.1148,1.115,5.60,2.40
2009.05.28 17:07:48.042,1.1148,1.115,5.60,2.60
2009.05.28 17:07:48.092,1.1148,1.115,5.60,3.00
2009.05.28 17:07:48.322,1.1148,1.115,5.20,3.00
2009.05.28 17:07:48.552,1.1148,1.115,5.60,3.00
2009.05.28 17:07:49.072,1.1148,1.115,5.60,3.00
2009.05.28 17:07:49.902,1.1148,1.115,5.20,3.00
2009.05.28 17:07:50.302,1.1148,1.115,5.20,3.40
2009.05.28 17:07:50.532,1.1148,1.115,4.80,3.80
2009.05.28 17:07:50.772,1.1148,1.115,4.80,6.20
2009.05.28 17:07:51.342,1.1148,1.115,5.60,5.80
2009.05.28 17:07:51.562,1.1148,1.115,5.60,5.00
2009.05.28 17:07:51.801,1.1148,1.115,5.60,2.40
2009.05.28 17:07:51.971,1.1148,1.115,1.20,4.60
2009.05.28 17:07:52.321,1.11475,1.115,6.00,4.80
2009.05.28 17:07:52.671,1.1147,1.115,8.00,4.80
2009.05.28 17:07:52.951,1.1147,1.11505,5.20,10.60
2009.05.28 17:07:53.241,1.1147,1.11505,5.20,10.40
2009.05.28 17:07:53.691,1.1147,1.11505,5.40,10.40
2009.05.28 17:07:53.971,1.1147,1.11505,5.40,10.60
2009.05.28 17:07:55.690,1.1147,1.11505,5.60,10.60
2009.05.28 17:07:56.430,1.1147,1.115,5.60,4.80
2009.05.28 17:07:59.120,1.1147,1.115,5.40,4.80
2009.05.28 17:07:59.180,1.1147,1.1149,5.40,4.80
2009.05.28 17:07:59.410,1.1147,1.1149,5.60,4.80
2009.05.28 17:07:59.520,1.1147,1.1149,5.40,4.80
2009.05.28 17:08:03.709,1.1147,1.1149,5.20,4.80
2009.05.28 17:08:03.939,1.1147,1.11495,5.20,6.00
2009.05.28 17:08:04.228,1.1146,1.1149,6.60,4.80
2009.05.28 17:08:04.398,1.1146,1.11495,2.80,12.40
2009.05.28 17:08:04.908,1.1145,1.11495,13.40,12.40
2009.05.28 17:08:05.128,1.1145,1.11495,10.20,12.40
2009.05.28 17:08:05.878,1.1145,1.11495,10.20,12.20
2009.05.28 17:08:06.218,1.1145,1.11495,13.40,12.20
2009.05.28 17:08:06.548,1.1145,1.11495,13.40,10.80
2009.05.28 17:08:06.948,1.1145,1.1149,13.00,4.80
2009.05.28 17:08:07.178,1.1145,1.11495,13.40,11.00
2009.05.28 17:08:07.348,1.1145,1.11495,13.40,10.80
2009.05.28 17:08:07.528,1.1145,1.11495,13.40,10.60
2009.05.28 17:08:07.927,1.1145,1.11495,13.40,10.40
2009.05.28 17:08:08.777,1.1145,1.11495,13.40,11.00
2009.05.28 17:08:09.187,1.1145,1.11495,13.40,11.20
2009.05.28 17:08:09.477,1.1145,1.11495,10.20,11.80
2009.05.28 17:08:10.757,1.1145,1.11495,10.20,11.80
2009.05.28 17:08:12.187,1.1145,1.11495,10.20,11.60
2009.05.28 17:08:12.247,1.1145,1.11495,10.20,11.80
2009.05.28 17:08:12.587,1.1145,1.11495,10.20,11.60
2009.05.28 17:08:13.576,1.1145,1.11485,9.00,2.40
2009.05.28 17:08:13.916,1.1145,1.11485,3.40,4.80
2009.05.28 17:08:14.216,1.1145,1.11475,2.80,1.60
2009.05.28 17:08:14.266,1.1144,1.11475,6.60,1.20
2009.05.28 17:08:14.607,1.1144,1.1148,6.60,4.80
2009.05.28 17:08:19.505,1.1144,1.1147,6.60,1.20
2009.05.28 17:08:20.145,1.1144,1.1147,6.60,1.80
2009.05.28 17:08:20.375,1.1144,1.1147,6.80,2.40
2009.05.28 17:08:20.944,1.1145,1.1148,3.20,4.80
2009.05.28 17:08:21.534,1.1145,1.11475,3.20,4.80
2009.05.28 17:08:27.293,1.1145,1.11475,3.20,1.60
2009.05.28 17:08:27.413,1.1145,1.11485,3.20,11.80
2009.05.28 17:08:27.693,1.1145,1.11485,3.20,11.80
2009.05.28 17:08:27.923,1.1145,1.11475,3.20,1.00
2009.05.28 17:08:28.952,1.1145,1.1147,3.20,1.20
2009.05.28 17:08:29.062,1.1145,1.1147,3.20,1.20
2009.05.28 17:08:29.412,1.1145,1.1146,3.20,1.00
2009.05.28 17:08:30.262,1.1145,1.1146,2.80,1.00
2009.05.28 17:08:30.552,1.1145,1.1146,1.20,1.00
2009.05.28 17:08:30.852,1.11445,1.11485,7.00,4.80
2009.05.28 17:08:31.782,1.1145,1.11465,2.20,1.00
2009.05.28 17:08:32.202,1.1145,1.11465,2.60,1.00
2009.05.28 17:08:32.321,1.1145,1.11465,1.80,1.00
2009.05.28 17:08:32.622,1.1145,1.11465,2.20,1.00
2009.05.28 17:08:32.841,1.1145,1.1146,3.40,1.00
2009.05.28 17:08:32.952,1.1145,1.1146,3.20,1.00
2009.05.28 17:08:33.242,1.1145,1.11495,1.00,6.40
2009.05.28 17:08:33.351,1.11445,1.11495,7.00,6.40
2009.05.28 17:08:33.691,1.1145,1.1147,3.00,1.00
2009.05.28 17:08:33.981,1.1145,1.1148,1.60,1.20
2009.05.28 17:08:34.631,1.1145,1.1148,1.80,1.20
2009.05.28 17:08:35.101,1.1145,1.1147,1.60,1.20
2009.05.28 17:08:35.681,1.1145,1.1146,1.60,1.00
2009.05.28 17:08:36.451,1.1145,1.1147,1.60,1.20
2009.05.28 17:08:37.010,1.1145,1.1146,1.60,1.00
2009.05.28 17:08:44.679,1.1146,1.1147,2.80,1.20
2009.05.28 17:08:47.118,1.1145,1.11505,10.20,6.40
2009.05.28 17:08:49.278,1.1145,1.1149,9.80,4.80
2009.05.28 17:08:49.718,1.1145,1.11495,11.80,6.40
2009.05.28 17:08:49.897,1.1145,1.1149,9.80,4.80
2009.05.28 17:08:50.127,1.1145,1.1149,11.40,4.80
2009.05.28 17:08:50.647,1.11465,1.1149,1.00,4.80
2009.05.28 17:08:50.997,1.11465,1.11495,3.20,5.60
2009.05.28 17:08:51.337,1.11455,1.11495,3.80,6.40
2009.05.28 17:08:53.797,1.1147,1.11495,1.00,6.40
2009.05.28 17:08:53.907,1.1147,1.1149,1.00,4.80
2009.05.28 17:08:53.966,1.1147,1.1149,2.20,4.80
2009.05.28 17:08:54.076,1.1147,1.1149,3.80,4.80
2009.05.28 17:08:54.666,1.1147,1.11495,3.80,4.80
2009.05.28 17:08:55.306,1.1147,1.1149,3.80,4.80
2009.05.28 17:08:55.526,1.1147,1.1149,3.20,4.80
2009.05.28 17:08:55.826,1.1147,1.1149,2.20,4.80
2009.05.28 17:08:56.116,1.1147,1.1149,3.80,4.80
2009.05.28 17:08:56.396,1.1147,1.11495,3.20,6.40
2009.05.28 17:08:56.686,1.1146,1.11495,3.80,6.40
2009.05.28 17:08:57.885,1.1147,1.1149,1.00,4.80
2009.05.28 17:08:58.395,1.1147,1.1148,9.00,1.20
2009.05.28 17:08:58.735,1.1148,1.1149,3.20,1.20
2009.05.28 17:08:59.035,1.1148,1.1149,1.60,1.20
2009.05.28 17:08:59.535,1.1148,1.115,1.20,4.80
2009.05.28 17:09:00.045,1.1147,1.115,8.40,4.80
2009.05.28 17:09:00.555,1.1147,1.1149,8.20,1.20
2009.05.28 17:09:01.085,1.1147,1.1149,8.00,1.20
2009.05.28 17:09:01.264,1.1147,1.1149,8.00,1.60
2009.05.28 17:09:01.865,1.1147,1.1149,7.80,1.60
2009.05.28 17:09:02.264,1.1147,1.1149,4.60,5.20
2009.05.28 17:09:02.604,1.1147,1.1148,3.20,1.80
2009.05.28 17:09:03.064,1.1146,1.1148,5.40,1.80
2009.05.28 17:09:03.294,1.1146,1.1148,5.40,1.20
2009.05.28 17:09:03.944,1.1146,1.115,5.60,13.20
2009.05.28 17:09:04.174,1.1146,1.11495,5.60,4.80
2009.05.28 17:09:04.514,1.1146,1.115,5.60,13.20
2009.05.28 17:09:05.514,1.1146,1.11495,5.60,11.80
2009.05.28 17:09:05.754,1.1146,1.1149,5.60,4.80
2009.05.28 17:09:05.983,1.1147,1.1149,1.00,4.80
2009.05.28 17:09:06.203,1.1147,1.1149,5.60,4.80
2009.05.28 17:09:07.673,1.1147,1.1149,5.60,4.80
2009.05.28 17:09:07.723,1.1147,1.1149,5.40,4.80
2009.05.28 17:09:08.123,1.1147,1.1149,4.60,4.80
2009.05.28 17:09:08.233,1.1147,1.11495,4.60,7.80
2009.05.28 17:09:08.293,1.1147,1.11495,3.80,9.80
2009.05.28 17:09:08.413,1.1147,1.11495,3.80,9.00
2009.05.28 17:09:08.583,1.1147,1.11495,3.20,9.00
2009.05.28 17:09:08.873,1.1147,1.1149,3.20,4.80
2009.05.28 17:09:08.993,1.1146,1.1149,5.60,4.80
2009.05.28 17:09:09.163,1.1146,1.11495,5.60,9.40
2009.05.28 17:09:09.463,1.1147,1.1149,1.20,4.80
2009.05.28 17:09:09.742,1.1147,1.115,5.20,4.80
2009.05.28 17:09:10.243,1.1147,1.11505,4.60,15.40
2009.05.28 17:09:10.772,1.1147,1.11505,4.60,11.00
2009.05.28 17:09:11.282,1.1147,1.11505,4.60,10.80
2009.05.28 17:09:11.672,1.1147,1.11495,4.60,1.00
2009.05.28 17:09:11.912,1.1147,1.1151,4.60,11.00
2009.05.28 17:09:12.152,1.1147,1.1151,4.80,11.00
2009.05.28 17:09:12.332,1.1147,1.1151,4.80,11.00
2009.05.28 17:09:13.272,1.1147,1.11505,4.80,11.20
2009.05.28 17:09:14.141,1.1147,1.11505,4.60,11.20
2009.05.28 17:09:15.231,1.1147,1.11505,4.20,11.80
2009.05.28 17:09:15.461,1.1147,1.11505,4.20,11.80
2009.05.28 17:09:15.761,1.1147,1.11505,4.40,12.00
2009.05.28 17:09:16.291,1.1147,1.11505,4.40,11.80
2009.05.28 17:09:17.401,1.1147,1.11505,4.80,11.80
2009.05.28 17:09:18.100,1.1147,1.11505,4.80,11.80
2009.05.28 17:09:18.320,1.1147,1.11505,4.80,11.00
2009.05.28 17:09:18.881,1.1147,1.11505,4.80,10.80
2009.05.28 17:09:20.240,1.1147,1.11505,4.60,10.80
2009.05.28 17:09:21.280,1.1147,1.11505,4.80,10.80
2009.05.28 17:09:26.738,1.1147,1.11505,4.00,11.20
2009.05.28 17:09:27.439,1.1147,1.11505,4.00,11.60
2009.05.28 17:09:31.137,1.1148,1.1151,1.20,10.60
2009.05.28 17:09:31.417,1.1148,1.1151,3.20,9.00
2009.05.28 17:09:31.817,1.1148,1.1151,3.40,9.40
2009.05.28 17:09:32.327,1.1148,1.11505,3.40,8.60
2009.05.28 17:09:32.447,1.1148,1.115,3.40,4.80
2009.05.28 17:09:32.857,1.1147,1.11505,4.20,11.40
2009.05.28 17:09:33.077,1.1147,1.11505,4.20,11.80
2009.05.28 17:09:34.786,1.1147,1.11505,4.20,11.60
2009.05.28 17:09:35.317,1.1147,1.11505,4.20,11.80
2009.05.28 17:09:35.606,1.1147,1.11505,4.20,11.00
2009.05.28 17:09:40.095,1.1149,1.115,1.60,4.80
2009.05.28 17:09:40.965,1.1148,1.115,6.40,4.80
2009.05.28 17:09:41.295,1.1148,1.115,6.40,2.20
2009.05.28 17:09:41.645,1.1148,1.115,6.20,1.60
2009.05.28 17:09:42.415,1.1148,1.115,6.00,1.60
2009.05.28 17:09:42.635,1.1148,1.115,6.20,1.60
2009.05.28 17:09:44.524,1.1148,1.115,6.40,1.60
2009.05.28 17:09:44.934,1.1148,1.115,6.20,1.60
2009.05.28 17:09:45.444,1.1148,1.115,5.80,1.60
2009.05.28 17:09:46.244,1.1148,1.115,6.00,1.60
2009.05.28 17:09:46.574,1.1148,1.115,6.20,1.60
2009.05.28 17:09:47.024,1.1148,1.115,6.00,1.60
2009.05.28 17:09:47.254,1.1148,1.115,6.20,1.60
2009.05.28 17:09:47.733,1.1148,1.115,5.00,1.60
2009.05.28 17:09:47.904,1.1148,1.115,4.60,1.60
2009.05.28 17:09:48.353,1.1148,1.115,5.80,1.60
2009.05.28 17:09:48.673,1.1148,1.115,6.00,1.60
2009.05.28 17:09:48.963,1.1148,1.115,6.20,1.60
2009.05.28 17:09:49.713,1.1148,1.115,6.00,1.60
2009.05.28 17:09:50.113,1.1148,1.115,6.00,2.20
2009.05.28 17:09:50.563,1.1148,1.115,4.80,2.20
2009.05.28 17:09:51.223,1.1148,1.115,6.20,2.20
2009.05.28 17:09:52.092,1.1148,1.115,5.80,2.20
2009.05.28 17:09:52.552,1.1148,1.115,5.60,2.20
2009.05.28 17:09:52.842,1.1148,1.115,5.60,2.20
2009.05.28 17:09:53.242,1.1148,1.115,5.60,2.20
2009.05.28 17:09:53.642,1.1149,1.115,1.00,2.20
2009.05.28 17:09:56.111,1.115,1.1152,1.00,6.80
2009.05.28 17:09:56.511,1.115,1.11525,3.60,13.00
2009.05.28 17:09:57.381,1.1151,1.1153,1.00,27.80
2009.05.28 17:09:57.681,1.1152,1.1153,2.40,18.60
2009.05.28 17:09:57.971,1.1152,1.11525,2.40,9.00
2009.05.28 17:10:00.151,1.1153,1.1155,9.00,2.20
2009.05.28 17:10:00.490,1.1153,1.1155,9.80,2.20
2009.05.28 17:10:00.960,1.1153,1.1154,9.80,1.00
2009.05.28 17:10:01.320,1.1153,1.1154,9.00,1.60
2009.05.28 17:10:01.800,1.1153,1.1154,5.80,1.80
2009.05.28 17:10:02.100,1.1153,1.1154,5.60,2.20
2009.05.28 17:10:02.490,1.1153,1.1154,3.80,2.20
2009.05.28 17:10:02.890,1.1153,1.1154,1.60,2.20
2009.05.28 17:10:03.270,1.1152,1.1153,8.60,1.60
2009.05.28 17:10:03.720,1.1152,1.1153,8.60,1.20
2009.05.28 17:10:03.899,1.1152,1.1153,8.40,1.60
2009.05.28 17:10:04.129,1.1152,1.1153,8.20,1.60
2009.05.28 17:10:05.069,1.1152,1.1153,8.40,1.60
2009.05.28 17:10:06.209,1.1152,1.1153,8.20,1.60
2009.05.28 17:10:07.898,1.1152,1.1153,8.20,1.40
2009.05.28 17:10:08.139,1.1152,1.1153,8.40,1.20
2009.05.28 17:10:08.378,1.1152,1.1153,8.20,1.20
2009.05.28 17:10:09.348,1.1152,1.1153,8.20,1.40
2009.05.28 17:10:09.638,1.1152,1.1153,8.20,1.60
2009.05.28 17:10:09.758,1.1152,1.1153,8.40,1.60
2009.05.28 17:10:09.878,1.1152,1.1153,8.40,1.20
2009.05.28 17:10:10.118,1.1152,1.1153,8.60,1.20
2009.05.28 17:10:11.088,1.1152,1.1153,7.20,1.60
2009.05.28 17:10:11.308,1.1152,1.1153,7.40,1.20
2009.05.28 17:10:11.538,1.1152,1.1153,7.20,1.20
2009.05.28 17:10:11.948,1.1152,1.1153,5.00,1.60
2009.05.28 17:10:12.308,1.1152,1.1153,5.20,1.60
2009.05.28 17:10:12.478,1.1152,1.1153,5.00,1.40
2009.05.28 17:10:12.828,1.1152,1.1153,5.00,1.60
2009.05.28 17:10:12.998,1.1152,1.1153,4.80,1.40
2009.05.28 17:10:13.337,1.1152,1.1153,4.80,1.60
2009.05.28 17:10:13.457,1.1152,1.1153,4.80,1.80
2009.05.28 17:10:13.687,1.1152,1.1153,4.80,2.20
2009.05.28 17:10:14.187,1.1152,1.1153,4.80,2.20
2009.05.28 17:10:14.477,1.1152,1.1153,5.00,2.20
2009.05.28 17:10:15.467,1.1152,1.1153,7.40,2.20
2009.05.28 17:10:16.267,1.11515,1.1153,7.00,2.20
2009.05.28 17:10:16.946,1.1152,1.1153,7.60,2.20
2009.05.28 17:10:18.416,1.1152,1.1153,7.20,2.20
2009.05.28 17:10:18.696,1.1152,1.1153,5.00,2.20
2009.05.28 17:10:18.816,1.1152,1.1153,3.80,3.00
2009.05.28 17:10:19.247,1.1151,1.1152,1.00,3.00
2009.05.28 17:10:19.536,1.115,1.11505,2.80,12.60
2009.05.28 17:10:19.826,1.1149,1.11495,1.00,2.40
2009.05.28 17:10:20.066,1.11485,1.11495,1.00,3.00
2009.05.28 17:10:20.296,1.11485,1.11495,1.00,5.60
2009.05.28 17:10:20.826,1.11475,1.1148,1.00,1.00
2009.05.28 17:10:21.185,1.1147,1.1148,1.00,1.20
2009.05.28 17:10:21.655,1.1146,1.1148,1.00,1.20
2009.05.28 17:10:22.175,1.1146,1.1148,1.00,1.80
2009.05.28 17:10:22.535,1.1146,1.1148,1.00,1.20
2009.05.28 17:10:22.825,1.11455,1.1148,3.00,1.20
2009.05.28 17:10:22.985,1.1147,1.115,7.60,10.20
2009.05.28 17:10:23.205,1.1147,1.115,7.60,8.40
2009.05.28 17:10:23.495,1.11455,1.11495,1.00,4.80
2009.05.28 17:10:24.215,1.11455,1.11495,1.00,11.00
2009.05.28 17:10:24.455,1.11455,1.11485,1.00,2.40
2009.05.28 17:10:24.675,1.1145,1.1149,4.80,8.80
2009.05.28 17:10:25.034,1.11445,1.11475,3.00,1.60
2009.05.28 17:10:25.425,1.1145,1.11475,3.40,4.80
2009.05.28 17:10:25.714,1.1145,1.1148,1.60,9.40
2009.05.28 17:10:26.044,1.1144,1.11475,6.60,9.60
2009.05.28 17:10:26.394,1.1144,1.11475,6.60,12.60
2009.05.28 17:10:26.744,1.1144,1.11475,6.60,12.40
2009.05.28 17:10:27.534,1.1145,1.11475,1.00,8.40
2009.05.28 17:10:28.274,1.11445,1.11475,2.80,8.60
2009.05.28 17:10:28.554,1.1144,1.11475,6.60,8.60
2009.05.28 17:10:28.784,1.1145,1.11475,6.00,7.40
2009.05.28 17:10:29.014,1.1145,1.11475,6.00,4.80
2009.05.28 17:10:29.363,1.11445,1.11475,2.80,6.00
2009.05.28 17:10:29.593,1.11435,1.11475,6.80,11.80
2009.05.28 17:10:29.814,1.1144,1.11475,6.80,12.20
2009.05.28 17:10:30.173,1.1145,1.11475,1.00,7.40
2009.05.28 17:10:30.723,1.1145,1.11475,1.00,7.60
2009.05.28 17:10:31.393,1.1145,1.11475,1.00,7.60
2009.05.28 17:10:31.613,1.1145,1.11475,1.00,7.60
2009.05.28 17:10:31.963,1.1145,1.11475,1.00,6.60
2009.05.28 17:10:32.133,1.1145,1.11475,1.00,7.60
2009.05.28 17:10:32.423,1.1145,1.11475,1.00,8.20
2009.05.28 17:10:33.113,1.1145,1.11475,1.00,8.60
2009.05.28 17:10:33.692,1.1145,1.11475,1.00,6.80
2009.05.28 17:10:33.932,1.1145,1.1147,1.00,2.60
2009.05.28 17:10:34.232,1.1145,1.1147,1.00,1.20
2009.05.28 17:10:34.582,1.1145,1.1147,1.00,1.00
2009.05.28 17:10:34.922,1.1145,1.1147,1.00,1.60
2009.05.28 17:10:35.742,1.11455,1.1147,1.00,1.00
2009.05.28 17:10:36.082,1.11455,1.1147,1.00,2.20
2009.05.28 17:10:37.781,1.11455,1.1147,1.00,1.80
2009.05.28 17:10:37.902,1.11455,1.1147,1.00,2.20
2009.05.28 17:10:38.501,1.11455,1.1147,1.00,1.60
2009.05.28 17:10:38.791,1.11455,1.1147,1.00,1.00
2009.05.28 17:10:38.971,1.11455,1.1148,1.00,22.80
2009.05.28 17:10:39.371,1.11455,1.1147,1.00,1.20
2009.05.28 17:10:39.551,1.11455,1.1147,1.00,2.60
2009.05.28 17:10:40.021,1.11455,1.1147,1.00,6.20
2009.05.28 17:10:40.511,1.11455,1.1147,1.00,6.80
2009.05.28 17:10:40.731,1.11455,1.1147,1.00,5.80
2009.05.28 17:10:41.070,1.11455,1.1147,1.00,6.80
2009.05.28 17:10:41.291,1.11455,1.1147,1.00,10.00
2009.05.28 17:10:41.530,1.11455,1.1147,1.00,10.20
2009.05.28 17:10:44.100,1.11455,1.1147,1.00,9.60
2009.05.28 17:10:44.890,1.11455,1.1147,1.00,9.80
2009.05.28 17:10:45.070,1.11455,1.1147,1.00,9.60
2009.05.28 17:10:45.410,1.11455,1.1147,1.00,9.40
2009.05.28 17:10:45.580,1.11455,1.1147,1.00,6.20
2009.05.28 17:10:46.010,1.11455,1.1147,1.00,5.40
2009.05.28 17:10:46.339,1.11455,1.1147,1.00,1.60
2009.05.28 17:10:48.489,1.11455,1.1147,1.00,2.80
2009.05.28 17:10:48.599,1.11455,1.1147,1.00,2.40
2009.05.28 17:10:48.719,1.11455,1.1147,1.00,2.60
2009.05.28 17:10:49.368,1.11455,1.1147,1.00,2.40
2009.05.28 17:10:49.788,1.11455,1.1147,1.00,2.60
2009.05.28 17:10:50.288,1.1146,1.1147,1.00,2.60
2009.05.28 17:10:51.758,1.1146,1.1147,1.00,2.40
2009.05.28 17:10:51.818,1.1146,1.1147,1.00,1.60
2009.05.28 17:10:53.547,1.1146,1.1147,1.00,2.80
2009.05.28 17:10:53.667,1.1146,1.1147,1.00,2.40
2009.05.28 17:10:53.727,1.1146,1.1147,1.00,2.60
2009.05.28 17:10:54.087,1.1146,1.1147,1.00,2.80
2009.05.28 17:10:54.147,1.1146,1.1147,1.00,2.20
2009.05.28 17:10:54.937,1.1146,1.1147,1.00,2.60
2009.05.28 17:10:56.727,1.1146,1.1147,1.00,2.80
2009.05.28 17:11:01.396,1.11455,1.11485,1.00,9.80
2009.05.28 17:11:01.796,1.11455,1.1147,1.00,1.80
2009.05.28 17:11:02.266,1.11455,1.1147,1.00,1.60
2009.05.28 17:11:02.495,1.11455,1.11485,1.00,9.80
2009.05.28 17:11:02.845,1.11455,1.1147,1.00,1.60
2009.05.28 17:11:03.125,1.11455,1.1147,1.00,1.80
2009.05.28 17:11:03.355,1.11455,1.1147,1.00,1.00
2009.05.28 17:11:03.885,1.11455,1.11465,1.00,1.80
2009.05.28 17:11:05.245,1.11455,1.11465,1.00,1.60
2009.05.28 17:11:05.625,1.11455,1.11485,1.00,9.80
2009.05.28 17:11:10.254,1.11455,1.11465,1.00,1.60
2009.05.28 17:11:10.314,1.11455,1.11485,1.00,9.80
2009.05.28 17:11:10.833,1.11455,1.1147,1.00,1.60
2009.05.28 17:11:11.223,1.11455,1.11485,1.00,8.00
2009.05.28 17:11:11.563,1.1146,1.1149,1.00,8.80
2009.05.28 17:11:12.313,1.1146,1.11475,1.00,1.20
2009.05.28 17:11:13.243,1.1146,1.11475,1.00,2.20
2009.05.28 17:11:13.533,1.1146,1.1147,1.00,1.80
2009.05.28 17:11:13.763,1.1146,1.1147,1.00,1.20
2009.05.28 17:11:13.993,1.1146,1.1149,1.00,13.80
2009.05.28 17:11:14.153,1.1146,1.1149,1.00,13.60
2009.05.28 17:11:14.503,1.1146,1.1149,2.00,13.40
2009.05.28 17:11:14.563,1.1146,1.11485,2.40,4.80
2009.05.28 17:11:14.733,1.1146,1.11485,1.80,3.20
2009.05.28 17:11:15.303,1.1146,1.1148,3.40,2.00
2009.05.28 17:11:15.692,1.1146,1.1148,4.00,2.00
2009.05.28 17:11:16.342,1.1146,1.1148,4.00,4.00
2009.05.28 17:11:17.382,1.1146,1.1148,3.20,3.20
2009.05.28 17:11:17.672,1.1146,1.1148,2.80,3.20
2009.05.28 17:11:17.902,1.1146,1.1148,3.60,3.20
2009.05.28 17:11:18.172,1.1146,1.1148,3.80,3.20
2009.05.28 17:11:18.392,1.1146,1.1148,4.40,3.20
2009.05.28 17:11:19.091,1.1146,1.1148,4.20,3.20
2009.05.28 17:11:19.261,1.1146,1.1148,4.20,4.60
2009.05.28 17:11:20.291,1.1146,1.11475,4.20,4.80
2009.05.28 17:11:20.571,1.1146,1.11475,1.00,4.80
2009.05.28 17:11:20.921,1.11455,1.11475,1.00,4.80
2009.05.28 17:11:21.151,1.11455,1.1147,1.00,2.60
2009.05.28 17:11:22.741,1.11455,1.1146,1.00,1.20
2009.05.28 17:11:23.031,1.1146,1.1147,1.00,2.70
2009.05.28 17:11:23.330,1.1145,1.1146,5.00,1.00
2009.05.28 17:11:24.320,1.1145,1.1146,1.00,1.20
2009.05.28 17:11:24.710,1.1144,1.1145,2.10,1.00
2009.05.28 17:11:24.890,1.1144,1.1145,2.10,1.00
2009.05.28 17:11:25.180,1.1145,1.1146,1.00,1.00
2009.05.28 17:11:25.360,1.1145,1.1146,1.00,1.20
2009.05.28 17:11:25.850,1.1144,1.1145,4.20,1.00
2009.05.28 17:11:26.180,1.1144,1.1145,3.90,1.00
2009.05.28 17:11:26.710,1.1145,1.1146,1.00,1.20
2009.05.28 17:11:27.070,1.11445,1.1146,1.00,1.00
2009.05.28 17:11:27.420,1.11445,1.1147,1.00,9.60
2009.05.28 17:11:27.770,1.1145,1.11465,1.00,1.80
2009.05.28 17:11:29.229,1.1145,1.11465,2.60,1.80
2009.05.28 17:11:29.619,1.1145,1.1147,1.00,8.40
2009.05.28 17:11:29.849,1.11455,1.1147,1.00,1.00
2009.05.28 17:11:30.079,1.11455,1.1147,1.00,2.60
2009.05.28 17:11:32.448,1.11455,1.1146,1.00,1.00
2009.05.28 17:11:33.188,1.11455,1.1146,1.00,1.00
2009.05.28 17:11:33.398,1.1145,1.1146,1.00,1.20
2009.05.28 17:11:37.987,1.11455,1.1146,1.00,1.20
2009.05.28 17:11:38.457,1.11455,1.1146,1.00,1.00
2009.05.28 17:11:38.737,1.1146,1.1147,1.00,3.00
2009.05.28 17:11:39.027,1.1146,1.1148,1.80,7.80
2009.05.28 17:11:39.377,1.1146,1.1148,3.20,7.80
2009.05.28 17:11:40.486,1.1146,1.1148,3.20,9.20
2009.05.28 17:11:40.776,1.1146,1.1148,2.80,9.60
2009.05.28 17:11:41.006,1.1146,1.1148,2.60,9.60
2009.05.28 17:11:42.166,1.1146,1.1148,2.60,9.20
2009.05.28 17:11:42.576,1.1146,1.1148,3.00,9.40
2009.05.28 17:11:42.756,1.1147,1.1148,2.60,7.80
2009.05.28 17:11:42.966,1.1147,1.1148,2.60,7.20
2009.05.28 17:11:43.597,1.1147,1.1148,4.80,1.00
2009.05.28 17:11:43.836,1.1147,1.11485,4.80,22.20
2009.05.28 17:11:44.406,1.1148,1.11485,2.80,3.20
2009.05.28 17:11:44.635,1.1148,1.11505,2.80,5.60
2009.05.28 17:11:44.925,1.1148,1.11505,2.80,4.60
2009.05.28 17:11:45.395,1.1148,1.11505,2.80,7.00
2009.05.28 17:11:45.865,1.1148,1.1149,1.20,1.00
2009.05.28 17:11:46.265,1.11475,1.1149,1.00,1.00
2009.05.28 17:11:46.665,1.1148,1.115,1.00,8.20
2009.05.28 17:11:47.075,1.1148,1.115,1.60,8.60
2009.05.28 17:11:47.475,1.1148,1.115,2.20,8.60
2009.05.28 17:11:47.654,1.1148,1.1149,2.20,1.00
2009.05.28 17:11:47.875,1.1148,1.1149,1.80,1.00
2009.05.28 17:11:48.055,1.1148,1.1149,1.20,1.00
2009.05.28 17:11:48.224,1.1148,1.1149,1.20,1.20
2009.05.28 17:11:48.625,1.11475,1.1149,1.00,1.20
2009.05.28 17:11:48.964,1.11475,1.1148,1.00,1.00
2009.05.28 17:11:49.374,1.11465,1.1148,1.00,1.20
2009.05.28 17:11:50.334,1.11465,1.1148,1.00,1.00
2009.05.28 17:11:50.564,1.11465,1.1147,1.00,1.00
2009.05.28 17:11:55.173,1.11455,1.1147,1.00,1.00
2009.05.28 17:11:55.283,1.11455,1.1147,1.00,1.20
2009.05.28 17:11:55.753,1.11465,1.1147,1.00,1.20
2009.05.28 17:11:56.112,1.11465,1.1147,1.00,1.00
2009.05.28 17:11:56.523,1.11465,1.11495,1.00,7.00
2009.05.28 17:11:56.763,1.1147,1.11495,1.00,12.80
2009.05.28 17:11:57.162,1.11475,1.11495,1.00,4.60
2009.05.28 17:11:57.223,1.11475,1.11495,1.00,4.20
2009.05.28 17:11:57.782,1.11475,1.1149,1.00,1.20
2009.05.28 17:11:58.702,1.1148,1.1149,1.00,1.20
2009.05.28 17:11:59.062,1.1148,1.1149,4.00,1.20
2009.05.28 17:11:59.232,1.1149,1.115,1.00,2.60
2009.05.28 17:11:59.762,1.1149,1.11515,1.00,4.20
2009.05.28 17:12:00.172,1.1149,1.11515,1.00,5.20
2009.05.28 17:12:00.432,1.1149,1.11505,1.60,1.00
2009.05.28 17:12:00.782,1.1149,1.1151,3.40,3.60
2009.05.28 17:12:01.131,1.11495,1.1151,1.00,1.00
2009.05.28 17:12:05.741,1.1149,1.1151,1.00,1.60
2009.05.28 17:12:06.260,1.1149,1.1151,1.00,3.60
2009.05.28 17:12:06.880,1.11485,1.11495,1.00,1.00
2009.05.28 17:12:07.180,1.11475,1.11485,1.00,3.00
2009.05.28 17:12:07.420,1.11455,1.11485,3.20,2.60
2009.05.28 17:12:07.880,1.11455,1.11485,1.00,3.20
2009.05.28 17:12:08.170,1.1145,1.1148,1.00,9.60
2009.05.28 17:12:08.640,1.1146,1.1148,1.00,3.20
2009.05.28 17:12:08.979,1.1147,1.1148,8.00,1.80
2009.05.28 17:12:09.330,1.1147,1.1149,3.20,2.20
2009.05.28 17:12:09.719,1.1147,1.1149,1.00,1.00
2009.05.28 17:12:11.839,1.11475,1.1148,1.00,1.00
2009.05.28 17:12:12.069,1.11475,1.1148,1.00,1.00
2009.05.28 17:12:16.728,1.1148,1.1149,1.60,1.00
2009.05.28 17:12:17.027,1.1148,1.1149,3.40,1.00
2009.05.28 17:12:17.587,1.1148,1.1149,2.80,1.00
2009.05.28 17:12:27.355,1.11475,1.1148,1.00,2.00
2009.05.28 17:12:27.575,1.11455,1.1148,5.40,3.00
2009.05.28 17:12:27.875,1.11455,1.1148,1.00,6.00
2009.05.28 17:12:28.165,1.11455,1.1147,1.00,5.00
2009.05.28 17:12:28.395,1.1145,1.11455,1.00,1.00
2009.05.28 17:12:28.625,1.1145,1.11455,1.00,1.60
2009.05.28 17:12:28.915,1.1144,1.11445,5.60,1.40
2009.05.28 17:12:29.205,1.11425,1.11435,2.80,1.20
2009.05.28 17:12:29.674,1.1142,1.1143,1.00,1.80
2009.05.28 17:12:30.015,1.11415,1.1143,1.00,1.20
2009.05.28 17:12:30.364,1.1142,1.1144,1.00,10.20
2009.05.28 17:12:30.864,1.11425,1.1144,1.00,1.00
2009.05.28 17:12:32.534,1.11425,1.1145,1.00,2.20
2009.05.28 17:12:32.884,1.11425,1.1144,1.00,1.00
2009.05.28 17:12:34.343,1.11425,1.1144,1.00,3.20
2009.05.28 17:12:34.633,1.11425,1.1143,1.00,1.20
2009.05.28 17:12:34.913,1.11425,1.1143,1.00,2.40
2009.05.28 17:12:35.143,1.1142,1.1143,1.00,2.80
2009.05.28 17:12:35.383,1.11425,1.1143,1.00,2.40
2009.05.28 17:12:35.673,1.11425,1.1143,1.00,1.60
2009.05.28 17:12:36.013,1.11425,1.1143,1.00,1.20
2009.05.28 17:12:36.693,1.1142,1.1143,1.00,1.20
2009.05.28 17:12:39.412,1.1142,1.1143,1.00,1.60
2009.05.28 17:12:39.532,1.1142,1.1143,1.00,1.80
2009.05.28 17:12:39.692,1.1142,1.1143,1.00,2.20
2009.05.28 17:12:39.982,1.1142,1.1143,1.00,2.80
2009.05.28 17:12:40.332,1.1142,1.1143,1.00,3.00
2009.05.28 17:12:40.442,1.1141,1.1142,3.20,1.00
2009.05.28 17:12:40.732,1.1141,1.1142,2.80,1.00
2009.05.28 17:12:41.082,1.114,1.1142,1.00,1.40
2009.05.28 17:12:41.421,1.114,1.1142,1.00,3.20
2009.05.28 17:12:41.781,1.114,1.1142,1.00,4.00
2009.05.28 17:12:42.172,1.11405,1.1142,1.00,3.40
2009.05.28 17:12:42.341,1.11405,1.1142,1.00,2.40
2009.05.28 17:12:42.751,1.11405,1.1142,1.00,2.20
2009.05.28 17:12:42.971,1.114,1.11425,1.00,7.20
2009.05.28 17:12:43.261,1.11395,1.1141,1.60,4.80
2009.05.28 17:12:43.321,1.1139,1.1141,9.20,5.00
2009.05.28 17:12:43.671,1.11385,1.11405,1.00,4.80
2009.05.28 17:12:44.681,1.11385,1.114,1.00,4.80
2009.05.28 17:12:44.911,1.1138,1.114,1.20,4.80
2009.05.28 17:12:45.141,1.11375,1.11385,7.60,1.20
2009.05.28 17:12:45.491,1.11355,1.11375,4.40,3.40
2009.05.28 17:12:45.900,1.11345,1.11375,2.80,4.80
2009.05.28 17:12:46.351,1.11335,1.1137,13.20,4.80
2009.05.28 17:12:46.590,1.11345,1.1136,10.80,2.60
2009.05.28 17:12:46.830,1.11355,1.1136,1.00,1.80
2009.05.28 17:12:47.110,1.11355,1.11385,1.80,6.60
2009.05.28 17:12:47.350,1.11355,1.11385,2.20,3.20
2009.05.28 17:12:47.460,1.11355,1.11385,2.40,3.20
2009.05.28 17:12:47.520,1.11355,1.11385,2.80,2.60
2009.05.28 17:12:47.810,1.11355,1.11385,2.40,4.80
2009.05.28 17:12:47.920,1.1136,1.11385,2.40,4.80
2009.05.28 17:12:47.980,1.1136,1.11385,2.20,4.80
2009.05.28 17:12:48.100,1.1136,1.11385,2.00,4.80
2009.05.28 17:12:48.340,1.1136,1.1137,2.00,1.00
2009.05.28 17:12:48.400,1.1134,1.1137,16.80,2.60
2009.05.28 17:12:48.750,1.1134,1.1137,9.20,4.80
2009.05.28 17:12:49.050,1.1134,1.1136,9.20,1.00
2009.05.28 17:12:49.680,1.11345,1.1137,9.20,4.20
2009.05.28 17:12:50.559,1.11345,1.1137,9.20,2.60
2009.05.28 17:12:52.419,1.11345,1.11365,9.20,1.00
2009.05.28 17:12:52.709,1.1135,1.11365,1.20,2.40
2009.05.28 17:12:52.829,1.1135,1.11365,3.20,2.40
2009.05.28 17:12:57.838,1.1136,1.11365,1.20,1.60
2009.05.28 17:12:57.948,1.1136,1.11385,3.60,22.20
2009.05.28 17:12:58.168,1.1136,1.11375,3.80,2.40
2009.05.28 17:12:58.457,1.1136,1.11375,3.40,2.60
2009.05.28 17:12:58.747,1.1136,1.11375,3.60,2.60
2009.05.28 17:12:59.207,1.1136,1.1137,3.20,2.60
2009.05.28 17:13:00.127,1.1137,1.11375,3.20,3.10
2009.05.28 17:13:00.817,1.1136,1.1138,3.20,13.80
2009.05.28 17:13:00.927,1.1136,1.1138,3.40,13.20
2009.05.28 17:13:01.287,1.1136,1.1138,3.40,14.40
2009.05.28 17:13:01.747,1.1137,1.1138,3.20,13.20
2009.05.28 17:13:02.037,1.1137,1.1138,3.20,14.60
2009.05.28 17:13:02.267,1.1137,1.1138,3.20,16.00
2009.05.28 17:13:02.497,1.1137,1.1138,3.00,16.00
2009.05.28 17:13:03.246,1.1137,1.1138,2.60,16.00
2009.05.28 17:13:04.046,1.1136,1.1137,3.20,1.00
2009.05.28 17:13:04.396,1.1136,1.1137,3.20,2.60
2009.05.28 17:13:06.266,1.1136,1.1137,3.40,2.60
2009.05.28 17:13:08.555,1.1136,1.1137,3.20,2.60
2009.05.28 17:13:09.165,1.1136,1.1137,3.20,1.80
2009.05.28 17:13:09.345,1.1136,1.1137,3.20,1.00
2009.05.28 17:13:09.525,1.1136,1.1138,3.20,22.00
2009.05.28 17:13:09.695,1.1136,1.1138,3.20,21.40
2009.05.28 17:13:10.045,1.1136,1.1138,3.20,22.40
2009.05.28 17:13:10.225,1.1136,1.1138,3.20,22.60
2009.05.28 17:13:10.695,1.1136,1.1138,3.40,22.20
2009.05.28 17:13:11.224,1.1136,1.1138,3.20,22.40
2009.05.28 17:13:11.754,1.1136,1.1138,3.20,22.00
2009.05.28 17:13:12.314,1.1136,1.1138,3.20,4.80
2009.05.28 17:13:15.133,1.1136,1.1138,3.60,4.80
2009.05.28 17:13:15.633,1.1136,1.1138,3.80,4.80
2009.05.28 17:13:16.724,1.1136,1.1138,4.00,4.80
2009.05.28 17:13:17.283,1.1136,1.1138,5.60,4.80
2009.05.28 17:13:17.503,1.1136,1.1138,5.60,4.80
2009.05.28 17:13:20.212,1.1136,1.1138,4.40,4.80
2009.05.28 17:13:20.562,1.1136,1.1138,4.00,4.80
2009.05.28 17:13:20.962,1.1136,1.1138,3.60,4.80
2009.05.28 17:13:21.142,1.1136,1.1138,3.20,4.80
2009.05.28 17:13:21.872,1.11355,1.1138,9.20,4.80
2009.05.28 17:13:22.152,1.11355,1.1138,2.80,4.80
2009.05.28 17:13:22.512,1.1135,1.1138,6.60,4.80
2009.05.28 17:13:22.672,1.1135,1.1138,3.40,4.80
2009.05.28 17:13:24.142,1.1136,1.1138,3.60,4.80
2009.05.28 17:13:24.321,1.1136,1.1138,3.80,4.80
2009.05.28 17:13:24.721,1.1136,1.1138,3.60,4.80
2009.05.28 17:13:25.061,1.1136,1.1138,3.40,4.80
2009.05.28 17:13:25.821,1.1136,1.1138,3.60,4.80
2009.05.28 17:13:26.161,1.1136,1.1138,3.20,4.80
2009.05.28 17:13:26.801,1.1136,1.1137,1.20,1.20
2009.05.28 17:13:27.191,1.1135,1.1137,6.00,4.80
2009.05.28 17:13:27.481,1.1135,1.1138,3.20,4.80
2009.05.28 17:13:28.310,1.1135,1.1137,3.20,1.00
2009.05.28 17:13:28.760,1.1135,1.1137,3.20,2.60
2009.05.28 17:13:31.690,1.1135,1.1137,3.20,5.60
2009.05.28 17:13:31.929,1.1135,1.1137,3.20,5.40
2009.05.28 17:13:32.329,1.1135,1.1137,3.20,5.20
2009.05.28 17:13:32.619,1.1136,1.1137,1.20,5.20
2009.05.28 17:13:32.849,1.1136,1.1137,1.60,2.60
2009.05.28 17:13:33.139,1.1134,1.1137,6.00,2.60
2009.05.28 17:13:33.419,1.1134,1.1137,6.00,3.60
2009.05.28 17:13:33.649,1.1134,1.1137,6.00,2.60
2009.05.28 17:13:34.339,1.1136,1.1137,1.60,2.60
2009.05.28 17:13:34.639,1.1135,1.1137,4.00,2.60
2009.05.28 17:13:34.799,1.1135,1.1137,4.00,1.80
2009.05.28 17:13:34.969,1.1136,1.11395,1.60,4.80
2009.05.28 17:13:35.089,1.1136,1.114,1.80,9.40
2009.05.28 17:13:35.369,1.11375,1.11385,6.00,1.00
2009.05.28 17:13:35.548,1.11375,1.11385,12.00,1.20
2009.05.28 17:13:35.948,1.11375,1.11385,7.20,2.00
2009.05.28 17:13:39.848,1.1139,1.114,1.60,9.70
2009.05.28 17:13:40.018,1.1139,1.114,2.80,7.80
2009.05.28 17:13:40.377,1.1139,1.114,2.40,7.80
2009.05.28 17:13:40.778,1.1139,1.114,2.40,4.80
2009.05.28 17:13:40.947,1.1139,1.11405,2.40,8.00
2009.05.28 17:13:41.127,1.1139,1.114,2.40,4.80
2009.05.28 17:13:43.207,1.1139,1.11405,2.40,7.80
2009.05.28 17:13:43.317,1.1139,1.11405,2.40,6.00
2009.05.28 17:13:43.707,1.1139,1.11405,3.20,5.40
2009.05.28 17:13:43.997,1.1139,1.11405,2.80,5.60
2009.05.28 17:13:44.176,1.1139,1.11405,2.80,6.00
2009.05.28 17:13:44.566,1.1139,1.11405,2.80,6.00
2009.05.28 17:13:44.676,1.1139,1.11405,2.80,6.00
2009.05.28 17:13:45.146,1.1139,1.11405,2.80,5.40
2009.05.28 17:13:45.316,1.1139,1.11405,2.80,5.00
2009.05.28 17:13:45.496,1.1139,1.11405,2.80,4.80
2009.05.28 17:13:45.676,1.1139,1.11405,3.20,1.00
2009.05.28 17:13:45.966,1.1139,1.1141,3.20,8.00
2009.05.28 17:13:46.206,1.1139,1.1141,3.20,4.80
2009.05.28 17:13:50.045,1.1139,1.1141,2.80,1.00
2009.05.28 17:13:50.565,1.1139,1.114,1.20,2.40
2009.05.28 17:13:50.905,1.1137,1.1139,1.00,1.00
2009.05.28 17:13:51.555,1.11365,1.1139,1.80,1.00
2009.05.28 17:13:51.735,1.11365,1.1139,1.20,1.00
2009.05.28 17:13:52.244,1.1137,1.114,1.20,3.80
2009.05.28 17:13:52.475,1.1137,1.114,4.00,6.00
2009.05.28 17:13:52.824,1.1137,1.114,4.00,4.80
2009.05.28 17:13:53.304,1.1137,1.114,4.00,6.00
2009.05.28 17:13:54.624,1.1137,1.1139,4.00,1.00
2009.05.28 17:13:54.784,1.1137,1.1139,4.00,1.20
2009.05.28 17:13:54.964,1.1137,1.1139,4.20,4.60
2009.05.28 17:13:55.254,1.1137,1.1139,3.80,4.60
2009.05.28 17:13:55.434,1.1137,1.1139,4.00,4.60
2009.05.28 17:13:56.534,1.1137,1.1139,4.00,4.60
2009.05.28 17:13:56.823,1.1137,1.1139,4.20,4.60
2009.05.28 17:13:56.883,1.1137,1.1139,4.40,4.20
2009.05.28 17:13:57.543,1.1138,1.1139,2.40,3.20
2009.05.28 17:13:57.773,1.1138,1.1139,2.40,4.00
2009.05.28 17:13:58.103,1.1138,1.1139,1.80,4.00
2009.05.28 17:13:58.283,1.1138,1.1139,1.20,4.00
2009.05.28 17:13:58.503,1.1137,1.1139,6.40,4.00
2009.05.28 17:13:59.764,1.1138,1.1139,1.20,3.20
2009.05.28 17:14:00.113,1.1138,1.114,2.40,6.60
2009.05.28 17:14:00.282,1.1138,1.1139,2.20,2.60
2009.05.28 17:14:00.743,1.1138,1.1139,1.80,2.60
2009.05.28 17:14:00.913,1.1137,1.1139,5.00,3.20
2009.05.28 17:14:01.193,1.1137,1.1139,4.40,4.60
2009.05.28 17:14:01.362,1.1137,1.1139,4.20,5.60
2009.05.28 17:14:01.792,1.1137,1.1139,4.20,5.00
2009.05.28 17:14:02.022,1.1137,1.1139,4.20,4.60
2009.05.28 17:14:02.952,1.1137,1.1139,4.20,4.20
2009.05.28 17:14:03.192,1.1137,1.1139,4.00,4.00
2009.05.28 17:14:03.822,1.1137,1.1139,4.00,5.80
2009.05.28 17:14:04.162,1.1137,1.1139,4.00,5.40
2009.05.28 17:14:04.742,1.1137,1.1139,4.00,5.60
2009.05.28 17:14:04.981,1.1137,1.1139,4.00,5.80
2009.05.28 17:14:05.261,1.1137,1.1139,4.20,4.80
2009.05.28 17:14:05.821,1.1138,1.1139,2.40,2.60
2009.05.28 17:14:06.541,1.1138,1.114,1.20,4.80
2009.05.28 17:14:06.941,1.1137,1.1139,4.40,1.00
2009.05.28 17:14:07.351,1.1137,1.1139,4.20,2.00
2009.05.28 17:14:07.531,1.1138,1.1139,2.20,2.60
2009.05.28 17:14:07.751,1.1138,1.1139,2.40,2.60
2009.05.28 17:14:08.171,1.1138,1.1139,3.00,2.60
2009.05.28 17:14:08.351,1.1138,1.1139,3.00,2.60
2009.05.28 17:14:08.870,1.1138,1.114,2.40,7.20
2009.05.28 17:14:09.380,1.1138,1.114,2.80,7.20
2009.05.28 17:14:09.560,1.1138,1.114,2.80,7.20
2009.05.28 17:14:09.740,1.1138,1.114,2.80,4.80
2009.05.28 17:14:10.080,1.1139,1.114,2.40,3.60
2009.05.28 17:14:10.410,1.1139,1.114,2.80,3.60
2009.05.28 17:14:10.690,1.1139,1.114,3.00,2.20
2009.05.28 17:14:11.110,1.1139,1.114,3.00,1.00
2009.05.28 17:14:11.520,1.1139,1.114,2.20,1.00
2009.05.28 17:14:11.810,1.1139,1.114,1.80,2.00
2009.05.28 17:14:12.230,1.1139,1.114,1.20,4.00
2009.05.28 17:14:12.630,1.1138,1.114,6.60,3.20
2009.05.28 17:14:12.749,1.1138,1.114,6.60,1.20
2009.05.28 17:14:13.030,1.1138,1.114,7.00,1.20
2009.05.28 17:14:14.009,1.1138,1.11405,7.40,5.60
2009.05.28 17:14:14.359,1.1138,1.11405,8.60,5.60
2009.05.28 17:14:14.769,1.1138,1.11405,9.20,5.40
2009.05.28 17:14:15.499,1.1138,1.11405,9.20,5.40
2009.05.28 17:14:15.849,1.1138,1.114,9.40,1.00
2009.05.28 17:14:16.189,1.1139,1.1141,3.00,4.20
2009.05.28 17:14:16.479,1.114,1.1143,1.00,8.40
2009.05.28 17:14:16.829,1.114,1.11425,2.80,4.20
2009.05.28 17:14:17.179,1.114,1.11435,3.00,4.80
2009.05.28 17:14:22.247,1.114,1.1142,2.40,1.20
2009.05.28 17:14:22.358,1.114,1.1142,2.40,2.60
2009.05.28 17:14:22.477,1.114,1.1142,2.40,3.00
2009.05.28 17:14:22.737,1.114,1.1142,2.40,4.20
2009.05.28 17:14:22.977,1.114,1.1142,2.40,2.60
2009.05.28 17:14:23.087,1.114,1.1142,3.00,2.60
2009.05.28 17:14:23.427,1.114,1.1143,3.00,6.60
2009.05.28 17:14:23.607,1.114,1.1142,3.00,1.20
2009.05.28 17:14:31.085,1.114,1.11425,3.00,5.60
2009.05.28 17:14:31.265,1.114,1.11425,2.40,5.60
2009.05.28 17:14:31.485,1.114,1.11425,1.20,6.40
2009.05.28 17:14:31.895,1.11375,1.1141,8.00,3.60
2009.05.28 17:14:32.125,1.1136,1.1141,10.20,5.40
2009.05.28 17:14:32.535,1.11365,1.1141,3.60,5.40
2009.05.28 17:14:33.115,1.11365,1.114,3.60,5.40
2009.05.28 17:14:35.924,1.1137,1.114,3.80,5.40
2009.05.28 17:14:36.484,1.1137,1.114,3.80,5.20
2009.05.28 17:14:36.814,1.1137,1.114,3.80,4.80
2009.05.28 17:14:37.274,1.1137,1.114,3.80,5.20
2009.05.28 17:14:37.444,1.1137,1.114,4.00,4.60
2009.05.28 17:14:37.614,1.1137,1.114,4.00,4.40
2009.05.28 17:14:37.724,1.1137,1.114,4.00,4.20
2009.05.28 17:14:37.894,1.1137,1.114,4.00,6.00
2009.05.28 17:14:38.063,1.1137,1.114,4.00,4.80
2009.05.28 17:14:43.182,1.1137,1.1139,4.00,4.80
2009.05.28 17:14:44.322,1.1138,1.114,1.20,4.80
2009.05.28 17:14:44.432,1.1138,1.114,2.80,4.80
2009.05.28 17:14:45.012,1.1138,1.114,3.00,4.80
2009.05.28 17:14:47.071,1.1138,1.114,2.40,4.80
2009.05.28 17:14:47.361,1.1138,1.114,2.40,4.80
2009.05.28 17:14:47.971,1.1138,1.11405,2.40,9.00
2009.05.28 17:14:48.081,1.1138,1.11405,3.00,8.60
2009.05.28 17:14:48.321,1.1138,1.11405,3.00,7.80
2009.05.28 17:14:48.381,1.1138,1.114,3.00,6.60
2009.05.28 17:14:48.611,1.1138,1.114,3.00,5.40
2009.05.28 17:14:48.661,1.1138,1.11405,2.80,8.20
2009.05.28 17:14:48.841,1.1138,1.11405,1.00,8.20
2009.05.28 17:14:49.161,1.1137,1.114,4.20,5.40
2009.05.28 17:14:49.571,1.1137,1.114,4.20,5.40
2009.05.28 17:14:49.911,1.1137,1.114,4.20,4.80
2009.05.28 17:14:50.081,1.1137,1.114,4.20,6.20
2009.05.28 17:14:50.311,1.1137,1.114,4.20,7.80
2009.05.28 17:14:50.481,1.1137,1.1139,4.20,1.20
2009.05.28 17:14:50.650,1.1137,1.1139,2.40,4.00
2009.05.28 17:14:51.001,1.1136,1.1139,3.40,4.80
2009.05.28 17:14:51.340,1.1136,1.1139,3.20,4.80
2009.05.28 17:14:51.690,1.1135,1.1138,11.40,4.80
2009.05.28 17:14:52.180,1.1134,1.1137,8.40,2.40
2009.05.28 17:14:52.420,1.11345,1.1137,6.00,2.60
2009.05.28 17:14:52.710,1.11345,1.1137,6.00,5.20
2009.05.28 17:14:53.230,1.11345,1.1137,6.00,4.60
2009.05.28 17:14:53.580,1.11345,1.1138,6.00,6.60
2009.05.28 17:14:53.970,1.11345,1.1138,6.00,4.80
2009.05.28 17:14:55.439,1.11355,1.1138,1.00,4.80
2009.05.28 17:14:55.609,1.11355,1.1138,5.20,4.80
2009.05.28 17:14:55.899,1.11365,1.1138,1.00,4.80
2009.05.28 17:14:56.069,1.11365,1.1139,1.60,4.80
2009.05.28 17:14:56.419,1.11375,1.1138,1.00,4.80
2009.05.28 17:14:56.929,1.1138,1.11385,2.00,3.20
2009.05.28 17:14:57.289,1.1138,1.11405,2.60,4.80
2009.05.28 17:14:57.979,1.1138,1.11405,3.20,4.80
2009.05.28 17:14:58.578,1.1138,1.114,3.40,4.80
2009.05.28 17:14:59.118,1.1138,1.11395,3.40,1.60
2009.05.28 17:14:59.228,1.1138,1.1139,3.40,4.80
2009.05.28 17:14:59.708,1.1138,1.1139,2.40,4.80
2009.05.28 17:15:02.308,1.1137,1.1139,2.60,4.80
2009.05.28 17:15:02.608,1.1137,1.1138,1.20,1.00
2009.05.28 17:15:03.008,1.1136,1.1138,3.80,1.00
2009.05.28 17:15:03.348,1.1136,1.1137,3.20,1.00
2009.05.28 17:15:03.567,1.1136,1.1137,1.00,1.00
2009.05.28 17:15:03.747,1.1135,1.1137,1.00,1.00
2009.05.28 17:15:03.917,1.11345,1.1136,6.00,1.00
2009.05.28 17:15:04.297,1.11345,1.1136,6.00,1.00
2009.05.28 17:15:04.537,1.11345,1.1137,6.00,3.20
2009.05.28 17:15:04.817,1.11345,1.1137,6.00,4.60
2009.05.28 17:15:05.217,1.11345,1.1136,6.00,1.00
2009.05.28 17:15:05.497,1.11345,1.1135,6.00,1.20
2009.05.28 17:15:05.897,1.11345,1.1135,6.00,2.60
2009.05.28 17:15:06.297,1.11325,1.1134,8.00,1.00
2009.05.28 17:15:06.817,1.11315,1.1133,1.00,1.00
2009.05.28 17:15:07.167,1.1131,1.1132,7.00,1.00
2009.05.28 17:15:07.506,1.11315,1.1132,2.80,1.00
2009.05.28 17:15:07.737,1.11315,1.1132,3.20,1.00
2009.05.28 17:15:08.026,1.11315,1.1132,2.80,1.00
2009.05.28 17:15:08.266,1.11315,1.1132,3.20,1.00
2009.05.28 17:15:08.776,1.11315,1.1133,3.20,1.00
2009.05.28 17:15:10.076,1.11315,1.1132,2.80,1.00
2009.05.28 17:15:10.745,1.11315,1.1133,3.20,3.40
2009.05.28 17:15:10.926,1.11315,1.1132,3.20,1.00
2009.05.28 17:15:11.146,1.11315,1.1132,3.20,1.00
2009.05.28 17:15:11.485,1.11315,1.1133,3.20,3.00
2009.05.28 17:15:12.395,1.11315,1.1133,3.20,1.20
2009.05.28 17:15:12.746,1.11315,1.1133,3.20,1.00
2009.05.28 17:15:14.155,1.1132,1.1133,1.20,1.00
2009.05.28 17:15:14.335,1.1132,1.1134,3.00,4.80
2009.05.28 17:15:14.615,1.1132,1.1134,3.20,4.80
2009.05.28 17:15:14.795,1.1132,1.1134,2.40,4.80
2009.05.28 17:15:14.965,1.1132,1.1134,2.20,4.80
2009.05.28 17:15:16.194,1.1132,1.1134,1.20,4.80
2009.05.28 17:15:16.494,1.1132,1.1133,1.20,2.60
2009.05.28 17:15:17.114,1.1132,1.1134,1.80,6.60
2009.05.28 17:15:17.404,1.1132,1.1134,1.80,4.80
2009.05.28 17:15:19.644,1.1132,1.1134,1.80,4.40
2009.05.28 17:15:19.983,1.1132,1.1134,1.80,2.40
2009.05.28 17:15:20.453,1.1132,1.1134,1.80,2.60
2009.05.28 17:15:20.733,1.1132,1.1134,1.80,4.80
2009.05.28 17:15:21.205,1.1132,1.1134,1.80,4.60
2009.05.28 17:15:21.943,1.1132,1.1134,1.80,5.20
2009.05.28 17:15:22.273,1.1132,1.1134,1.80,5.60
2009.05.28 17:15:22.603,1.1132,1.1134,1.80,4.80
2009.05.28 17:15:22.783,1.1132,1.1134,1.80,4.60
2009.05.28 17:15:22.893,1.1132,1.1134,2.80,4.60
2009.05.28 17:15:23.233,1.1132,1.1134,3.20,3.60
2009.05.28 17:15:23.413,1.1132,1.1134,3.20,4.20
2009.05.28 17:15:23.693,1.1132,1.1134,3.40,3.80
2009.05.28 17:15:24.093,1.1132,1.1134,4.00,1.00
2009.05.28 17:15:24.322,1.1132,1.1134,4.60,1.00
2009.05.28 17:15:25.032,1.1132,1.1134,5.00,1.00
2009.05.28 17:15:25.332,1.1132,1.1133,3.20,1.00
2009.05.28 17:15:25.722,1.1132,1.1133,2.40,1.00
2009.05.28 17:15:26.062,1.1132,1.1133,1.80,1.00
2009.05.28 17:15:26.362,1.11315,1.1133,3.80,1.00
2009.05.28 17:15:27.222,1.1133,1.1134,1.00,1.00
2009.05.28 17:15:27.752,1.1133,1.1137,1.00,4.80
2009.05.28 17:15:27.871,1.11335,1.1137,6.00,4.80
2009.05.28 17:15:28.211,1.11335,1.1136,6.00,1.20
2009.05.28 17:15:28.321,1.1133,1.1136,2.20,2.40
2009.05.28 17:15:29.871,1.1133,1.1135,1.40,2.40
2009.05.28 17:15:30.211,1.1133,1.1135,1.00,2.40
2009.05.28 17:15:30.441,1.1133,1.1135,1.00,2.00
2009.05.28 17:15:30.791,1.1133,1.1135,1.00,2.40
2009.05.28 17:15:31.081,1.1133,1.1135,1.00,2.00
2009.05.28 17:15:31.261,1.1134,1.1135,1.00,1.00
2009.05.28 17:15:31.481,1.1134,1.1135,1.20,1.00
2009.05.28 17:15:31.830,1.1134,1.1135,1.00,1.60
2009.05.28 17:15:37.799,1.1133,1.1135,3.20,4.80
2009.05.28 17:15:38.269,1.1133,1.1135,3.20,4.80
2009.05.28 17:15:38.669,1.1133,1.1135,2.20,4.80
2009.05.28 17:15:44.008,1.1133,1.1134,2.20,1.00
2009.05.28 17:15:44.658,1.1133,1.1134,2.20,1.60
2009.05.28 17:15:45.817,1.1133,1.1134,2.20,2.40
2009.05.28 17:15:46.177,1.1133,1.1134,1.60,2.40
2009.05.28 17:15:46.457,1.1131,1.1134,3.80,3.40
2009.05.28 17:15:46.967,1.1131,1.1133,3.80,1.00
2009.05.28 17:15:47.257,1.1131,1.1132,3.80,1.00
2009.05.28 17:15:47.597,1.11315,1.1132,2.80,1.00
2009.05.28 17:15:52.775,1.11315,1.1132,2.80,1.00
2009.05.28 17:15:53.186,1.1131,1.1133,5.60,4.80
2009.05.28 17:15:53.245,1.1131,1.1133,2.60,4.80
2009.05.28 17:15:53.995,1.1131,1.1133,1.20,4.80
2009.05.28 17:15:54.115,1.113,1.1133,6.60,4.80
2009.05.28 17:15:54.625,1.113,1.1133,1.00,4.80
2009.05.28 17:15:55.305,1.113,1.1132,1.00,1.20
2009.05.28 17:15:55.605,1.113,1.1132,1.00,2.80
2009.05.28 17:15:56.055,1.113,1.1132,1.00,3.20
2009.05.28 17:15:56.235,1.11295,1.1132,16.40,4.80
2009.05.28 17:15:57.904,1.11295,1.1132,16.40,5.00
2009.05.28 17:16:00.144,1.11275,1.11305,1.00,4.80
2009.05.28 17:16:00.733,1.11275,1.1131,1.00,4.80
2009.05.28 17:16:01.184,1.11275,1.1131,3.80,4.80
2009.05.28 17:16:01.523,1.11275,1.1131,3.80,6.40
2009.05.28 17:16:01.813,1.11275,1.1131,3.80,6.60
2009.05.28 17:16:02.623,1.11275,1.1131,10.00,6.60
2009.05.28 17:16:02.953,1.11275,1.1131,10.00,4.80
2009.05.28 17:16:04.213,1.1128,1.1131,1.20,4.80
2009.05.28 17:16:04.623,1.1129,1.1132,2.60,8.20
2009.05.28 17:16:05.023,1.1129,1.1132,2.60,6.60
2009.05.28 17:16:05.642,1.113,1.1132,2.60,6.60
2009.05.28 17:16:07.022,1.113,1.1132,1.40,6.60
2009.05.28 17:16:07.582,1.11295,1.1132,1.00,4.80
2009.05.28 17:16:07.762,1.11295,1.1133,3.80,4.80
2009.05.28 17:16:08.002,1.11305,1.1133,1.20,4.80
2009.05.28 17:16:08.342,1.11305,1.1133,2.60,4.80
2009.05.28 17:16:10.141,1.1131,1.11315,2.60,1.50
2009.05.28 17:16:10.911,1.1131,1.11315,3.20,1.50
2009.05.28 17:16:14.210,1.1132,1.1133,2.60,4.80
2009.05.28 17:16:14.380,1.1132,1.1133,2.60,1.60
2009.05.28 17:16:14.720,1.1132,1.1134,2.60,5.80
2009.05.28 17:16:14.840,1.1132,1.1134,2.60,4.80
2009.05.28 17:16:20.309,1.1133,1.1134,2.60,4.80
2009.05.28 17:16:21.718,1.1132,1.1134,3.20,4.80
2009.05.28 17:16:22.388,1.1132,1.1134,3.80,4.80
2009.05.28 17:16:23.488,1.1132,1.1134,2.60,4.80
2009.05.28 17:16:27.047,1.1132,1.1133,2.60,4.80
2009.05.28 17:16:27.387,1.1132,1.1133,2.20,4.80
2009.05.28 17:16:27.737,1.1132,1.1134,2.60,4.80
2009.05.28 17:16:28.477,1.1133,1.1134,1.20,4.80
2009.05.28 17:16:28.817,1.1133,1.1134,2.60,4.80
2009.05.28 17:16:34.236,1.1134,1.1135,2.40,1.00
2009.05.28 17:16:35.455,1.1134,1.1135,2.40,1.20
2009.05.28 17:16:35.785,1.1133,1.1135,9.20,1.20
2009.05.28 17:16:36.105,1.1133,1.1135,4.80,1.20
2009.05.28 17:16:36.445,1.1134,1.1135,1.60,1.20
2009.05.28 17:16:36.735,1.1133,1.1135,11.00,1.80
2009.05.28 17:16:37.255,1.1133,1.1135,3.60,1.80
2009.05.28 17:16:37.795,1.1133,1.1135,2.60,1.80
2009.05.28 17:16:39.994,1.1133,1.1135,2.60,5.40
2009.05.28 17:16:40.254,1.1133,1.1135,2.60,5.20
2009.05.28 17:16:40.844,1.1133,1.1135,2.60,4.80
2009.05.28 17:16:41.064,1.1133,1.1135,2.60,2.40
2009.05.28 17:16:41.244,1.1133,1.1135,2.60,2.40
2009.05.28 17:16:41.474,1.1133,1.1135,2.60,2.60
2009.05.28 17:16:41.834,1.1133,1.1135,2.60,3.00
2009.05.28 17:16:42.214,1.1133,1.1135,2.60,2.60
2009.05.28 17:16:42.773,1.1134,1.1135,1.00,2.60
2009.05.28 17:16:43.003,1.11305,1.1135,9.60,1.00
2009.05.28 17:16:43.843,1.11305,1.1135,9.20,4.80
2009.05.28 17:16:44.783,1.11315,1.1135,7.60,4.80
2009.05.28 17:16:45.883,1.1133,1.1135,1.40,4.80
2009.05.28 17:16:46.203,1.1133,1.1135,2.60,2.40
2009.05.28 17:16:46.373,1.1133,1.1135,1.00,6.40
2009.05.28 17:16:46.673,1.1132,1.1135,1.00,7.20
2009.05.28 17:16:47.033,1.1133,1.1135,1.60,6.40
2009.05.28 17:16:47.382,1.1133,1.1135,2.40,5.00
2009.05.28 17:16:47.742,1.1133,1.1135,2.40,4.60
2009.05.28 17:16:48.192,1.1133,1.1135,1.60,6.40
2009.05.28 17:16:48.482,1.1133,1.1135,1.60,6.80
2009.05.28 17:16:48.882,1.1133,1.1135,1.80,6.80
2009.05.28 17:16:49.062,1.1133,1.1135,2.20,6.80
2009.05.28 17:16:49.402,1.1133,1.1135,2.20,6.40
2009.05.28 17:16:49.991,1.1133,1.1135,2.80,5.60
2009.05.28 17:16:50.332,1.1133,1.1135,2.20,5.60
2009.05.28 17:16:50.681,1.1133,1.1135,2.20,6.80
2009.05.28 17:16:50.791,1.1133,1.1135,2.20,7.20
2009.05.28 17:16:50.911,1.1133,1.1135,2.20,7.40
2009.05.28 17:16:51.021,1.1133,1.1135,2.20,7.20
2009.05.28 17:16:51.251,1.1133,1.1135,2.20,7.00
2009.05.28 17:16:51.371,1.1133,1.1135,2.20,8.60
2009.05.28 17:16:51.491,1.1133,1.1135,2.20,8.80
2009.05.28 17:16:51.671,1.1133,1.1135,2.20,8.80
2009.05.28 17:16:52.461,1.1133,1.1135,2.00,8.80
2009.05.28 17:16:52.681,1.1133,1.1134,1.20,1.20
2009.05.28 17:16:52.911,1.1132,1.1134,1.60,3.00
2009.05.28 17:16:53.311,1.1132,1.1134,1.60,2.80
2009.05.28 17:16:53.421,1.1132,1.1134,1.60,2.60
2009.05.28 17:16:53.591,1.1132,1.1134,1.60,2.40
2009.05.28 17:16:53.871,1.1132,1.1134,1.60,2.60
2009.05.28 17:16:54.261,1.1132,1.1134,1.60,3.00
2009.05.28 17:16:54.591,1.1132,1.1134,1.60,4.60
2009.05.28 17:16:54.871,1.1132,1.11345,1.00,11.40
2009.05.28 17:16:55.660,1.11315,1.11335,12.40,3.00
2009.05.28 17:16:56.060,1.11315,1.11335,12.00,4.80
2009.05.28 17:16:56.340,1.11295,1.11325,2.20,6.60
2009.05.28 17:16:56.760,1.11265,1.1131,5.60,4.80
2009.05.28 17:16:57.000,1.1127,1.1131,1.00,4.80
2009.05.28 17:16:57.950,1.1128,1.1131,1.00,6.60
2009.05.28 17:16:59.170,1.1128,1.1131,3.80,4.80
2009.05.28 17:16:59.511,1.1128,1.1131,7.00,1.00
2009.05.28 17:16:59.730,1.1128,1.1132,7.00,4.80
2009.05.28 17:17:00.519,1.11275,1.1132,6.60,4.80
2009.05.28 17:17:00.999,1.1129,1.1132,3.20,4.80
2009.05.28 17:17:01.819,1.1128,1.1131,3.20,2.60
2009.05.28 17:17:02.689,1.1129,1.1131,3.20,2.40
2009.05.28 17:17:02.909,1.1129,1.1131,3.20,1.00
2009.05.28 17:17:05.338,1.1129,1.1131,3.80,1.00
2009.05.28 17:17:05.508,1.1129,1.1131,4.40,1.00
2009.05.28 17:17:06.138,1.1129,1.1131,4.00,1.00
2009.05.28 17:17:06.598,1.1129,1.1131,3.20,2.60
2009.05.28 17:17:07.278,1.1129,1.1131,3.20,1.00
2009.05.28 17:17:07.618,1.1129,1.1131,3.20,2.60
2009.05.28 17:17:08.077,1.113,1.1131,3.20,1.00
2009.05.28 17:17:09.327,1.1131,1.11315,10.20,1.50
2009.05.28 17:17:09.387,1.1131,1.11315,10.40,1.50
2009.05.28 17:17:09.927,1.1132,1.1133,2.00,1.70
2009.05.28 17:17:10.277,1.1132,1.1134,2.80,4.20
2009.05.28 17:17:10.727,1.1133,1.1134,1.60,4.20
2009.05.28 17:17:11.617,1.1132,1.1134,2.80,4.00
2009.05.28 17:17:12.176,1.1133,1.1134,1.20,3.20
2009.05.28 17:17:12.526,1.1131,1.11315,5.70,1.50
2009.05.28 17:17:12.706,1.1133,1.1135,2.00,8.20
2009.05.28 17:17:12.927,1.1133,1.1135,1.60,1.00
2009.05.28 17:17:13.146,1.1133,1.1135,1.60,2.60
2009.05.28 17:17:13.316,1.1133,1.1136,2.40,6.60
2009.05.28 17:17:13.796,1.1133,1.1136,2.40,4.80
2009.05.28 17:17:13.966,1.1133,1.1134,1.60,1.00
2009.05.28 17:17:18.805,1.1132,1.1133,1.20,4.80
2009.05.28 17:17:19.365,1.1132,1.1133,1.60,4.80
2009.05.28 17:17:20.224,1.1132,1.1133,1.00,4.80
2009.05.28 17:17:20.284,1.1131,1.1133,4.00,4.80
2009.05.28 17:17:21.324,1.1131,1.1133,3.40,4.80
2009.05.28 17:17:22.004,1.1131,1.1133,3.20,4.80
2009.05.28 17:17:22.244,1.1131,1.1133,3.20,4.80
2009.05.28 17:17:22.724,1.1131,1.1133,3.20,4.80
2009.05.28 17:17:23.394,1.1131,1.1133,3.80,4.80
2009.05.28 17:17:23.674,1.1131,1.1133,4.00,4.80
2009.05.28 17:17:24.263,1.1131,1.1133,3.40,4.80
2009.05.28 17:17:24.783,1.1131,1.1133,4.00,4.80
2009.05.28 17:17:25.123,1.1131,1.1133,4.40,4.80
2009.05.28 17:17:26.973,1.1132,1.1133,3.00,4.80
2009.05.28 17:17:28.093,1.1131,1.1132,4.20,4.80
2009.05.28 17:17:28.732,1.1132,1.1133,1.60,6.00
2009.05.28 17:17:32.781,1.1133,1.11335,1.60,7.80
2009.05.28 17:17:33.012,1.1133,1.1134,4.40,11.60
2009.05.28 17:17:33.191,1.1133,1.11335,4.40,5.80
2009.05.28 17:17:33.471,1.1133,1.11335,4.40,4.80
2009.05.28 17:17:33.641,1.1134,1.11345,1.00,3.10
2009.05.28 17:17:33.921,1.1133,1.1134,4.60,2.40
2009.05.28 17:17:34.101,1.1133,1.1134,7.70,1.00
2009.05.28 17:17:34.451,1.1134,1.11345,2.80,1.50
2009.05.28 17:17:34.621,1.1134,1.11345,2.40,1.50
2009.05.28 17:17:34.781,1.1134,1.11345,2.00,1.50
2009.05.28 17:17:35.111,1.1134,1.11345,1.60,1.50
2009.05.28 17:17:36.450,1.1134,1.1135,1.60,4.80
2009.05.28 17:17:36.570,1.1134,1.1135,1.00,4.80
2009.05.28 17:17:36.740,1.1133,1.1135,13.40,4.80
2009.05.28 17:17:36.901,1.1133,1.1135,12.00,4.80
2009.05.28 17:17:37.070,1.1133,1.1134,4.80,1.00
2009.05.28 17:17:37.240,1.1133,1.1134,3.20,1.00
2009.05.28 17:17:37.530,1.1133,1.1134,1.60,1.00
2009.05.28 17:17:41.379,1.1133,1.1134,1.00,1.00
2009.05.28 17:17:41.719,1.1131,1.1133,4.80,6.40
2009.05.28 17:17:42.229,1.1131,1.1132,10.80,1.00
2009.05.28 17:17:42.929,1.11315,1.1132,10.80,1.00
2009.05.28 17:17:43.209,1.11315,1.1133,10.80,6.40
2009.05.28 17:17:43.379,1.11315,1.1133,10.80,5.80
2009.05.28 17:17:43.499,1.11315,1.1133,10.80,5.60
2009.05.28 17:17:43.779,1.11315,1.1132,10.80,1.00
2009.05.28 17:17:46.748,1.11315,1.1133,10.80,1.00
2009.05.28 17:17:47.078,1.11315,1.1133,10.80,1.00
2009.05.28 17:17:47.418,1.11315,1.1134,10.80,4.80
2009.05.28 17:17:47.938,1.11315,1.11325,10.80,1.00
2009.05.28 17:17:48.808,1.11315,1.11325,6.00,1.00
2009.05.28 17:17:49.098,1.11275,1.1131,2.40,2.20
2009.05.28 17:17:49.328,1.1127,1.113,1.80,1.00
2009.05.28 17:17:49.548,1.1127,1.113,1.20,1.00
2009.05.28 17:17:49.847,1.1126,1.1129,7.20,1.00
2009.05.28 17:17:50.237,1.1127,1.1129,4.40,1.00
2009.05.28 17:17:50.587,1.1127,1.1129,4.40,1.00
2009.05.28 17:17:51.177,1.1127,1.1129,4.80,1.00
2009.05.28 17:17:51.437,1.1127,1.1129,5.00,1.00
2009.05.28 17:17:51.727,1.1127,1.1129,4.60,1.00
2009.05.28 17:17:52.147,1.1128,1.1129,1.20,1.00
2009.05.28 17:17:52.487,1.1128,1.113,1.60,1.00
2009.05.28 17:17:52.836,1.1128,1.113,2.60,1.00
2009.05.28 17:17:53.217,1.1128,1.113,3.80,1.00
2009.05.28 17:17:53.726,1.1128,1.113,7.00,1.00
2009.05.28 17:17:53.896,1.1128,1.113,2.40,1.00
2009.05.28 17:17:54.426,1.1129,1.11325,2.80,6.60
2009.05.28 17:17:55.226,1.1129,1.11325,3.40,4.80
2009.05.28 17:17:55.786,1.1129,1.1132,3.40,6.60
2009.05.28 17:17:56.116,1.1129,1.1132,2.80,6.60
2009.05.28 17:17:58.035,1.1129,1.1132,2.80,6.40
2009.05.28 17:17:58.265,1.1129,1.1132,3.80,4.80
2009.05.28 17:17:58.496,1.113,1.1132,1.20,4.80
2009.05.28 17:17:58.665,1.113,1.1132,2.40,4.80
2009.05.28 17:17:59.835,1.1129,1.1131,8.80,2.40
2009.05.28 17:18:00.065,1.1129,1.1131,6.00,2.40
2009.05.28 17:18:00.355,1.1129,1.1131,2.40,2.40
2009.05.28 17:18:00.655,1.1129,1.113,1.60,1.00
2009.05.28 17:18:01.224,1.1128,1.113,1.80,1.00
2009.05.28 17:18:01.855,1.1128,1.113,1.00,1.00
2009.05.28 17:18:02.134,1.1127,1.113,8.20,1.00
2009.05.28 17:18:03.174,1.11285,1.1131,2.40,2.40
2009.05.28 17:18:03.474,1.11285,1.1132,2.40,6.60
2009.05.28 17:18:03.704,1.11285,1.1132,2.80,6.60
2009.05.28 17:18:04.204,1.113,1.1132,1.20,4.80
2009.05.28 17:18:04.434,1.113,1.1132,1.00,4.80
2009.05.28 17:18:04.674,1.1129,1.1132,3.20,4.80
2009.05.28 17:18:04.964,1.11305,1.1132,1.20,4.80
2009.05.28 17:18:05.194,1.11305,1.1132,2.00,4.80
2009.05.28 17:18:05.494,1.11305,1.1132,2.60,4.80
2009.05.28 17:18:05.764,1.11315,1.11345,1.20,4.80
2009.05.28 17:18:06.153,1.1132,1.11345,1.80,4.80
2009.05.28 17:18:07.373,1.1132,1.11345,1.80,10.00
2009.05.28 17:18:07.663,1.1133,1.1134,1.80,3.80
2009.05.28 17:18:07.893,1.1133,1.1134,1.80,2.80
2009.05.28 17:18:08.333,1.1133,1.1135,1.80,4.80
2009.05.28 17:18:13.682,1.1133,1.1134,1.20,1.00
2009.05.28 17:18:13.792,1.1132,1.1134,3.40,1.20
2009.05.28 17:18:14.132,1.1132,1.1134,4.00,1.20
2009.05.28 17:18:14.411,1.1132,1.1134,4.00,1.20
2009.05.28 17:18:14.801,1.1132,1.1133,3.20,1.20
2009.05.28 17:18:15.142,1.1132,1.1133,4.20,1.00
2009.05.28 17:18:15.602,1.1132,1.1134,5.20,1.20
2009.05.28 17:18:15.881,1.1132,1.1134,5.00,1.20
2009.05.28 17:18:16.221,1.1132,1.1134,5.00,1.00
2009.05.28 17:18:17.231,1.1132,1.1134,5.00,1.00
2009.05.28 17:18:17.391,1.1132,1.1134,5.00,1.20
2009.05.28 17:18:18.070,1.1132,1.1134,4.80,1.20
2009.05.28 17:18:22.010,1.1132,1.1133,4.80,1.00
2009.05.28 17:18:22.189,1.1132,1.1133,1.80,1.20
2009.05.28 17:18:24.449,1.1131,1.1132,3.90,1.00
2009.05.28 17:18:24.559,1.1131,1.1132,2.60,1.00
2009.05.28 17:18:24.669,1.1131,1.1132,2.60,1.00
2009.05.28 17:18:24.889,1.1131,1.1132,2.40,1.00
2009.05.28 17:18:24.949,1.1131,1.1132,1.20,1.20
2009.05.28 17:18:26.249,1.1131,1.1132,1.40,1.20
2009.05.28 17:18:26.359,1.1131,1.1132,1.20,1.00
2009.05.28 17:18:26.638,1.1131,1.1133,3.20,1.20
2009.05.28 17:18:26.979,1.1131,1.1133,1.40,1.40
2009.05.28 17:18:27.278,1.113,1.1132,3.20,1.00
2009.05.28 17:18:27.558,1.1129,1.1132,13.00,1.20
2009.05.28 17:18:27.788,1.1129,1.1132,11.40,1.20
