2009.05.12 21:00:02.566,1.16214,1.16259,4.80,1.20
2009.05.12 21:00:02.805,1.16221,1.16266,3.20,3.60
2009.05.12 21:00:08.094,1.16204,1.16268,1.60,3.60
2009.05.12 21:00:08.674,1.16182,1.16247,2.40,3.60
2009.05.12 21:00:09.014,1.16191,1.16215,4.80,1.20
2009.05.12 21:00:15.492,1.16183,1.16233,3.20,3.60
2009.05.12 21:00:15.772,1.16188,1.16238,3.20,3.60
2009.05.12 21:00:16.002,1.16188,1.16238,4.80,1.00
2009.05.12 21:00:16.112,1.1619,1.1624,1.60,3.60
2009.05.12 21:00:51.974,1.16194,1.16239,4.80,3.60
2009.05.12 21:00:52.313,1.16195,1.1624,3.20,3.60
2009.05.12 21:01:35.587,1.16195,1.1629,1.80,1.00
2009.05.12 21:01:51.393,1.1619,1.1628,1.80,1.00
2009.05.12 21:02:28.994,1.16205,1.1628,1.60,1.00
2009.05.12 21:02:29.164,1.162,1.1628,1.80,1.00
2009.05.12 21:02:39.831,1.16215,1.1628,1.20,1.00
2009.05.12 21:03:26.400,1.162,1.16275,3.00,5.00
2009.05.12 21:03:26.580,1.1621,1.16275,1.40,5.00
2009.05.12 21:03:28.849,1.16215,1.1627,1.40,5.00
2009.05.12 21:03:29.069,1.1621,1.1627,1.40,5.00
2009.05.12 21:04:18.837,1.16215,1.1626,1.40,1.00
2009.05.12 21:04:23.236,1.1621,1.1626,1.40,1.00
2009.05.12 21:04:23.406,1.16215,1.1626,1.40,1.00
2009.05.12 21:04:23.636,1.1621,1.1626,1.40,1.00
2009.05.12 21:04:58.308,1.16205,1.16255,1.40,1.00
2009.05.12 21:05:00.487,1.16205,1.16245,9.40,8.00
2009.05.12 21:05:05.626,1.16205,1.1625,1.40,1.00
2009.05.12 21:05:05.856,1.16215,1.1625,1.60,1.00
2009.05.12 21:05:06.026,1.16235,1.1625,1.00,1.00
2009.05.12 21:05:06.196,1.16235,1.16275,1.00,8.00
2009.05.12 21:05:07.515,1.1624,1.1629,1.00,3.00
2009.05.12 21:05:07.695,1.1624,1.16285,1.00,1.00
2009.05.12 21:05:11.375,1.1624,1.16285,1.00,2.20
2009.05.12 21:05:11.664,1.1624,1.16285,1.00,1.00
2009.05.12 21:05:24.581,1.1624,1.16285,1.60,1.00
2009.05.12 21:05:38.778,1.16235,1.1628,1.60,1.00
2009.05.12 21:05:39.338,1.16225,1.1628,6.20,1.00
2009.05.12 21:06:19.128,1.16225,1.1628,5.20,1.00
2009.05.12 21:06:19.478,1.16225,1.1628,4.60,1.00
2009.05.12 21:06:38.763,1.1623,1.1628,1.60,1.00
2009.05.12 21:07:03.509,1.16223,1.16248,1.60,1.20
2009.05.12 21:07:10.228,1.16217,1.16242,1.60,1.00
2009.05.12 21:07:11.866,1.16202,1.16247,1.60,1.20
2009.05.12 21:07:26.094,1.16206,1.16246,1.60,1.20
2009.05.12 21:07:26.594,1.16215,1.16245,4.40,2.20
2009.05.12 21:07:51.993,1.16215,1.16255,1.60,1.00
2009.05.12 21:08:29.037,1.1623,1.16265,1.60,1.00
2009.05.12 21:08:29.207,1.16225,1.16265,1.60,1.40
2009.05.12 21:08:51.161,1.16225,1.1625,1.60,1.00
2009.05.12 21:08:58.310,1.16205,1.1621,5.60,5.00
2009.05.12 21:08:58.580,1.16165,1.1621,1.60,5.00
2009.05.12 21:08:58.809,1.1614,1.16225,1.40,5.00
2009.05.12 21:08:59.049,1.1617,1.16225,1.80,5.00
2009.05.12 21:08:59.279,1.162,1.16265,1.20,1.00
2009.05.12 21:08:59.959,1.16215,1.16265,3.60,1.00
2009.05.12 21:09:00.719,1.16215,1.1625,2.80,1.00
2009.05.12 21:09:00.889,1.16215,1.1625,1.20,1.00
2009.05.12 21:09:01.239,1.1622,1.1625,1.20,1.00
2009.05.12 21:09:01.739,1.1623,1.1625,1.00,1.00
2009.05.12 21:09:01.919,1.1623,1.1625,1.60,1.00
2009.05.12 21:09:07.657,1.16165,1.16205,1.20,1.00
2009.05.12 21:09:07.887,1.16165,1.16265,1.20,5.00
2009.05.12 21:09:12.566,1.16185,1.1625,1.00,5.00
2009.05.12 21:09:12.746,1.16195,1.1625,1.20,1.00
2009.05.12 21:09:13.106,1.16195,1.1625,9.20,1.00
2009.05.12 21:09:13.346,1.162,1.1625,3.20,1.00
2009.05.12 21:09:15.625,1.16205,1.1625,4.40,1.00
2009.05.12 21:09:20.044,1.16205,1.1626,5.20,1.00
2009.05.12 21:09:20.284,1.1621,1.1626,1.00,1.00
2009.05.12 21:09:39.710,1.16215,1.1626,1.00,1.00
2009.05.12 21:09:41.519,1.16215,1.1626,1.00,1.40
2009.05.12 21:10:34.736,1.1622,1.1626,1.00,1.40
2009.05.12 21:10:35.136,1.1622,1.1626,1.00,1.00
2009.05.12 21:10:35.246,1.1621,1.1626,2.20,1.40
2009.05.12 21:10:35.476,1.1621,1.1626,1.00,1.40
2009.05.12 21:10:47.034,1.1622,1.1626,1.00,1.40
2009.05.12 21:10:47.153,1.1622,1.1626,1.00,1.00
2009.05.12 21:10:57.471,1.16175,1.16255,4.60,5.60
2009.05.12 21:10:57.701,1.16175,1.16255,3.00,5.60
2009.05.12 21:10:58.171,1.16175,1.16255,1.40,5.60
2009.05.12 21:10:59.790,1.16195,1.16255,1.60,5.60
2009.05.12 21:10:59.910,1.1621,1.1626,1.00,1.00
2009.05.12 21:11:00.430,1.1621,1.1626,2.40,1.00
2009.05.12 21:11:04.999,1.16215,1.1625,1.60,1.00
2009.05.12 21:11:05.339,1.16215,1.16255,1.60,5.60
2009.05.12 21:11:05.679,1.16175,1.16255,1.40,5.60
2009.05.12 21:11:33.022,1.16195,1.16255,1.60,5.60
2009.05.12 21:11:33.312,1.1621,1.1626,1.00,1.40
2009.05.12 21:11:33.602,1.1621,1.1626,4.00,1.40
2009.05.12 21:12:01.375,1.16215,1.1626,4.00,1.00
2009.05.12 21:12:02.535,1.16215,1.1626,4.00,1.40
2009.05.12 21:13:02.661,1.16215,1.1626,4.00,1.00
2009.05.12 21:13:02.831,1.16215,1.1626,4.00,1.40
2009.05.12 21:13:23.196,1.16215,1.1626,4.00,3.40
2009.05.12 21:13:46.020,1.1622,1.1626,1.60,3.40
2009.05.12 21:13:46.140,1.1623,1.1626,2.80,1.40
2009.05.12 21:13:46.440,1.1623,1.16265,2.80,1.60
2009.05.12 21:13:46.740,1.1623,1.1629,2.80,3.40
2009.05.12 21:13:49.149,1.1623,1.16275,1.00,3.40
2009.05.12 21:13:49.259,1.16225,1.16275,3.60,1.00
2009.05.12 21:13:49.319,1.16225,1.16275,2.80,1.40
2009.05.12 21:14:49.165,1.16225,1.1627,2.80,1.00
2009.05.12 21:14:50.105,1.16225,1.1627,2.80,1.40
2009.05.12 21:15:49.870,1.16225,1.1627,2.80,1.00
2009.05.12 21:15:50.150,1.16225,1.1627,2.80,1.40
2009.05.12 21:16:31.090,1.16225,1.1627,2.80,1.00
2009.05.12 21:17:51.261,1.1622,1.16275,2.80,5.60
2009.05.12 21:17:52.421,1.16225,1.1627,2.80,1.00
2009.05.12 21:18:50.167,1.16225,1.16275,2.80,2.40
2009.05.12 21:19:31.167,1.16225,1.16275,2.80,1.60
2009.05.12 21:19:31.447,1.16225,1.16275,2.80,2.40
2009.05.12 21:19:41.344,1.16215,1.16275,9.20,2.40
2009.05.12 21:19:41.514,1.16215,1.16275,7.60,2.40
2009.05.12 21:19:41.804,1.16215,1.16275,6.00,2.40
2009.05.12 21:20:31.272,1.16215,1.16275,6.00,1.60
2009.05.12 21:20:31.732,1.16215,1.16275,6.00,2.40
2009.05.12 21:20:46.389,1.16215,1.1627,6.80,1.00
2009.05.12 21:21:56.426,1.16182,1.16257,1.20,9.40
2009.05.12 21:21:56.546,1.162,1.1624,1.60,2.20
2009.05.12 21:21:57.016,1.16202,1.16237,2.80,6.00
2009.05.12 21:22:07.612,1.16197,1.16247,1.20,6.00
2009.05.12 21:22:07.672,1.16196,1.16251,4.40,1.00
2009.05.12 21:22:07.732,1.16205,1.1624,1.60,3.40
2009.05.12 21:22:07.852,1.16198,1.16238,1.60,3.40
2009.05.12 21:22:08.032,1.16199,1.16234,1.60,3.00
2009.05.12 21:22:43.144,1.16195,1.1624,1.60,3.40
2009.05.12 21:22:43.323,1.16196,1.16241,1.60,3.40
2009.05.12 21:22:43.493,1.16194,1.16244,1.20,6.00
2009.05.12 21:23:50.164,1.1622,1.16275,2.80,5.60
2009.05.12 21:24:16.976,1.16192,1.16247,1.60,1.20
2009.05.12 21:24:17.256,1.16195,1.16245,1.60,1.20
2009.05.12 21:24:27.064,1.16197,1.16242,1.60,3.40
2009.05.12 21:24:27.174,1.16195,1.16245,1.60,1.20
2009.05.12 21:25:48.036,1.1622,1.16275,2.80,3.40
2009.05.12 21:26:36.834,1.1622,1.16275,4.40,3.40
2009.05.12 21:26:36.894,1.1623,1.16275,1.00,4.00
2009.05.12 21:26:37.014,1.1623,1.16275,1.00,5.00
2009.05.12 21:26:37.184,1.1623,1.16275,2.80,1.60
2009.05.12 21:26:37.704,1.1623,1.16285,2.80,3.40
2009.05.12 21:27:04.023,1.16205,1.16265,6.00,6.00
2009.05.12 21:27:04.142,1.16211,1.16271,2.80,6.00
2009.05.12 21:27:13.410,1.16218,1.16278,2.00,3.40
2009.05.12 21:27:13.810,1.16224,1.16284,5.40,6.00
2009.05.12 21:27:29.416,1.16227,1.16287,1.00,7.20
2009.05.12 21:27:29.816,1.16229,1.16284,6.00,6.00
2009.05.12 21:27:33.286,1.16222,1.16282,1.00,3.40
2009.05.12 21:27:43.523,1.16216,1.16276,1.00,3.40
2009.05.12 21:27:52.971,1.16213,1.16273,2.80,6.00
2009.05.12 21:28:02.012,1.16206,1.16271,1.00,3.80
2009.05.12 21:28:02.362,1.16207,1.16267,2.00,3.40
2009.05.12 21:28:02.532,1.16201,1.16271,5.40,6.00
2009.05.12 21:28:02.762,1.162,1.1627,2.60,3.40
2009.05.12 21:28:03.112,1.16202,1.16272,2.80,6.00
2009.05.12 21:28:53.270,1.16213,1.16273,2.60,3.40
2009.05.12 21:28:53.510,1.16214,1.16274,2.80,6.00
2009.05.12 21:28:53.850,1.16215,1.16275,2.80,9.40
2009.05.12 21:28:53.970,1.1621,1.1628,1.00,7.20
2009.05.12 21:28:54.080,1.162,1.16285,2.80,6.00
2009.05.12 21:28:54.380,1.16202,1.16282,2.80,6.00
2009.05.12 21:28:54.500,1.16206,1.16281,1.00,7.20
2009.05.12 21:28:54.850,1.16207,1.16287,2.80,6.00
2009.05.12 21:28:54.970,1.16216,1.16281,1.00,3.80
2009.05.12 21:28:55.140,1.16209,1.16284,2.60,3.40
2009.05.12 21:28:55.250,1.16223,1.16268,2.80,6.00
2009.05.12 21:28:56.759,1.16204,1.16279,2.80,6.00
2009.05.12 21:28:56.869,1.16202,1.16277,8.60,6.00
2009.05.12 21:28:57.169,1.16203,1.16278,3.20,3.40
2009.05.12 21:29:05.079,1.1623,1.1628,2.80,5.80
2009.05.12 21:29:05.248,1.1623,1.1628,2.80,6.40
2009.05.12 21:30:00.745,1.1623,1.16275,2.80,3.00
2009.05.12 21:30:00.855,1.1623,1.1627,2.80,1.00
2009.05.12 21:30:03.324,1.1623,1.1627,4.40,1.00
2009.05.12 21:30:14.151,1.1623,1.1627,2.80,1.00
2009.05.12 21:30:14.831,1.1623,1.1628,2.80,5.80
2009.05.12 21:30:45.544,1.16225,1.16275,2.80,1.00
2009.05.12 21:30:55.742,1.16225,1.1628,2.80,5.80
2009.05.12 21:31:12.238,1.1622,1.1627,5.60,8.60
2009.05.12 21:31:12.358,1.1621,1.1627,2.80,8.60
2009.05.12 21:31:27.304,1.1622,1.16265,2.80,5.00
2009.05.12 21:32:12.963,1.16225,1.1627,2.80,3.40
2009.05.12 21:33:00.484,1.1621,1.1623,1.60,3.40
2009.05.12 21:33:00.783,1.16207,1.16233,3.20,1.00
2009.05.12 21:33:01.183,1.16202,1.16237,2.80,9.40
2009.05.12 21:33:04.932,1.16187,1.16253,1.60,2.20
2009.05.12 21:33:27.767,1.16192,1.16247,1.60,3.40
2009.05.12 21:33:27.877,1.16192,1.16247,3.60,1.00
2009.05.12 21:33:29.207,1.16187,1.16253,1.60,3.40
2009.05.12 21:33:29.896,1.1619,1.1625,4.40,9.40
2009.05.12 21:33:29.996,1.16187,1.16253,1.60,6.00
2009.05.12 21:33:32.276,1.1618,1.1626,3.20,1.00
2009.05.12 21:33:32.686,1.162,1.1624,1.60,3.00
2009.05.12 21:33:33.095,1.16202,1.16237,4.40,9.40
2009.05.12 21:33:33.685,1.16187,1.16253,2.80,9.40
2009.05.12 21:33:34.905,1.16197,1.16242,1.60,3.00
2009.05.12 21:33:35.125,1.16195,1.16245,1.00,6.00
2009.05.12 21:33:36.665,1.1619,1.1625,1.60,3.00
2009.05.12 21:33:36.965,1.16202,1.16237,4.40,9.40
2009.05.12 21:33:37.135,1.16197,1.16242,1.60,6.00
2009.05.12 21:33:37.194,1.16192,1.16247,6.00,3.00
2009.05.12 21:33:37.305,1.16197,1.16242,1.60,3.00
2009.05.12 21:33:37.545,1.16195,1.16245,3.20,3.40
2009.05.12 21:33:42.883,1.16197,1.16242,2.80,9.40
2009.05.12 21:33:48.815,1.16215,1.16225,2.80,9.40
2009.05.12 21:33:50.642,1.16192,1.16247,1.00,9.80
2009.05.12 21:33:50.821,1.16202,1.16237,1.60,4.00
2009.05.12 21:33:51.241,1.16197,1.16242,1.60,2.20
2009.05.12 21:33:51.461,1.162,1.1624,1.60,9.40
2009.05.12 21:33:51.641,1.162,1.1624,1.00,3.00
2009.05.12 21:33:51.761,1.162,1.1624,1.00,3.40
2009.05.12 21:33:52.051,1.16192,1.16247,1.60,3.40
2009.05.12 21:33:53.451,1.16182,1.16257,4.40,9.40
2009.05.12 21:33:56.010,1.16187,1.16253,1.60,1.20
2009.05.12 21:33:58.230,1.1618,1.1626,3.20,3.00
2009.05.12 21:33:58.529,1.16175,1.16265,1.60,3.40
2009.05.12 21:33:58.749,1.16175,1.16265,1.60,3.40
2009.05.12 21:33:59.039,1.16182,1.16257,2.80,9.40
2009.05.12 21:33:59.269,1.16175,1.16265,1.60,4.00
2009.05.12 21:33:59.489,1.16185,1.16255,4.40,9.40
2009.05.12 21:33:59.669,1.1621,1.1623,2.40,9.40
2009.05.12 21:34:45.480,1.16197,1.16242,1.00,9.80
2009.05.12 21:34:46.899,1.16202,1.16237,1.00,3.40
2009.05.12 21:34:47.060,1.16207,1.16232,4.40,9.40
2009.05.12 21:34:56.657,1.16202,1.16237,4.40,9.40
2009.05.12 21:34:57.017,1.16197,1.16242,1.00,3.40
2009.05.12 21:34:57.297,1.162,1.1624,6.80,3.00
2009.05.12 21:35:00.304,1.16192,1.16247,3.20,3.00
2009.05.12 21:35:03.423,1.1619,1.1625,7.00,4.00
2009.05.12 21:35:03.693,1.16187,1.16253,1.00,5.00
2009.05.12 21:35:13.470,1.16187,1.16253,4.40,9.40
2009.05.12 21:35:13.870,1.1619,1.1625,2.80,9.40
2009.05.12 21:35:14.150,1.16187,1.16253,1.60,4.00
2009.05.12 21:35:19.469,1.1619,1.1625,1.00,3.40
2009.05.12 21:35:19.869,1.1619,1.1625,3.20,3.40
2009.05.12 21:35:20.339,1.1619,1.1625,1.00,3.40
2009.05.12 21:36:12.545,1.16225,1.1628,2.80,8.60
2009.05.12 21:36:27.202,1.16225,1.1628,2.80,7.80
2009.05.12 21:37:35.535,1.16225,1.1627,2.80,3.40
2009.05.12 21:38:02.235,1.16194,1.1626,2.80,6.00
2009.05.12 21:38:07.892,1.16219,1.16259,2.80,3.40
2009.05.12 21:38:52.879,1.16241,1.16256,8.40,10.40
2009.05.12 21:38:55.788,1.16238,1.16268,4.00,1.20
2009.05.12 21:39:10.403,1.16212,1.16238,1.00,3.20
2009.05.12 21:39:13.755,1.1621,1.1625,2.80,1.00
2009.05.12 21:39:14.328,1.16199,1.16264,1.00,3.20
2009.05.12 21:39:18.657,1.16203,1.16243,2.80,1.00
2009.05.12 21:39:19.726,1.16195,1.16241,1.00,6.00
2009.05.12 21:39:27.990,1.16197,1.16237,2.80,6.00
2009.05.12 21:39:31.638,1.16195,1.1624,1.80,1.00
2009.05.12 21:39:35.434,1.16211,1.16226,1.80,1.00
2009.05.12 21:39:35.713,1.1621,1.16225,1.00,3.20
2009.05.12 21:39:47.189,1.16204,1.16234,2.80,1.00
2009.05.12 21:40:07.561,1.16183,1.16249,4.60,7.80
2009.05.12 21:40:22.588,1.16176,1.16246,2.80,6.00
2009.05.12 21:40:39.314,1.16189,1.16229,2.80,3.40
2009.05.12 21:40:39.663,1.16188,1.16233,2.80,1.00
2009.05.12 21:40:42.678,1.16191,1.16236,1.60,1.00
2009.05.12 21:40:53.060,1.16192,1.16242,2.80,6.00
2009.05.12 21:40:58.135,1.16205,1.16231,2.80,1.00
2009.05.12 21:41:38.756,1.1623,1.1627,2.80,3.40
2009.05.12 21:41:38.996,1.1623,1.1627,2.80,5.00
2009.05.12 21:42:41.141,1.1623,1.16285,2.80,8.60
2009.05.12 21:42:41.381,1.16225,1.1625,2.80,5.00
2009.05.12 21:42:58.937,1.1617,1.16225,3.50,5.00
2009.05.12 21:42:59.457,1.16225,1.1623,2.80,2.80
2009.05.12 21:42:59.687,1.16225,1.16295,2.80,16.60
2009.05.12 21:42:59.867,1.16225,1.16295,2.80,8.60
2009.05.12 21:43:04.526,1.16225,1.1627,2.80,5.00
2009.05.12 21:44:05.331,1.16225,1.16285,2.80,7.00
2009.05.12 21:44:26.636,1.16225,1.16265,2.80,5.00
2009.05.12 21:44:27.086,1.16225,1.16275,2.80,8.60
2009.05.12 21:44:27.906,1.1622,1.16275,2.80,8.60
2009.05.12 21:44:36.014,1.1622,1.1627,2.80,3.40
2009.05.12 21:45:06.175,1.16185,1.16255,2.80,9.40
2009.05.12 21:45:16.502,1.162,1.1624,1.00,9.40
2009.05.12 21:45:40.916,1.1619,1.1625,1.00,9.40
2009.05.12 21:45:43.326,1.16195,1.16245,1.00,6.00
2009.05.12 21:45:43.556,1.16195,1.16245,2.80,3.40
2009.05.12 21:45:44.635,1.1619,1.1625,2.80,9.40
2009.05.12 21:45:44.905,1.16187,1.16253,2.80,9.40
2009.05.12 21:45:45.315,1.16195,1.16245,1.00,6.00
2009.05.12 21:45:45.485,1.16195,1.16245,1.00,6.00
2009.05.12 21:45:48.124,1.16185,1.16255,1.00,6.00
2009.05.12 21:45:48.294,1.16185,1.16255,1.00,9.40
2009.05.12 21:45:50.634,1.16202,1.16237,1.00,6.00
2009.05.12 21:45:50.974,1.16205,1.16235,3.20,3.40
2009.05.12 21:45:51.564,1.16202,1.16237,2.80,3.40
2009.05.12 21:45:53.053,1.16202,1.16237,2.80,9.40
2009.05.12 21:45:54.263,1.16205,1.16235,1.00,9.40
2009.05.12 21:45:56.753,1.162,1.1624,1.00,9.40
2009.05.12 21:45:57.322,1.16195,1.16245,1.00,9.40
2009.05.12 21:45:57.562,1.162,1.1624,2.80,9.40
2009.05.12 21:45:57.892,1.16197,1.16242,1.00,9.40
2009.05.12 21:46:59.959,1.1623,1.1627,2.80,2.80
2009.05.12 21:47:00.309,1.1623,1.16295,2.80,3.40
2009.05.12 21:47:09.566,1.16235,1.16275,2.80,1.00
2009.05.12 21:47:09.676,1.16235,1.16275,2.80,2.80
2009.05.12 21:47:10.066,1.16225,1.1628,2.80,5.00
2009.05.12 21:47:11.346,1.1624,1.16275,2.80,1.00
2009.05.12 21:47:11.406,1.1624,1.16315,2.80,4.00
2009.05.12 21:47:17.824,1.1623,1.16295,2.80,3.40
2009.05.12 21:47:18.104,1.1623,1.1628,2.80,5.00
2009.05.12 21:47:28.032,1.1623,1.16275,2.80,5.00
2009.05.12 21:47:28.202,1.1623,1.163,2.80,6.60
2009.05.12 21:47:36.320,1.1622,1.16285,2.80,3.40
2009.05.12 21:47:36.380,1.1622,1.16275,2.80,5.00
2009.05.12 21:47:44.108,1.16215,1.1627,2.80,5.00
2009.05.12 21:48:17.420,1.16215,1.1627,3.00,5.00
2009.05.12 21:48:17.480,1.16215,1.1628,3.00,3.40
2009.05.12 21:48:17.590,1.1623,1.1628,2.80,1.00
2009.05.12 21:48:17.650,1.1623,1.1629,2.80,1.00
2009.05.12 21:48:29.207,1.1625,1.1629,2.80,1.00
2009.05.12 21:48:45.423,1.1626,1.16295,2.80,1.40
2009.05.12 21:48:49.592,1.1626,1.16295,2.80,1.00
2009.05.12 21:48:49.712,1.16255,1.16295,2.80,1.00
2009.05.12 21:48:49.942,1.16255,1.163,2.80,1.00
2009.05.12 21:48:52.202,1.1623,1.1625,2.80,5.00
2009.05.12 21:48:52.552,1.1623,1.16235,2.80,5.00
2009.05.12 21:48:53.421,1.16245,1.16285,2.80,6.20
2009.05.12 21:48:53.661,1.16245,1.16315,2.80,1.00
2009.05.12 21:48:54.531,1.1625,1.1632,2.80,4.00
2009.05.12 21:49:19.425,1.16255,1.163,2.80,1.00
2009.05.12 21:49:21.175,1.1625,1.163,2.80,3.80
2009.05.12 21:49:21.235,1.1623,1.1629,2.80,3.40
2009.05.12 21:49:23.324,1.1623,1.1629,5.20,3.40
2009.05.12 21:49:26.403,1.1624,1.1629,2.80,3.40
2009.05.12 21:49:29.853,1.16275,1.1629,1.60,3.40
2009.05.12 21:49:29.963,1.1627,1.16295,3.20,1.00
2009.05.12 21:49:30.313,1.16275,1.16305,4.40,3.40
2009.05.12 21:49:32.632,1.1629,1.16305,4.40,6.60
2009.05.12 21:49:32.742,1.1629,1.16295,4.40,3.40
2009.05.12 21:49:32.922,1.1623,1.16295,2.80,3.40
2009.05.12 21:49:36.621,1.16235,1.16275,2.80,1.00
2009.05.12 21:49:37.651,1.16235,1.16275,2.80,1.00
2009.05.12 21:49:37.771,1.16235,1.1628,2.80,1.60
2009.05.12 21:49:37.941,1.1623,1.16285,5.20,5.00
2009.05.12 21:49:38.171,1.1623,1.1627,5.20,1.00
2009.05.12 21:49:38.620,1.1623,1.16265,5.20,1.00
2009.05.12 21:49:40.520,1.16245,1.1626,2.80,1.00
2009.05.12 21:49:40.630,1.16245,1.16265,2.80,1.00
2009.05.12 21:49:40.690,1.16245,1.16275,2.80,1.60
2009.05.12 21:49:40.910,1.16245,1.16315,2.80,3.40
2009.05.12 21:50:08.563,1.1626,1.16305,2.80,1.00
2009.05.12 21:50:08.733,1.16255,1.1631,2.80,1.60
2009.05.12 21:50:09.033,1.16255,1.16315,2.80,5.00
2009.05.12 21:50:09.333,1.16255,1.16315,2.80,3.40
2009.05.12 21:50:13.112,1.1627,1.1632,2.80,3.40
2009.05.12 21:50:14.102,1.1626,1.1631,2.80,3.40
2009.05.12 21:50:14.562,1.16255,1.1631,2.80,4.20
2009.05.12 21:50:14.742,1.16255,1.1631,2.80,7.40
2009.05.12 21:50:28.039,1.1625,1.16305,2.80,5.00
2009.05.12 21:50:28.099,1.1625,1.1629,2.80,1.00
2009.05.12 21:50:28.219,1.16245,1.1626,1.40,6.40
2009.05.12 21:50:28.449,1.1622,1.16255,2.40,1.00
2009.05.12 21:50:28.688,1.1622,1.16255,1.00,1.00
2009.05.12 21:50:31.688,1.1622,1.16245,2.40,1.00
2009.05.12 21:50:31.868,1.1622,1.1625,3.20,6.40
2009.05.12 21:50:31.918,1.1623,1.16255,2.80,6.40
2009.05.12 21:50:32.268,1.1623,1.163,2.80,3.40
2009.05.12 21:50:33.637,1.1619,1.162,24.30,3.20
2009.05.12 21:50:33.797,1.1615,1.1619,7.20,3.40
2009.05.12 21:50:38.456,1.16125,1.1619,1.00,5.00
2009.05.12 21:50:38.566,1.16135,1.1619,1.60,5.00
2009.05.12 21:50:38.626,1.16135,1.16195,5.20,2.20
2009.05.12 21:50:38.676,1.16135,1.16215,5.20,4.20
2009.05.12 21:50:39.716,1.16145,1.16205,2.80,1.00
2009.05.12 21:50:39.946,1.1615,1.16205,2.80,1.00
2009.05.12 21:50:40.176,1.1616,1.16205,1.00,1.00
2009.05.12 21:50:40.696,1.16165,1.16205,1.00,1.00
2009.05.12 21:50:41.625,1.1616,1.16205,5.20,1.00
2009.05.12 21:50:41.975,1.1617,1.16205,1.00,1.00
2009.05.12 21:50:42.505,1.16165,1.16205,5.20,1.00
2009.05.12 21:50:42.835,1.16175,1.16205,1.00,1.00
2009.05.12 21:50:45.664,1.1617,1.16205,5.20,1.00
2009.05.12 21:50:46.244,1.1618,1.16205,1.00,1.00
2009.05.12 21:50:46.654,1.16185,1.16205,1.00,1.00
2009.05.12 21:50:47.824,1.16185,1.16205,1.00,1.00
2009.05.12 21:50:48.154,1.1618,1.16205,1.60,1.00
2009.05.12 21:50:48.494,1.16175,1.16205,1.60,1.00
2009.05.12 21:50:48.614,1.1614,1.16205,2.80,1.00
2009.05.12 21:50:49.263,1.1614,1.16205,2.80,3.40
2009.05.12 21:50:50.353,1.16155,1.1621,2.80,5.80
2009.05.12 21:51:49.359,1.1616,1.1621,2.80,5.80
2009.05.12 21:52:01.460,1.16128,1.16172,1.20,6.00
2009.05.12 21:52:02.050,1.16138,1.16162,2.80,3.40
2009.05.12 21:52:02.350,1.1613,1.1617,1.00,6.00
2009.05.12 21:52:05.589,1.16118,1.16182,2.80,3.40
2009.05.12 21:52:05.869,1.16135,1.16165,2.80,3.40
2009.05.12 21:52:06.529,1.16125,1.16175,2.80,1.00
2009.05.12 21:52:09.008,1.16125,1.16175,1.20,6.00
2009.05.12 21:52:10.688,1.1612,1.1618,1.20,6.00
2009.05.12 21:52:11.328,1.16125,1.16175,1.20,6.00
2009.05.12 21:52:11.608,1.16127,1.16173,2.80,5.40
2009.05.12 21:52:12.287,1.16122,1.16178,2.80,3.40
2009.05.12 21:52:12.876,1.16125,1.16175,1.00,6.00
2009.05.12 21:52:13.617,1.16125,1.16175,2.80,3.40
2009.05.12 21:52:16.237,1.16125,1.16175,2.80,6.00
2009.05.12 21:52:16.577,1.16122,1.16178,1.00,6.00
2009.05.12 21:52:17.396,1.16122,1.16178,1.00,4.00
2009.05.12 21:52:17.676,1.16125,1.16175,2.80,3.40
2009.05.12 21:52:18.026,1.1613,1.1617,2.80,6.00
2009.05.12 21:52:18.316,1.16128,1.16172,2.80,3.40
2009.05.12 21:52:20.185,1.16122,1.16178,2.80,1.00
2009.05.12 21:52:20.485,1.16118,1.16182,1.00,6.00
2009.05.12 21:52:20.895,1.16122,1.16178,1.00,6.00
2009.05.12 21:52:22.115,1.16125,1.16175,1.00,6.00
2009.05.12 21:52:38.961,1.16118,1.16182,1.00,6.00
2009.05.12 21:52:39.071,1.16125,1.16175,1.00,9.40
2009.05.12 21:53:14.954,1.16118,1.16182,1.20,6.00
2009.05.12 21:53:18.363,1.16115,1.16185,1.20,6.00
2009.05.12 21:53:19.303,1.16115,1.16185,1.00,6.00
2009.05.12 21:53:19.472,1.16127,1.16173,1.00,6.00
2009.05.12 21:53:29.310,1.16125,1.16175,1.00,6.00
2009.05.12 21:53:30.010,1.16118,1.16182,1.00,9.40
2009.05.12 21:53:30.180,1.16118,1.16182,2.80,5.40
2009.05.12 21:53:40.147,1.16118,1.16182,1.20,6.00
2009.05.12 21:53:40.377,1.16118,1.16182,2.80,4.20
2009.05.12 21:54:00.418,1.16155,1.162,2.80,2.20
2009.05.12 21:54:00.537,1.16155,1.162,2.80,3.20
2009.05.12 21:54:05.626,1.16155,1.16195,3.60,1.00
2009.05.12 21:54:06.206,1.1616,1.162,2.80,3.20
2009.05.12 21:54:07.116,1.1616,1.162,3.60,3.20
2009.05.12 21:54:07.286,1.1616,1.162,5.20,3.20
2009.05.12 21:54:07.406,1.16165,1.162,2.80,1.00
2009.05.12 21:54:07.456,1.16165,1.1621,2.80,3.00
2009.05.12 21:54:07.636,1.16165,1.1621,2.80,3.00
2009.05.12 21:54:07.696,1.16165,1.1621,3.60,3.00
2009.05.12 21:54:07.996,1.16165,1.1621,3.60,1.00
2009.05.12 21:54:08.116,1.16175,1.16235,2.80,8.00
2009.05.12 21:54:15.474,1.1621,1.1626,2.80,3.40
2009.05.12 21:54:17.743,1.16205,1.1626,2.80,3.40
2009.05.12 21:54:17.983,1.16205,1.1626,2.80,5.80
2009.05.12 21:55:01.069,1.16168,1.16228,3.20,6.00
2009.05.12 21:55:15.336,1.16169,1.16224,1.00,1.00
2009.05.12 21:55:15.695,1.16163,1.16223,3.60,9.40
2009.05.12 21:55:36.210,1.1616,1.16225,2.80,6.00
2009.05.12 21:55:38.380,1.16166,1.16221,1.00,1.00
2009.05.12 21:55:46.298,1.1617,1.1622,3.00,9.40
2009.05.12 21:55:51.137,1.16167,1.16227,1.00,1.00
2009.05.12 21:56:01.140,1.16182,1.16232,1.00,1.00
2009.05.12 21:56:10.697,1.16191,1.16241,1.00,3.40
2009.05.12 21:56:15.916,1.16193,1.16253,2.80,1.00
2009.05.12 21:56:16.086,1.16197,1.16252,1.00,1.00
2009.05.12 21:56:16.826,1.162,1.1625,1.60,1.60
2009.05.12 21:56:18.805,1.16201,1.16251,3.00,9.40
2009.05.12 21:56:25.983,1.162,1.16255,1.00,1.00
2009.05.12 21:56:31.062,1.16196,1.16266,1.60,9.40
2009.05.12 21:56:37.901,1.16202,1.16257,1.00,3.40
2009.05.12 21:56:38.200,1.16193,1.16248,3.20,6.00
2009.05.12 21:56:38.430,1.16194,1.16239,1.00,1.00
2009.05.12 21:56:40.670,1.16176,1.16256,1.60,9.40
2009.05.12 21:56:41.020,1.16195,1.1624,2.80,1.00
2009.05.12 21:56:41.130,1.16197,1.16237,1.00,1.00
2009.05.12 21:56:41.250,1.16201,1.16231,3.00,9.40
2009.05.12 21:56:43.689,1.16182,1.16252,1.00,1.00
2009.05.12 21:56:43.929,1.16182,1.16252,2.80,1.00
2009.05.12 21:56:45.089,1.1618,1.16255,1.00,1.00
2009.05.12 21:56:51.537,1.1618,1.1625,1.00,1.00
2009.05.12 21:56:59.395,1.16175,1.16245,2.80,1.00
2009.05.12 21:56:59.555,1.16173,1.16239,1.00,1.00
2009.05.12 21:57:19.509,1.16205,1.1626,2.80,6.40
2009.05.12 21:57:19.909,1.16205,1.1626,2.80,5.80
2009.05.12 21:58:06.480,1.16188,1.16208,3.20,1.00
2009.05.12 21:58:06.760,1.16179,1.16209,4.40,1.60
2009.05.12 21:58:12.671,1.16173,1.16208,4.40,1.00
2009.05.12 21:58:13.168,1.16177,1.16202,4.40,1.00
2009.05.12 21:58:13.748,1.16171,1.16206,4.40,1.00
2009.05.12 21:58:13.978,1.16172,1.16207,4.40,1.00
2009.05.12 21:58:14.028,1.16167,1.16211,4.40,1.00
2009.05.12 21:58:16.877,1.16164,1.16214,4.40,1.00
2009.05.12 21:58:25.517,1.16167,1.16213,4.40,1.20
2009.05.12 21:58:27.045,1.16169,1.16209,1.60,1.00
2009.05.12 21:58:31.674,1.16163,1.16213,4.40,1.20
2009.05.12 21:58:32.924,1.16163,1.16213,1.60,1.60
2009.05.12 21:58:33.313,1.16163,1.16213,4.40,1.00
2009.05.12 21:58:33.493,1.16166,1.1621,1.60,1.00
2009.05.12 21:58:36.667,1.16163,1.16213,3.20,1.00
2009.05.12 21:58:43.531,1.16167,1.16211,4.40,1.20
2009.05.12 21:58:55.609,1.1617,1.1621,3.20,1.00
2009.05.12 21:58:57.498,1.16173,1.16213,4.40,1.20
2009.05.12 21:58:57.658,1.16177,1.16217,4.40,1.20
2009.05.12 21:59:17.111,1.16205,1.1626,2.80,5.00
2009.05.12 21:59:17.281,1.16205,1.1626,2.80,3.40
