2018.03.14 06:00:01.243,1.29418,1.29427,1.00,1.95
2018.03.14 06:00:10.092,1.29418,1.29426,1.00,1.20
2018.03.14 06:00:10.729,1.29418,1.29426,1.00,1.20
2018.03.14 06:00:12.223,1.2942,1.29427,1.00,1.45
2018.03.14 06:00:12.612,1.2942,1.2943,1.00,3.82
2018.03.14 06:00:12.664,1.29426,1.29434,1.00,1.00
2018.03.14 06:00:12.715,1.29424,1.29434,1.10,1.50
2018.03.14 06:00:12.869,1.29421,1.29433,1.20,1.31
2018.03.14 06:00:13.023,1.29421,1.29432,1.00,1.45
2018.03.14 06:00:13.177,1.29419,1.29431,1.10,1.31
2018.03.14 06:00:13.229,1.29421,1.29432,1.00,1.57
2018.03.14 06:00:13.400,1.29421,1.29433,1.00,2.89
2018.03.14 06:00:13.581,1.29423,1.29433,3.00,1.01
2018.03.14 06:00:13.737,1.29427,1.29437,1.00,1.07
2018.03.14 06:00:14.149,1.29427,1.29438,1.00,1.50
2018.03.14 06:00:14.385,1.29424,1.29436,1.57,1.00
2018.03.14 06:00:14.924,1.29424,1.29436,1.57,1.20
2018.03.14 06:00:16.524,1.29424,1.29436,1.50,1.20
2018.03.14 06:00:18.912,1.29424,1.29436,1.57,1.20
2018.03.14 06:00:19.579,1.29426,1.29436,1.00,1.31
2018.03.14 06:00:20.018,1.29426,1.29434,1.00,1.20
2018.03.14 06:00:20.120,1.29424,1.29435,1.50,1.45
2018.03.14 06:00:22.921,1.29426,1.29434,1.00,1.20
2018.03.14 06:00:22.974,1.29427,1.29436,1.00,1.45
2018.03.14 06:00:23.504,1.29427,1.29437,1.00,1.95
2018.03.14 06:00:29.392,1.29427,1.29437,1.87,1.20
2018.03.14 06:00:29.547,1.29429,1.29438,1.00,1.20
2018.03.14 06:00:29.703,1.29427,1.29438,1.00,1.95
2018.03.14 06:00:30.208,1.29427,1.29437,1.00,1.45
2018.03.14 06:00:32.382,1.29428,1.29438,1.00,2.32
2018.03.14 06:00:32.896,1.29428,1.29438,1.00,2.32
2018.03.14 06:00:33.723,1.29426,1.29437,1.00,1.45
2018.03.14 06:00:34.246,1.29426,1.29436,1.00,1.95
2018.03.14 06:00:35.961,1.29425,1.29436,2.25,1.95
2018.03.14 06:00:42.335,1.29425,1.29436,1.57,1.00
2018.03.14 06:00:42.872,1.29426,1.29436,1.00,1.00
2018.03.14 06:00:58.256,1.29433,1.29437,1.00,1.00
2018.03.14 06:00:58.363,1.29433,1.29443,2.25,1.95
2018.03.14 06:00:58.520,1.29433,1.29444,1.00,1.57
2018.03.14 06:00:58.674,1.29429,1.29439,1.00,1.20
2018.03.14 06:00:58.883,1.29424,1.29436,1.10,1.50
2018.03.14 06:01:00.157,1.29424,1.29433,1.00,1.00
2018.03.14 06:01:00.571,1.29426,1.29435,1.00,1.07
2018.03.14 06:01:00.726,1.29428,1.29438,1.00,1.50
2018.03.14 06:01:01.234,1.29427,1.29437,1.10,1.50
2018.03.14 06:01:02.351,1.29429,1.29437,1.00,1.00
2018.03.14 06:01:02.505,1.29434,1.29443,1.00,1.10
2018.03.14 06:01:02.556,1.29436,1.29447,1.00,1.57
2018.03.14 06:01:03.169,1.29437,1.29447,1.00,1.12
2018.03.14 06:01:03.825,1.29437,1.29449,1.95,1.00
2018.03.14 06:01:03.877,1.29438,1.29451,1.20,1.57
2018.03.14 06:01:03.929,1.29441,1.29453,1.00,1.20
2018.03.14 06:01:04.694,1.29442,1.29454,1.00,4.01
2018.03.14 06:01:04.798,1.29443,1.29454,1.00,1.20
2018.03.14 06:01:05.967,1.29443,1.29454,1.00,2.32
2018.03.14 06:01:06.491,1.29443,1.29453,1.00,1.45
2018.03.14 06:01:06.658,1.29441,1.29452,1.10,1.50
2018.03.14 06:01:07.297,1.29441,1.29451,1.00,1.85
2018.03.14 06:01:08.106,1.29441,1.29452,1.00,1.12
2018.03.14 06:01:08.637,1.29442,1.29453,1.10,1.95
2018.03.14 06:01:09.268,1.29442,1.29453,1.12,1.50
2018.03.14 06:01:09.986,1.29442,1.29452,1.00,1.00
2018.03.14 06:01:10.469,1.29442,1.29451,1.00,1.57
2018.03.14 06:01:11.009,1.29441,1.2945,1.12,1.57
2018.03.14 06:01:11.112,1.29435,1.29444,1.00,1.00
2018.03.14 06:01:11.633,1.29434,1.29443,1.87,1.20
2018.03.14 06:01:12.511,1.29434,1.29444,1.87,1.95
2018.03.14 06:01:19.998,1.29434,1.29444,1.00,2.32
2018.03.14 06:01:20.541,1.29434,1.29443,1.00,1.45
2018.03.14 06:01:21.167,1.29434,1.29446,1.10,6.07
2018.03.14 06:01:21.220,1.29441,1.29445,1.00,1.20
2018.03.14 06:01:21.333,1.29442,1.29454,1.12,4.95
2018.03.14 06:01:21.435,1.29442,1.29454,1.12,1.10
2018.03.14 06:01:21.944,1.29442,1.29456,1.20,5.51
2018.03.14 06:01:22.604,1.29442,1.29456,1.20,5.51
2018.03.14 06:01:23.131,1.29442,1.29456,1.95,3.82
2018.03.14 06:01:24.669,1.29442,1.29455,1.50,1.70
2018.03.14 06:01:24.979,1.29442,1.29453,1.87,1.95
2018.03.14 06:01:25.500,1.29442,1.29452,1.50,1.45
2018.03.14 06:01:26.212,1.29442,1.29453,1.50,1.95
2018.03.14 06:01:28.786,1.29442,1.29452,1.00,1.20
2018.03.14 06:01:29.439,1.29442,1.29453,1.00,1.95
2018.03.14 06:01:30.050,1.29442,1.29454,1.12,4.57
2018.03.14 06:01:30.740,1.29442,1.29453,1.12,1.47
2018.03.14 06:01:31.244,1.29442,1.29452,1.00,1.57
2018.03.14 06:01:31.781,1.29439,1.29448,1.57,1.00
2018.03.14 06:01:32.110,1.29436,1.29445,1.00,1.95
2018.03.14 06:01:32.625,1.29435,1.29445,1.00,1.95
2018.03.14 06:01:39.394,1.29441,1.29445,1.00,1.10
2018.03.14 06:01:39.867,1.2944,1.29449,1.12,1.20
2018.03.14 06:01:40.025,1.29441,1.29451,1.00,1.45
2018.03.14 06:01:40.130,1.29441,1.29451,1.00,1.39
2018.03.14 06:01:40.298,1.29443,1.29452,1.00,1.95
2018.03.14 06:01:40.350,1.29443,1.29452,1.00,1.20
2018.03.14 06:01:40.863,1.29443,1.29452,1.00,1.95
2018.03.14 06:01:41.393,1.29443,1.29452,1.00,1.20
2018.03.14 06:01:42.443,1.29443,1.29454,1.50,1.95
2018.03.14 06:01:43.624,1.29443,1.29453,1.50,1.45
2018.03.14 06:01:44.165,1.29443,1.29454,1.50,2.32
2018.03.14 06:01:48.868,1.29443,1.29452,1.00,1.20
2018.03.14 06:01:49.403,1.29443,1.29453,1.50,2.14
2018.03.14 06:01:50.091,1.29443,1.29452,1.50,1.20
2018.03.14 06:01:50.753,1.29443,1.29453,1.50,2.14
2018.03.14 06:01:51.307,1.29443,1.29453,1.00,1.20
2018.03.14 06:01:52.068,1.29443,1.29453,1.00,2.14
2018.03.14 06:01:56.045,1.29442,1.29452,1.00,1.00
2018.03.14 06:01:59.205,1.29442,1.29452,1.00,1.95
2018.03.14 06:02:02.624,1.29442,1.29453,1.50,1.20
2018.03.14 06:02:04.861,1.29442,1.29453,2.25,1.20
2018.03.14 06:02:06.182,1.29442,1.29453,1.87,1.95
2018.03.14 06:02:07.131,1.29442,1.29453,1.95,1.00
2018.03.14 06:02:07.234,1.29442,1.29455,1.95,2.51
2018.03.14 06:02:07.338,1.29442,1.29452,1.87,1.45
2018.03.14 06:02:08.367,1.29441,1.29452,1.00,1.76
2018.03.14 06:02:08.734,1.29439,1.2945,1.87,1.95
2018.03.14 06:02:09.248,1.29439,1.29448,1.12,1.20
2018.03.14 06:02:12.488,1.29439,1.29449,1.50,1.20
2018.03.14 06:02:14.138,1.29439,1.29448,1.00,1.45
2018.03.14 06:02:15.973,1.29439,1.29447,1.00,1.45
2018.03.14 06:02:16.026,1.29437,1.29445,1.00,1.00
2018.03.14 06:02:16.181,1.29435,1.29445,1.12,1.95
2018.03.14 06:02:16.712,1.29436,1.29444,1.00,1.45
2018.03.14 06:02:17.244,1.29436,1.29444,1.00,1.20
2018.03.14 06:02:17.392,1.29434,1.29443,1.00,1.45
2018.03.14 06:02:17.929,1.29434,1.29443,1.00,1.20
2018.03.14 06:02:18.410,1.29434,1.29442,1.00,1.20
2018.03.14 06:02:20.070,1.29432,1.29441,3.00,1.57
2018.03.14 06:02:20.121,1.2943,1.2944,1.00,1.12
2018.03.14 06:02:20.173,1.2943,1.29438,1.00,1.20
2018.03.14 06:02:20.224,1.29428,1.29438,1.00,1.20
2018.03.14 06:02:20.635,1.2943,1.29438,1.50,1.45
2018.03.14 06:02:21.166,1.29429,1.29439,1.12,1.95
2018.03.14 06:02:21.629,1.29428,1.29437,1.50,1.95
2018.03.14 06:02:21.909,1.29434,1.29443,1.12,1.45
2018.03.14 06:02:22.113,1.29432,1.29444,1.87,2.32
2018.03.14 06:02:22.482,1.29434,1.29443,1.00,2.70
2018.03.14 06:02:22.666,1.2943,1.29442,1.00,2.51
2018.03.14 06:02:22.719,1.2943,1.2944,1.00,1.45
2018.03.14 06:02:23.059,1.29428,1.29438,1.87,1.20
2018.03.14 06:02:23.370,1.29431,1.29439,1.00,1.45
2018.03.14 06:02:23.571,1.29429,1.29439,1.00,1.95
2018.03.14 06:02:25.949,1.29428,1.29439,1.50,1.45
2018.03.14 06:02:26.747,1.29427,1.29438,1.50,1.20
2018.03.14 06:02:27.259,1.29427,1.29438,2.25,1.20
2018.03.14 06:02:27.798,1.29427,1.29438,1.12,2.32
2018.03.14 06:02:28.300,1.29427,1.29438,1.12,1.45
2018.03.14 06:02:29.459,1.29428,1.29438,1.00,1.20
2018.03.14 06:02:31.154,1.29428,1.29438,1.00,1.20
2018.03.14 06:02:32.070,1.29428,1.29437,1.00,1.20
2018.03.14 06:02:32.593,1.29427,1.29438,1.12,1.95
2018.03.14 06:02:33.183,1.29429,1.29437,1.50,1.20
2018.03.14 06:02:33.489,1.29431,1.29438,1.00,1.45
2018.03.14 06:02:34.786,1.29431,1.2944,1.50,1.45
2018.03.14 06:02:34.888,1.29433,1.29441,1.00,1.45
2018.03.14 06:02:34.940,1.29433,1.29442,1.00,1.10
2018.03.14 06:02:35.451,1.29433,1.29444,1.00,1.45
2018.03.14 06:02:47.995,1.29433,1.29442,1.00,1.20
2018.03.14 06:02:58.388,1.29434,1.29443,2.25,1.95
2018.03.14 06:02:58.492,1.29434,1.29444,5.25,1.20
2018.03.14 06:02:59.226,1.29435,1.29445,2.25,1.45
2018.03.14 06:02:59.631,1.29435,1.29444,1.00,1.00
2018.03.14 06:03:00.133,1.29434,1.29444,1.87,1.95
2018.03.14 06:03:01.251,1.29433,1.29444,3.00,1.95
2018.03.14 06:03:06.032,1.29433,1.29443,1.12,1.95
2018.03.14 06:03:10.151,1.29434,1.29443,1.00,1.45
2018.03.14 06:03:10.494,1.29443,1.29452,1.00,1.45
2018.03.14 06:03:10.545,1.29441,1.29452,2.25,1.45
2018.03.14 06:03:10.648,1.29443,1.29452,1.00,1.45
2018.03.14 06:03:10.801,1.29441,1.29452,1.87,3.26
2018.03.14 06:03:11.528,1.29441,1.29451,1.87,1.39
2018.03.14 06:03:15.959,1.29441,1.29452,1.50,3.26
2018.03.14 06:03:16.635,1.29441,1.29451,1.00,2.89
2018.03.14 06:03:18.583,1.29441,1.2945,1.00,1.45
2018.03.14 06:03:19.826,1.29439,1.29449,2.25,1.20
2018.03.14 06:03:19.994,1.29441,1.2945,1.37,1.45
2018.03.14 06:03:20.046,1.29442,1.29452,1.00,1.45
2018.03.14 06:03:30.866,1.29442,1.2945,1.00,1.20
2018.03.14 06:03:31.874,1.29442,1.2945,1.00,1.95
2018.03.14 06:03:32.027,1.2944,1.2945,1.87,1.39
2018.03.14 06:03:32.542,1.2944,1.2945,2.62,1.95
2018.03.14 06:03:36.541,1.2944,1.2945,3.75,1.45
2018.03.14 06:03:37.055,1.2944,1.2945,3.37,1.45
2018.03.14 06:03:41.043,1.2944,1.29449,1.50,1.95
2018.03.14 06:03:41.786,1.29439,1.2945,2.25,4.76
2018.03.14 06:03:43.172,1.29439,1.29449,2.62,1.20
2018.03.14 06:03:43.276,1.2944,1.2945,1.50,1.95
2018.03.14 06:03:44.347,1.2944,1.2945,1.12,1.95
2018.03.14 06:03:46.661,1.2944,1.29451,3.37,1.45
2018.03.14 06:03:46.816,1.29442,1.29452,2.25,1.95
2018.03.14 06:03:47.023,1.2944,1.29451,2.25,1.57
2018.03.14 06:03:51.815,1.2944,1.29449,2.25,1.45
2018.03.14 06:03:53.041,1.2944,1.2945,1.12,1.57
2018.03.14 06:03:53.546,1.2944,1.29449,1.12,1.20
2018.03.14 06:03:54.112,1.2944,1.2945,1.50,1.57
2018.03.14 06:03:56.369,1.2944,1.2945,1.12,1.57
2018.03.14 06:03:56.825,1.2944,1.29449,1.12,1.45
2018.03.14 06:03:56.929,1.2944,1.2945,1.12,1.57
2018.03.14 06:03:58.854,1.2944,1.2945,1.00,1.57
2018.03.14 06:03:58.958,1.29438,1.29448,1.87,1.20
2018.03.14 06:03:59.114,1.29436,1.29446,1.00,1.57
2018.03.14 06:03:59.218,1.29434,1.29445,3.00,1.57
2018.03.14 06:03:59.270,1.29434,1.29444,2.25,1.45
2018.03.14 06:03:59.783,1.29434,1.29444,3.00,1.20
2018.03.14 06:04:00.307,1.29435,1.29444,1.00,1.20
2018.03.14 06:04:00.815,1.29434,1.29444,1.12,1.20
2018.03.14 06:04:01.323,1.29434,1.29444,2.62,1.45
2018.03.14 06:04:01.996,1.29434,1.29445,3.75,1.95
2018.03.14 06:04:03.368,1.29433,1.29444,3.37,1.20
2018.03.14 06:04:03.677,1.29435,1.29445,1.12,1.20
2018.03.14 06:04:04.335,1.29433,1.29445,4.50,2.14
2018.03.14 06:04:04.753,1.29433,1.29443,3.00,1.20
2018.03.14 06:04:05.058,1.29435,1.29444,1.12,1.20
2018.03.14 06:04:05.314,1.29433,1.29443,2.25,1.76
2018.03.14 06:04:05.449,1.2943,1.29442,5.32,1.76
2018.03.14 06:04:05.500,1.2943,1.2944,1.50,1.20
2018.03.14 06:04:06.009,1.29431,1.29439,1.00,1.20
2018.03.14 06:04:06.539,1.2943,1.29439,1.00,1.20
2018.03.14 06:04:06.855,1.29429,1.29438,1.00,1.45
2018.03.14 06:04:07.403,1.29427,1.29437,1.50,1.20
2018.03.14 06:04:07.507,1.29429,1.29438,1.00,1.95
2018.03.14 06:04:07.610,1.29427,1.29437,1.12,1.20
2018.03.14 06:04:08.461,1.29426,1.29437,1.12,1.20
2018.03.14 06:04:09.300,1.29427,1.29436,1.00,1.45
2018.03.14 06:04:09.593,1.29429,1.29436,1.00,1.45
2018.03.14 06:04:09.697,1.29427,1.29436,1.12,1.20
2018.03.14 06:04:10.249,1.29425,1.29436,2.62,1.20
2018.03.14 06:04:11.067,1.29425,1.29436,1.50,1.20
2018.03.14 06:04:11.387,1.29425,1.29435,1.50,1.20
2018.03.14 06:04:14.655,1.29424,1.29435,1.12,1.45
2018.03.14 06:04:15.191,1.29424,1.29435,3.37,1.45
2018.03.14 06:04:18.268,1.29424,1.29435,1.87,1.45
2018.03.14 06:04:19.638,1.29424,1.29435,4.12,1.20
2018.03.14 06:04:20.241,1.29425,1.29436,1.00,1.95
2018.03.14 06:04:21.160,1.29426,1.29436,1.00,1.20
2018.03.14 06:04:23.508,1.29424,1.29436,4.87,1.95
2018.03.14 06:04:27.389,1.29424,1.29435,4.12,1.45
2018.03.14 06:04:28.192,1.29427,1.29435,1.00,1.45
2018.03.14 06:04:28.244,1.29425,1.29435,1.87,1.45
2018.03.14 06:04:35.022,1.29426,1.29435,1.00,1.45
2018.03.14 06:04:41.851,1.29425,1.29435,2.25,1.20
2018.03.14 06:04:42.516,1.29426,1.29436,1.00,3.07
2018.03.14 06:04:48.959,1.29423,1.29434,3.00,1.12
2018.03.14 06:04:49.135,1.29423,1.29432,1.00,1.20
2018.03.14 06:04:49.674,1.29423,1.29433,1.00,1.95
2018.03.14 06:04:55.338,1.29424,1.29433,2.25,1.45
2018.03.14 06:04:55.390,1.29424,1.29434,2.25,1.10
2018.03.14 06:04:55.493,1.29424,1.29433,1.00,1.20
2018.03.14 06:04:56.034,1.29423,1.29433,1.00,1.20
2018.03.14 06:04:56.699,1.29423,1.29433,1.12,1.45
2018.03.14 06:04:59.001,1.29423,1.29433,1.50,1.20
2018.03.14 06:05:00.649,1.29423,1.29432,1.00,1.00
2018.03.14 06:05:01.190,1.29423,1.29434,1.00,2.32
2018.03.14 06:05:02.610,1.29423,1.29434,1.00,1.31
2018.03.14 06:05:02.931,1.2943,1.2944,1.50,1.20
2018.03.14 06:05:03.314,1.29433,1.29442,1.00,1.37
2018.03.14 06:05:03.691,1.29431,1.29441,1.50,1.00
2018.03.14 06:05:05.231,1.29431,1.29442,1.00,3.37
2018.03.14 06:05:06.163,1.29431,1.2944,1.00,1.57
2018.03.14 06:05:06.458,1.29429,1.2944,3.00,1.95
2018.03.14 06:05:06.570,1.29432,1.2944,1.00,1.95
2018.03.14 06:05:06.674,1.29432,1.29441,1.00,1.10
2018.03.14 06:05:06.831,1.29433,1.29444,1.10,4.57
2018.03.14 06:05:07.200,1.29432,1.29441,1.00,1.00
2018.03.14 06:05:07.462,1.29429,1.29441,3.07,1.50
2018.03.14 06:05:07.993,1.2943,1.2944,1.10,1.00
2018.03.14 06:05:10.499,1.2943,1.2944,1.00,4.50
2018.03.14 06:05:12.069,1.29429,1.29439,1.50,1.31
2018.03.14 06:05:12.122,1.29429,1.29437,1.50,1.00
2018.03.14 06:05:12.332,1.29429,1.29439,1.50,1.00
2018.03.14 06:05:12.835,1.29429,1.29438,1.00,1.12
2018.03.14 06:05:13.794,1.29428,1.29438,1.00,1.12
2018.03.14 06:05:14.215,1.29426,1.29438,1.95,3.37
2018.03.14 06:05:14.454,1.29428,1.29439,1.00,4.76
2018.03.14 06:05:16.568,1.29429,1.29439,1.50,1.50
2018.03.14 06:05:19.389,1.2943,1.2944,1.00,2.32
2018.03.14 06:05:19.895,1.29431,1.2944,1.00,1.95
2018.03.14 06:05:20.512,1.2943,1.2944,1.00,1.47
2018.03.14 06:05:21.051,1.29431,1.2944,1.00,1.47
2018.03.14 06:05:21.765,1.2943,1.2944,1.00,1.10
2018.03.14 06:05:23.690,1.29427,1.29437,1.87,1.12
2018.03.14 06:05:24.200,1.29427,1.29438,1.57,8.32
2018.03.14 06:05:33.314,1.29427,1.29437,1.95,1.00
2018.03.14 06:05:34.425,1.29427,1.29438,2.70,2.51
2018.03.14 06:05:46.290,1.29427,1.29438,1.00,3.19
2018.03.14 06:05:46.867,1.29426,1.29437,1.00,1.00
2018.03.14 06:05:53.966,1.29426,1.29437,1.00,1.69
2018.03.14 06:05:56.610,1.29426,1.29437,1.00,1.69
2018.03.14 06:05:58.658,1.29426,1.29437,2.32,1.00
2018.03.14 06:05:59.194,1.29426,1.29437,2.32,1.00
2018.03.14 06:06:08.937,1.29427,1.29437,1.00,1.50
2018.03.14 06:06:10.057,1.29427,1.29438,1.50,1.12
2018.03.14 06:06:12.176,1.29427,1.29437,1.00,1.00
2018.03.14 06:06:12.958,1.29427,1.29437,1.00,1.95
2018.03.14 06:06:13.539,1.29427,1.29436,1.00,1.45
2018.03.14 06:06:18.055,1.29426,1.29436,1.50,1.20
2018.03.14 06:06:28.350,1.29423,1.29433,1.87,1.75
2018.03.14 06:06:28.456,1.29419,1.29429,1.00,1.00
2018.03.14 06:06:28.561,1.29418,1.29428,1.00,1.45
2018.03.14 06:06:30.930,1.29417,1.29427,1.00,1.45
2018.03.14 06:06:36.539,1.29417,1.29428,1.00,1.70
2018.03.14 06:06:50.016,1.29417,1.29429,1.07,4.01
2018.03.14 06:06:52.414,1.29417,1.29428,1.00,1.45
2018.03.14 06:07:00.016,1.29417,1.29429,1.10,4.39
2018.03.14 06:07:04.448,1.29417,1.29427,1.50,1.45
2018.03.14 06:07:14.351,1.29415,1.29426,1.87,1.20
2018.03.14 06:07:14.455,1.29414,1.29424,1.00,1.20
2018.03.14 06:07:15.422,1.29413,1.29423,1.00,2.14
2018.03.14 06:07:15.981,1.29414,1.29423,1.00,1.20
2018.03.14 06:07:16.507,1.29414,1.29422,1.00,1.20
2018.03.14 06:07:16.613,1.29414,1.29424,1.00,1.95
2018.03.14 06:07:18.459,1.29413,1.29424,1.12,3.26
2018.03.14 06:07:20.454,1.29414,1.29424,1.00,1.07
2018.03.14 06:07:22.101,1.29413,1.29424,2.62,1.57
2018.03.14 06:07:23.049,1.29414,1.29424,1.00,1.57
2018.03.14 06:07:24.258,1.29413,1.29424,2.62,1.57
2018.03.14 06:07:25.453,1.29416,1.29424,1.00,1.20
2018.03.14 06:07:25.505,1.29414,1.29424,1.00,1.20
2018.03.14 06:07:26.009,1.29414,1.29423,1.00,1.45
2018.03.14 06:07:27.756,1.29414,1.29424,1.12,1.20
2018.03.14 06:07:28.220,1.29411,1.29423,1.50,1.76
2018.03.14 06:07:28.429,1.29411,1.29422,1.50,1.20
2018.03.14 06:07:28.981,1.29412,1.29422,1.50,1.20
2018.03.14 06:07:29.032,1.29412,1.29423,1.50,1.10
2018.03.14 06:07:29.677,1.29414,1.29424,1.00,1.45
2018.03.14 06:07:31.675,1.29412,1.29423,1.12,2.14
2018.03.14 06:07:31.779,1.29412,1.29421,1.00,1.45
2018.03.14 06:07:35.194,1.2941,1.29421,1.87,1.20
2018.03.14 06:07:35.312,1.2941,1.29421,1.50,1.76
2018.03.14 06:07:36.533,1.2941,1.2942,1.00,1.95
2018.03.14 06:07:37.125,1.2941,1.2942,1.00,1.20
2018.03.14 06:07:38.402,1.2941,1.2942,1.00,2.70
2018.03.14 06:07:39.666,1.29411,1.2942,2.25,1.45
2018.03.14 06:07:39.772,1.29411,1.29423,1.00,2.32
2018.03.14 06:07:40.295,1.29411,1.29422,1.12,1.20
2018.03.14 06:07:42.202,1.29411,1.29421,1.00,1.45
2018.03.14 06:07:42.767,1.29411,1.29422,1.00,1.95
2018.03.14 06:07:43.353,1.29411,1.29421,1.00,1.95
2018.03.14 06:07:43.867,1.2941,1.2942,1.00,1.39
2018.03.14 06:07:44.382,1.2941,1.29421,1.00,2.14
2018.03.14 06:07:44.841,1.2941,1.2942,1.00,2.14
2018.03.14 06:07:45.045,1.29408,1.29419,1.00,2.14
2018.03.14 06:07:45.668,1.29408,1.29419,1.00,1.87
2018.03.14 06:07:50.335,1.29408,1.29419,1.00,1.95
2018.03.14 06:07:50.439,1.29406,1.29418,2.62,1.20
2018.03.14 06:07:52.458,1.29406,1.29417,3.37,1.20
2018.03.14 06:07:52.768,1.29404,1.29415,1.00,1.95
2018.03.14 06:07:53.072,1.29407,1.29416,1.00,1.45
2018.03.14 06:07:53.176,1.29407,1.29418,1.12,1.95
2018.03.14 06:07:53.333,1.2941,1.29418,1.00,1.20
2018.03.14 06:07:53.914,1.2941,1.29419,1.00,1.95
2018.03.14 06:07:55.011,1.29407,1.29417,1.87,1.20
2018.03.14 06:07:55.117,1.29407,1.29416,1.00,1.45
2018.03.14 06:07:55.916,1.29407,1.29417,1.00,2.70
2018.03.14 06:07:57.305,1.29405,1.29416,1.50,1.95
2018.03.14 06:07:57.894,1.29405,1.29415,1.00,1.20
2018.03.14 06:07:59.010,1.29405,1.29414,1.00,1.45
2018.03.14 06:07:59.279,1.29408,1.29418,1.12,1.95
2018.03.14 06:07:59.485,1.2941,1.29419,1.00,2.70
2018.03.14 06:07:59.540,1.29408,1.29419,1.87,2.70
2018.03.14 06:08:00.073,1.29407,1.29418,1.12,1.45
2018.03.14 06:08:11.426,1.29408,1.29418,1.50,2.70
2018.03.14 06:08:11.951,1.29408,1.29418,1.50,1.20
2018.03.14 06:08:12.597,1.29408,1.29418,1.50,1.20
2018.03.14 06:08:13.257,1.29408,1.29418,1.50,1.20
2018.03.14 06:08:15.541,1.29412,1.29419,1.00,2.70
2018.03.14 06:08:16.124,1.29408,1.29419,2.25,2.70
2018.03.14 06:08:17.871,1.29408,1.29419,1.50,1.20
2018.03.14 06:08:18.389,1.29409,1.2942,1.50,3.45
2018.03.14 06:08:23.146,1.29408,1.29418,1.12,1.20
2018.03.14 06:08:24.046,1.29408,1.29417,1.00,1.95
2018.03.14 06:08:24.253,1.29408,1.29418,1.00,1.00
2018.03.14 06:08:24.757,1.29408,1.29419,1.00,4.20
2018.03.14 06:08:25.343,1.29409,1.2942,1.00,2.32
2018.03.14 06:08:25.446,1.29409,1.2942,1.10,1.57
2018.03.14 06:08:26.855,1.29409,1.2942,1.07,1.50
2018.03.14 06:08:27.466,1.29409,1.2942,1.10,3.26
2018.03.14 06:08:27.976,1.29407,1.29418,1.57,1.10
2018.03.14 06:08:28.501,1.29407,1.29418,1.20,1.10
2018.03.14 06:08:35.571,1.29409,1.2942,1.00,1.57
2018.03.14 06:08:36.095,1.29409,1.2942,1.50,1.12
2018.03.14 06:08:39.624,1.29409,1.2942,2.32,1.00
2018.03.14 06:08:43.696,1.29409,1.2942,1.10,1.10
2018.03.14 06:08:46.493,1.29409,1.29419,1.00,1.45
2018.03.14 06:08:47.013,1.29408,1.29419,1.00,2.32
2018.03.14 06:08:50.016,1.29408,1.2942,1.10,2.32
2018.03.14 06:08:51.042,1.29408,1.29418,1.00,1.45
2018.03.14 06:08:51.370,1.29412,1.29421,1.87,1.45
2018.03.14 06:08:51.473,1.29413,1.29422,1.00,1.45
2018.03.14 06:08:52.025,1.29413,1.29423,1.00,1.95
2018.03.14 06:08:52.480,1.29411,1.29422,1.00,1.20
2018.03.14 06:08:52.532,1.29409,1.29422,1.00,3.64
2018.03.14 06:08:52.585,1.29408,1.29419,1.87,1.45
2018.03.14 06:08:52.916,1.2941,1.2942,1.00,1.45
2018.03.14 06:08:53.426,1.29409,1.29419,1.50,1.20
2018.03.14 06:08:53.736,1.29414,1.29421,1.00,1.45
2018.03.14 06:08:54.272,1.29413,1.29422,1.50,1.45
2018.03.14 06:08:54.954,1.29414,1.29422,1.00,1.45
2018.03.14 06:08:55.456,1.29414,1.29423,1.00,1.20
2018.03.14 06:08:56.006,1.29414,1.29422,1.00,1.45
2018.03.14 06:09:03.122,1.29413,1.29422,1.50,1.20
2018.03.14 06:09:03.674,1.29414,1.29424,1.00,1.45
2018.03.14 06:09:04.375,1.29414,1.29423,1.00,1.45
2018.03.14 06:09:14.593,1.29413,1.29423,1.50,1.45
2018.03.14 06:09:17.210,1.29413,1.29423,1.50,1.20
2018.03.14 06:09:20.513,1.29413,1.29422,1.50,1.45
2018.03.14 06:09:20.866,1.29416,1.29425,1.12,2.70
2018.03.14 06:09:21.384,1.29415,1.29425,1.87,1.00
2018.03.14 06:09:21.891,1.29416,1.29425,1.00,1.00
2018.03.14 06:09:22.412,1.29415,1.29425,1.00,1.95
2018.03.14 06:09:22.945,1.29415,1.29424,1.00,1.45
2018.03.14 06:09:23.499,1.29414,1.29424,1.50,1.45
2018.03.14 06:09:25.239,1.29413,1.29424,1.50,1.45
2018.03.14 06:09:25.770,1.29413,1.29424,1.50,1.95
2018.03.14 06:09:34.139,1.29414,1.29423,1.00,1.45
2018.03.14 06:09:35.475,1.29413,1.29423,2.25,1.45
2018.03.14 06:09:36.027,1.29414,1.29423,1.00,1.45
2018.03.14 06:09:41.789,1.29413,1.29423,1.87,1.20
2018.03.14 06:09:44.383,1.29414,1.29423,1.00,1.20
2018.03.14 06:09:45.334,1.29413,1.29423,1.87,1.20
2018.03.14 06:09:48.106,1.29414,1.29423,1.00,1.20
2018.03.14 06:09:48.810,1.29412,1.29424,1.00,3.07
2018.03.14 06:09:49.039,1.29409,1.29421,1.00,2.32
2018.03.14 06:09:49.756,1.2941,1.2942,1.50,1.45
2018.03.14 06:09:54.217,1.2941,1.29421,1.87,1.20
2018.03.14 06:09:54.668,1.2941,1.29415,1.00,1.00
2018.03.14 06:09:54.772,1.29408,1.29419,2.62,1.20
2018.03.14 06:09:54.927,1.29412,1.2942,1.00,1.45
2018.03.14 06:09:54.979,1.29412,1.29422,1.00,2.32
2018.03.14 06:09:55.082,1.29409,1.2942,3.00,1.45
2018.03.14 06:09:56.250,1.29408,1.29419,1.50,1.20
2018.03.14 06:10:01.940,1.29409,1.29419,1.00,1.45
2018.03.14 06:10:03.456,1.29408,1.29419,3.37,1.20
2018.03.14 06:10:03.976,1.29409,1.29419,1.00,1.20
2018.03.14 06:10:04.611,1.29408,1.29419,3.00,1.20
2018.03.14 06:10:06.031,1.29409,1.29419,1.00,1.20
2018.03.14 06:10:06.954,1.29408,1.29419,3.00,1.20
2018.03.14 06:10:12.017,1.29408,1.29418,1.12,1.45
2018.03.14 06:10:16.826,1.29408,1.29421,2.70,5.89
2018.03.14 06:10:17.566,1.29407,1.2942,2.32,1.76
2018.03.14 06:10:18.162,1.29407,1.2942,1.57,4.61
2018.03.14 06:10:18.709,1.29407,1.2942,1.20,6.11
2018.03.14 06:10:19.803,1.29407,1.2942,1.20,2.51
2018.03.14 06:10:20.314,1.29407,1.29419,1.10,1.25
2018.03.14 06:10:21.437,1.29407,1.29419,1.57,1.01
2018.03.14 06:10:21.943,1.29407,1.29419,1.12,1.95
2018.03.14 06:10:22.463,1.29406,1.29418,3.37,1.45
2018.03.14 06:10:23.027,1.29407,1.29417,1.12,1.45
2018.03.14 06:10:31.497,1.29406,1.29418,3.75,1.95
2018.03.14 06:10:32.495,1.29406,1.29416,1.50,1.20
2018.03.14 06:10:32.804,1.29403,1.29414,3.37,1.45
2018.03.14 06:10:33.956,1.29403,1.29414,1.87,1.45
2018.03.14 06:10:37.945,1.29402,1.29415,3.37,3.26
2018.03.14 06:10:37.997,1.29402,1.29414,1.87,1.20
2018.03.14 06:10:38.508,1.29402,1.29414,3.37,1.95
2018.03.14 06:10:39.549,1.29404,1.29413,1.12,1.20
2018.03.14 06:10:39.817,1.29404,1.29415,1.12,1.00
2018.03.14 06:10:39.920,1.29404,1.29417,2.32,1.10
2018.03.14 06:10:40.357,1.29405,1.29417,1.00,1.95
2018.03.14 06:10:40.874,1.29406,1.29418,1.00,1.20
2018.03.14 06:10:40.926,1.29406,1.29418,1.00,1.10
2018.03.14 06:10:41.686,1.29405,1.29419,2.70,2.70
2018.03.14 06:10:42.250,1.29405,1.29419,3.26,1.20
2018.03.14 06:10:45.518,1.29406,1.29417,2.25,2.32
2018.03.14 06:10:45.878,1.29405,1.29416,1.75,1.45
2018.03.14 06:10:46.033,1.29405,1.29415,1.87,1.45
2018.03.14 06:10:46.164,1.29403,1.29413,3.37,1.20
2018.03.14 06:10:46.217,1.29402,1.29413,1.87,1.20
2018.03.14 06:10:46.726,1.29402,1.29414,1.87,1.45
2018.03.14 06:10:47.591,1.29402,1.29414,1.50,1.45
2018.03.14 06:10:48.794,1.29402,1.29413,1.50,1.20
2018.03.14 06:10:50.504,1.29402,1.29415,1.07,3.45
2018.03.14 06:10:50.610,1.29404,1.29417,1.12,1.57
2018.03.14 06:10:50.714,1.29405,1.29419,1.95,2.32
2018.03.14 06:10:51.264,1.29406,1.29418,1.10,1.07
2018.03.14 06:10:52.450,1.29405,1.29419,5.89,1.57
2018.03.14 06:10:53.167,1.29407,1.29419,1.57,1.10
2018.03.14 06:10:57.948,1.29407,1.29419,1.57,1.00
2018.03.14 06:10:58.458,1.29407,1.29421,1.95,3.30
2018.03.14 06:11:03.996,1.29407,1.29419,1.12,1.45
2018.03.14 06:11:04.412,1.29406,1.29417,3.00,1.20
2018.03.14 06:11:05.762,1.29405,1.29418,3.75,1.45
2018.03.14 06:11:05.917,1.29405,1.29417,3.00,1.57
2018.03.14 06:11:06.040,1.29405,1.29417,3.37,1.57
2018.03.14 06:11:06.349,1.29405,1.29415,2.62,1.20
2018.03.14 06:11:06.401,1.29406,1.29417,1.50,1.57
2018.03.14 06:11:08.503,1.29406,1.29415,1.50,1.20
2018.03.14 06:11:11.279,1.29406,1.29418,1.12,2.32
2018.03.14 06:11:11.606,1.29405,1.29416,1.12,1.20
2018.03.14 06:11:11.914,1.29404,1.29414,1.00,1.20
2018.03.14 06:11:12.519,1.29404,1.29415,3.00,1.45
2018.03.14 06:11:13.529,1.29404,1.29415,2.62,1.45
2018.03.14 06:11:18.573,1.29403,1.29414,2.62,1.45
2018.03.14 06:11:19.630,1.29401,1.29413,2.62,1.45
2018.03.14 06:11:21.406,1.29401,1.29413,1.00,1.45
2018.03.14 06:11:21.767,1.294,1.29411,2.25,1.20
2018.03.14 06:11:22.281,1.294,1.29412,2.25,1.45
2018.03.14 06:11:22.808,1.294,1.29411,1.87,1.45
2018.03.14 06:11:23.345,1.294,1.2941,1.50,1.20
2018.03.14 06:11:23.745,1.294,1.29412,2.06,1.57
2018.03.14 06:11:24.274,1.29399,1.29411,3.56,1.20
2018.03.14 06:11:28.141,1.29399,1.29412,4.87,1.45
2018.03.14 06:11:29.087,1.294,1.29412,1.25,1.45
2018.03.14 06:11:29.190,1.29402,1.29412,1.00,1.20
2018.03.14 06:11:29.707,1.29401,1.29413,2.25,2.32
2018.03.14 06:11:30.223,1.29401,1.29412,2.25,1.45
2018.03.14 06:11:30.539,1.294,1.2941,2.62,1.45
2018.03.14 06:11:31.323,1.294,1.29409,1.12,1.20
2018.03.14 06:11:31.875,1.29401,1.29409,1.00,1.20
2018.03.14 06:11:32.412,1.294,1.29409,1.12,1.20
2018.03.14 06:11:34.798,1.29401,1.29409,1.25,1.45
2018.03.14 06:11:35.337,1.294,1.29409,1.87,1.45
2018.03.14 06:11:36.513,1.29399,1.2941,2.25,1.20
2018.03.14 06:11:37.629,1.29401,1.2941,1.00,1.45
2018.03.14 06:11:40.749,1.294,1.2941,1.87,1.45
2018.03.14 06:11:42.587,1.29399,1.29412,4.20,4.57
2018.03.14 06:11:50.508,1.29399,1.29411,1.87,1.57
2018.03.14 06:12:13.541,1.29401,1.29411,1.69,1.57
2018.03.14 06:12:14.383,1.29405,1.29411,1.00,1.45
2018.03.14 06:12:14.486,1.29407,1.29415,1.00,1.45
2018.03.14 06:12:14.590,1.29407,1.29418,1.00,2.32
2018.03.14 06:12:15.186,1.29407,1.29418,1.00,1.00
2018.03.14 06:12:15.852,1.29407,1.29418,1.00,1.95
2018.03.14 06:12:16.462,1.29407,1.29418,3.37,1.45
2018.03.14 06:12:17.025,1.29408,1.29419,2.25,1.57
2018.03.14 06:12:17.632,1.29409,1.2942,1.12,1.07
2018.03.14 06:12:18.699,1.29408,1.2942,1.50,1.57
2018.03.14 06:12:20.309,1.29408,1.2942,1.00,1.57
2018.03.14 06:12:21.445,1.29408,1.29418,1.50,1.45
2018.03.14 06:12:22.350,1.29408,1.29419,4.12,1.57
2018.03.14 06:12:22.863,1.29409,1.2942,2.25,1.45
2018.03.14 06:12:23.469,1.29409,1.2942,3.00,1.45
2018.03.14 06:12:24.296,1.29409,1.2942,1.12,3.45
2018.03.14 06:12:24.790,1.29408,1.29418,1.00,1.45
2018.03.14 06:12:34.357,1.29411,1.29418,1.00,1.45
2018.03.14 06:12:34.869,1.29408,1.29418,1.50,1.45
2018.03.14 06:12:49.983,1.29408,1.29419,3.37,1.20
2018.03.14 06:12:51.498,1.2941,1.29419,1.00,1.45
2018.03.14 06:12:52.443,1.2941,1.2942,1.12,1.12
2018.03.14 06:12:54.598,1.29414,1.29424,3.00,1.20
2018.03.14 06:12:54.651,1.29415,1.29425,1.00,1.12
2018.03.14 06:12:55.175,1.29416,1.29424,1.50,1.00
2018.03.14 06:13:01.070,1.29416,1.29425,1.00,1.00
2018.03.14 06:13:24.669,1.29415,1.29425,1.57,1.00
2018.03.14 06:13:25.178,1.29416,1.29425,1.00,1.00
2018.03.14 06:13:26.508,1.29415,1.29425,1.95,1.00
2018.03.14 06:13:27.253,1.29416,1.29425,1.00,1.00
2018.03.14 06:13:27.899,1.29415,1.29425,1.95,1.00
2018.03.14 06:13:28.660,1.29416,1.29425,1.12,1.00
2018.03.14 06:13:34.282,1.29417,1.29425,1.00,1.00
2018.03.14 06:13:35.794,1.29416,1.29425,1.87,1.00
2018.03.14 06:13:37.477,1.29417,1.29425,1.00,1.00
2018.03.14 06:13:38.940,1.29416,1.29425,1.87,1.00
2018.03.14 06:13:42.999,1.29417,1.29425,1.00,1.00
2018.03.14 06:13:43.561,1.29416,1.29425,1.87,1.00
2018.03.14 06:13:44.331,1.29417,1.29425,1.00,1.00
2018.03.14 06:13:44.949,1.29416,1.29425,1.12,1.00
2018.03.14 06:13:45.496,1.29417,1.29425,1.00,1.00
2018.03.14 06:13:47.268,1.29415,1.29425,1.20,1.00
2018.03.14 06:13:52.962,1.29416,1.29425,1.00,1.00
2018.03.14 06:13:55.110,1.29415,1.29425,1.87,1.00
2018.03.14 06:13:57.748,1.29416,1.29425,1.00,1.00
2018.03.14 06:14:01.078,1.29416,1.29427,1.00,3.07
2018.03.14 06:14:07.265,1.29415,1.29427,1.95,3.07
2018.03.14 06:14:15.762,1.29416,1.29427,1.00,4.42
2018.03.14 06:14:20.013,1.29411,1.29422,1.57,1.50
2018.03.14 06:14:20.118,1.29409,1.2942,1.07,1.12
2018.03.14 06:14:20.629,1.29409,1.2942,1.00,1.12
2018.03.14 06:14:21.643,1.29409,1.2942,1.57,1.00
2018.03.14 06:14:26.502,1.29409,1.2942,1.00,1.00
2018.03.14 06:14:31.535,1.29409,1.2942,1.07,1.00
2018.03.14 06:14:32.225,1.29409,1.2942,1.00,1.00
2018.03.14 06:14:43.019,1.2941,1.2942,1.00,1.12
2018.03.14 06:14:44.175,1.29409,1.2942,1.50,1.12
2018.03.14 06:14:44.511,1.29413,1.29423,1.00,2.55
2018.03.14 06:14:44.617,1.29414,1.29425,1.00,1.20
2018.03.14 06:14:49.447,1.29412,1.29425,2.32,1.12
2018.03.14 06:14:49.500,1.29412,1.29424,1.10,2.47
2018.03.14 06:14:49.655,1.29409,1.29422,1.57,2.17
2018.03.14 06:14:49.875,1.29409,1.29421,1.50,1.80
2018.03.14 06:14:49.979,1.2941,1.29422,1.12,2.32
2018.03.14 06:14:50.553,1.2941,1.29421,1.87,1.00
2018.03.14 06:14:51.057,1.29409,1.29421,1.20,3.07
2018.03.14 06:14:58.577,1.29406,1.29419,2.70,1.00
2018.03.14 06:14:58.834,1.29406,1.29418,1.57,1.20
2018.03.14 06:15:04.052,1.29408,1.2942,1.12,1.57
2018.03.14 06:15:04.156,1.29409,1.2942,1.00,1.00
2018.03.14 06:15:04.918,1.29409,1.29421,1.57,1.57
2018.03.14 06:15:05.531,1.29409,1.29421,1.57,1.10
2018.03.14 06:15:22.593,1.29408,1.29421,2.32,1.07
2018.03.14 06:15:22.898,1.29407,1.2942,2.70,2.32
2018.03.14 06:15:23.267,1.29405,1.29418,4.57,1.00
2018.03.14 06:15:29.950,1.29406,1.29418,4.39,1.00
2018.03.14 06:15:33.641,1.29408,1.29419,1.10,1.20
2018.03.14 06:15:35.301,1.29408,1.2942,1.87,1.20
2018.03.14 06:15:35.698,1.29409,1.29421,2.70,1.45
2018.03.14 06:15:40.352,1.29409,1.29421,1.57,1.57
2018.03.14 06:15:41.290,1.29409,1.29421,1.00,1.57
2018.03.14 06:15:41.642,1.29407,1.29419,1.00,4.20
2018.03.14 06:15:42.176,1.29406,1.29418,1.12,1.10
2018.03.14 06:15:42.663,1.29408,1.2942,1.00,4.95
2018.03.14 06:15:42.765,1.29408,1.29421,5.70,1.07
2018.03.14 06:15:43.297,1.2941,1.29422,1.00,4.20
2018.03.14 06:15:44.224,1.29409,1.29422,1.95,3.45
2018.03.14 06:15:47.168,1.29409,1.29422,2.70,1.57
2018.03.14 06:15:51.178,1.2941,1.29422,1.00,3.07
2018.03.14 06:15:51.781,1.29409,1.29422,1.95,2.70
2018.03.14 06:15:52.441,1.2941,1.29422,1.00,2.70
2018.03.14 06:15:53.273,1.29409,1.29422,2.70,2.70
2018.03.14 06:15:53.822,1.29409,1.29422,2.70,3.82
2018.03.14 06:15:53.937,1.29408,1.2942,1.20,3.00
2018.03.14 06:15:54.480,1.29407,1.2942,2.25,1.57
2018.03.14 06:15:55.418,1.29407,1.2942,1.50,1.57
2018.03.14 06:15:58.203,1.29407,1.29418,1.00,1.07
2018.03.14 06:15:59.295,1.29407,1.29418,1.00,1.00
2018.03.14 06:16:01.941,1.29407,1.29419,1.57,1.20
2018.03.14 06:16:02.247,1.2941,1.2942,1.10,1.00
2018.03.14 06:16:03.574,1.2941,1.29421,1.10,1.00
2018.03.14 06:16:05.170,1.29411,1.29423,1.00,2.32
2018.03.14 06:16:05.289,1.29414,1.29425,1.50,1.07
2018.03.14 06:16:05.341,1.29414,1.29426,1.00,1.57
2018.03.14 06:16:06.452,1.29414,1.29426,1.00,1.20
2018.03.14 06:16:08.918,1.29412,1.29426,2.32,3.07
2018.03.14 06:16:09.021,1.29413,1.29426,1.10,4.80
2018.03.14 06:16:09.568,1.29412,1.29425,1.10,2.32
2018.03.14 06:16:10.096,1.29412,1.29425,1.07,1.95
2018.03.14 06:16:10.618,1.29412,1.29425,1.07,3.82
2018.03.14 06:16:11.122,1.29412,1.29423,1.00,1.00
2018.03.14 06:16:19.222,1.29412,1.29423,1.00,1.57
2018.03.14 06:16:24.147,1.2941,1.29422,1.07,1.10
2018.03.14 06:16:25.106,1.2941,1.29422,1.10,1.45
2018.03.14 06:16:28.681,1.29409,1.29421,1.95,3.07
2018.03.14 06:16:29.017,1.29414,1.29423,1.12,1.10
2018.03.14 06:16:29.172,1.29414,1.29426,2.70,1.50
2018.03.14 06:16:29.717,1.29415,1.29426,1.00,2.25
2018.03.14 06:16:29.770,1.29411,1.29424,2.32,1.87
2018.03.14 06:16:29.874,1.29409,1.29421,1.57,1.00
2018.03.14 06:16:30.446,1.2941,1.29423,4.20,1.82
2018.03.14 06:16:30.991,1.2941,1.29421,1.10,1.00
2018.03.14 06:16:34.824,1.2941,1.29421,1.10,2.70
2018.03.14 06:16:44.983,1.2941,1.29421,1.57,1.12
2018.03.14 06:16:47.841,1.2941,1.29423,1.10,2.70
2018.03.14 06:16:47.937,1.29408,1.29419,1.32,1.50
2018.03.14 06:16:47.989,1.29408,1.29419,1.00,1.37
2018.03.14 06:16:48.503,1.29407,1.29419,1.20,1.37
2018.03.14 06:16:50.745,1.29407,1.29419,2.70,1.00
2018.03.14 06:16:56.758,1.29407,1.2942,3.82,2.70
2018.03.14 06:17:02.319,1.29407,1.2942,3.45,3.30
2018.03.14 06:17:04.943,1.29407,1.29419,1.95,1.20
2018.03.14 06:17:05.099,1.29405,1.29418,1.95,1.95
2018.03.14 06:17:05.623,1.29406,1.29418,1.57,1.45
2018.03.14 06:17:06.144,1.29407,1.29419,3.45,1.12
2018.03.14 06:17:06.729,1.29407,1.29419,1.95,1.37
2018.03.14 06:17:07.758,1.2941,1.2942,1.50,2.47
2018.03.14 06:17:07.965,1.29408,1.2942,3.07,1.75
2018.03.14 06:17:08.498,1.29409,1.29421,1.10,4.95
2018.03.14 06:17:11.649,1.2941,1.2942,3.82,1.75
2018.03.14 06:17:15.440,1.2941,1.2942,3.82,1.50
2018.03.14 06:17:20.628,1.29413,1.29421,1.00,3.07
2018.03.14 06:17:21.216,1.2941,1.29421,3.07,3.07
2018.03.14 06:17:21.728,1.29409,1.2942,1.00,2.25
2018.03.14 06:17:22.229,1.29408,1.2942,1.57,2.25
2018.03.14 06:17:23.683,1.29408,1.29419,1.10,1.50
2018.03.14 06:17:31.943,1.29409,1.29419,1.00,1.50
2018.03.14 06:17:32.465,1.2941,1.2942,1.50,1.50
2018.03.14 06:17:44.489,1.29412,1.2942,2.25,1.50
2018.03.14 06:17:44.679,1.29409,1.29421,3.07,1.95
2018.03.14 06:17:49.152,1.29408,1.2942,1.95,1.47
2018.03.14 06:17:50.815,1.29408,1.29421,1.95,2.70
2018.03.14 06:18:03.158,1.29408,1.29419,1.57,1.37
2018.03.14 06:18:03.510,1.29413,1.29423,1.50,1.95
2018.03.14 06:18:03.562,1.29415,1.29426,1.00,4.95
2018.03.14 06:18:10.414,1.29416,1.29424,1.10,1.00
2018.03.14 06:18:10.962,1.29415,1.29424,1.00,1.00
2018.03.14 06:18:11.932,1.29416,1.29424,1.00,1.00
2018.03.14 06:18:12.445,1.29415,1.29424,1.50,1.00
2018.03.14 06:18:30.881,1.29415,1.29424,1.10,1.00
2018.03.14 06:18:37.504,1.29414,1.29424,2.80,1.00
2018.03.14 06:18:38.149,1.29414,1.29424,1.30,1.00
2018.03.14 06:18:38.456,1.29414,1.29424,4.30,1.00
2018.03.14 06:18:39.218,1.29414,1.29424,1.68,1.00
2018.03.14 06:18:40.119,1.29414,1.29424,4.30,1.00
2018.03.14 06:18:40.859,1.29414,1.29424,2.80,1.00
2018.03.14 06:18:43.882,1.29414,1.29424,5.05,1.00
2018.03.14 06:18:44.037,1.29418,1.29427,1.12,1.10
2018.03.14 06:18:44.296,1.29419,1.29429,1.00,1.00
2018.03.14 06:18:48.016,1.29419,1.29428,1.13,1.00
2018.03.14 06:18:49.194,1.29417,1.29427,1.20,1.00
2018.03.14 06:18:49.555,1.29414,1.29427,5.05,3.64
2018.03.14 06:18:50.129,1.29415,1.29427,1.10,1.95
2018.03.14 06:18:50.640,1.29414,1.29427,3.55,1.95
2018.03.14 06:18:51.415,1.29415,1.29427,1.18,2.14
2018.03.14 06:18:51.570,1.29414,1.29426,3.18,3.26
2018.03.14 06:18:51.777,1.29416,1.29427,1.13,1.95
2018.03.14 06:18:52.283,1.29415,1.29426,2.43,1.00
2018.03.14 06:18:52.825,1.29415,1.29426,1.20,3.45
2018.03.14 06:18:53.337,1.29415,1.29426,1.20,1.57
2018.03.14 06:18:54.362,1.29415,1.29426,1.20,1.57
2018.03.14 06:18:57.038,1.29417,1.29427,1.00,2.70
2018.03.14 06:18:57.547,1.29415,1.29426,1.10,1.00
2018.03.14 06:18:57.660,1.29415,1.29426,1.13,1.00
2018.03.14 06:18:58.180,1.29415,1.29425,1.13,1.10
2018.03.14 06:18:58.758,1.29415,1.29425,1.10,1.10
2018.03.14 06:18:59.857,1.29417,1.29426,1.00,1.00
2018.03.14 06:19:00.370,1.29417,1.29427,1.00,1.10
2018.03.14 06:19:01.208,1.29419,1.29427,2.35,1.00
2018.03.14 06:19:01.259,1.29417,1.29427,4.98,1.00
2018.03.14 06:19:01.849,1.29417,1.29427,1.60,1.00
2018.03.14 06:19:02.205,1.29416,1.29427,1.68,1.00
2018.03.14 06:19:05.881,1.29416,1.29427,2.43,1.10
2018.03.14 06:19:06.252,1.29416,1.29427,1.23,1.10
2018.03.14 06:19:07.375,1.29416,1.29427,2.35,1.12
2018.03.14 06:19:08.007,1.29416,1.29427,1.13,1.12
2018.03.14 06:19:10.267,1.29416,1.29427,2.35,1.00
2018.03.14 06:19:10.878,1.29416,1.29427,1.13,1.00
2018.03.14 06:19:11.418,1.29416,1.29427,2.35,1.00
2018.03.14 06:19:11.970,1.29416,1.29427,1.13,1.00
2018.03.14 06:19:14.538,1.29416,1.29427,2.73,1.00
2018.03.14 06:19:15.074,1.29416,1.29427,1.23,1.00
2018.03.14 06:19:15.828,1.29416,1.29427,2.73,1.00
2018.03.14 06:19:16.888,1.29416,1.29427,1.23,1.00
2018.03.14 06:19:17.535,1.29416,1.29427,2.73,1.00
2018.03.14 06:19:18.083,1.29416,1.29427,2.73,1.00
2018.03.14 06:19:18.459,1.29416,1.29427,1.13,1.00
2018.03.14 06:19:23.146,1.29416,1.29427,2.73,1.00
2018.03.14 06:19:24.730,1.29416,1.29427,1.23,1.00
2018.03.14 06:19:25.559,1.29416,1.29427,2.35,1.00
2018.03.14 06:19:26.169,1.29416,1.29427,1.13,1.00
2018.03.14 06:19:27.099,1.29416,1.29427,2.35,1.00
2018.03.14 06:19:31.287,1.29416,1.29427,1.13,1.00
2018.03.14 06:19:31.825,1.29416,1.29427,2.35,1.00
2018.03.14 06:19:32.469,1.29416,1.29427,1.13,1.00
2018.03.14 06:19:32.572,1.29418,1.29427,1.00,1.00
2018.03.14 06:19:32.676,1.29416,1.29427,1.30,1.00
2018.03.14 06:19:34.888,1.29417,1.29427,1.50,1.00
2018.03.14 06:19:44.768,1.29416,1.29427,1.23,1.10
2018.03.14 06:19:54.879,1.29416,1.29428,2.43,1.95
2018.03.14 06:19:57.010,1.29416,1.29428,1.23,1.20
2018.03.14 06:19:57.654,1.29416,1.29428,2.35,2.17
2018.03.14 06:19:58.168,1.29416,1.29429,1.13,4.42
2018.03.14 06:19:58.914,1.29416,1.29429,2.35,5.17
2018.03.14 06:19:59.421,1.29416,1.29429,1.13,4.42
2018.03.14 06:19:59.840,1.29416,1.29429,2.35,5.17
2018.03.14 06:20:00.331,1.29416,1.29429,2.35,6.67
2018.03.14 06:20:01.125,1.29416,1.29429,1.13,4.05
2018.03.14 06:20:01.347,1.29418,1.29428,1.00,2.70
2018.03.14 06:20:01.858,1.29417,1.29428,1.13,1.20
2018.03.14 06:20:02.377,1.29416,1.29428,1.13,1.45
2018.03.14 06:20:02.889,1.29416,1.29428,2.35,1.95
2018.03.14 06:20:04.885,1.29417,1.29428,1.10,1.20
2018.03.14 06:20:05.405,1.29417,1.29429,1.10,2.51
2018.03.14 06:20:06.170,1.29417,1.29428,1.00,2.32
2018.03.14 06:20:07.357,1.29417,1.29428,1.00,1.05
2018.03.14 06:20:07.952,1.29418,1.29429,1.10,4.57
2018.03.14 06:20:08.260,1.29417,1.29428,1.10,1.57
2018.03.14 06:20:08.797,1.29418,1.29428,1.13,2.17
2018.03.14 06:20:09.328,1.29417,1.29428,1.13,1.20
2018.03.14 06:20:09.731,1.29417,1.29428,1.60,4.80
2018.03.14 06:20:10.256,1.29417,1.29428,1.13,1.95
2018.03.14 06:20:10.949,1.29417,1.29428,1.60,3.82
2018.03.14 06:20:13.018,1.29417,1.29428,1.13,3.07
2018.03.14 06:20:13.931,1.29417,1.29428,1.10,1.57
2018.03.14 06:20:14.459,1.29417,1.29428,1.13,1.20
2018.03.14 06:20:15.029,1.29418,1.29428,1.00,1.57
2018.03.14 06:20:15.660,1.29417,1.29428,1.00,3.07
2018.03.14 06:20:17.407,1.29417,1.29428,1.10,3.82
2018.03.14 06:20:17.933,1.29417,1.29428,1.10,3.07
2018.03.14 06:20:18.440,1.29417,1.29427,1.13,2.32
2018.03.14 06:20:18.991,1.29418,1.29428,1.00,1.07
2018.03.14 06:20:19.715,1.29417,1.29427,1.60,1.20
2018.03.14 06:20:20.250,1.29417,1.29427,1.87,1.00
2018.03.14 06:20:21.583,1.29417,1.29427,1.10,1.00
2018.03.14 06:20:22.094,1.29417,1.29427,1.60,1.00
2018.03.14 06:20:23.040,1.29417,1.29428,1.13,1.20
2018.03.14 06:20:23.381,1.29417,1.29426,1.10,1.00
2018.03.14 06:20:24.712,1.29422,1.29426,1.00,1.00
2018.03.14 06:20:24.764,1.29422,1.2943,1.00,1.45
2018.03.14 06:20:24.817,1.29421,1.29431,1.50,1.20
2018.03.14 06:20:27.508,1.29422,1.29431,1.00,1.50
2018.03.14 06:20:28.030,1.29421,1.29431,1.60,1.12
2018.03.14 06:20:28.889,1.29421,1.29431,2.35,1.12
2018.03.14 06:20:30.002,1.29421,1.29431,1.60,1.12
2018.03.14 06:20:30.361,1.29422,1.29429,1.00,1.00
2018.03.14 06:20:30.464,1.2942,1.29429,2.05,1.00
2018.03.14 06:20:30.516,1.2942,1.29432,2.80,2.25
2018.03.14 06:20:30.621,1.29421,1.29429,1.00,1.00
2018.03.14 06:20:30.799,1.29419,1.29429,2.35,1.00
2018.03.14 06:20:31.609,1.29419,1.29429,2.35,1.00
2018.03.14 06:20:32.145,1.29419,1.29429,1.60,1.00
2018.03.14 06:20:32.891,1.29424,1.29429,1.00,1.00
2018.03.14 06:20:32.995,1.29422,1.29433,2.62,1.50
2018.03.14 06:20:33.047,1.29423,1.29431,1.00,1.00
2018.03.14 06:20:33.357,1.29425,1.29432,1.00,1.00
2018.03.14 06:20:33.470,1.29423,1.29432,1.13,1.00
2018.03.14 06:20:33.823,1.29424,1.29435,1.60,2.32
2018.03.14 06:20:34.337,1.29425,1.29435,1.00,1.00
2018.03.14 06:20:42.619,1.29426,1.29435,1.00,1.00
2018.03.14 06:20:42.672,1.29432,1.29439,1.12,1.00
2018.03.14 06:20:42.777,1.29433,1.29442,2.25,1.00
2018.03.14 06:20:42.830,1.29433,1.29446,2.32,4.76
2018.03.14 06:20:42.985,1.29436,1.29445,1.00,1.00
2018.03.14 06:20:43.186,1.29436,1.29447,1.20,1.10
2018.03.14 06:20:43.779,1.29437,1.29449,1.10,1.57
2018.03.14 06:20:44.429,1.29438,1.29448,1.10,1.00
2018.03.14 06:20:44.956,1.29437,1.29448,1.00,1.00
2018.03.14 06:20:46.326,1.29437,1.29448,1.00,1.50
2018.03.14 06:20:46.428,1.29435,1.29447,1.00,1.20
2018.03.14 06:20:46.952,1.29436,1.29448,2.32,1.50
2018.03.14 06:20:47.715,1.29436,1.29447,1.50,3.07
2018.03.14 06:20:48.714,1.29436,1.29448,1.57,2.70
2018.03.14 06:20:49.264,1.29435,1.29446,1.10,1.00
2018.03.14 06:20:49.788,1.29435,1.29448,1.95,4.57
2018.03.14 06:20:50.212,1.2944,1.29449,1.00,1.07
2018.03.14 06:20:50.365,1.29443,1.29454,1.00,1.20
2018.03.14 06:20:50.417,1.29444,1.29456,1.00,2.55
2018.03.14 06:20:50.944,1.29444,1.29455,1.07,1.00
2018.03.14 06:20:51.046,1.29443,1.29455,2.32,1.00
2018.03.14 06:20:52.438,1.29443,1.29456,1.20,2.89
2018.03.14 06:20:53.235,1.29444,1.29456,1.00,3.45
2018.03.14 06:20:53.917,1.29447,1.2946,1.50,6.00
2018.03.14 06:20:54.020,1.29447,1.29459,1.57,1.76
2018.03.14 06:20:54.530,1.29447,1.29457,1.00,1.50
2018.03.14 06:20:54.633,1.29444,1.29456,2.32,1.00
2018.03.14 06:20:55.143,1.29445,1.29457,1.10,1.31
2018.03.14 06:20:55.658,1.29444,1.29456,1.10,1.00
2018.03.14 06:21:00.393,1.29444,1.29455,1.10,1.00
2018.03.14 06:21:00.927,1.29445,1.29456,1.50,1.00
2018.03.14 06:21:01.535,1.29445,1.29455,1.00,1.00
2018.03.14 06:21:02.045,1.29445,1.29457,1.00,1.95
2018.03.14 06:21:02.590,1.29444,1.29456,1.20,1.20
2018.03.14 06:21:03.199,1.29444,1.29456,1.12,3.07
2018.03.14 06:21:03.715,1.29444,1.29457,1.20,2.32
2018.03.14 06:21:04.407,1.29444,1.29452,1.20,1.00
2018.03.14 06:21:04.953,1.29444,1.29451,1.20,1.00
2018.03.14 06:21:07.795,1.29444,1.29452,1.57,1.00
2018.03.14 06:21:08.908,1.29444,1.29451,1.10,1.00
2018.03.14 06:21:09.456,1.29444,1.29453,1.57,1.00
2018.03.14 06:21:10.006,1.29443,1.29452,3.45,1.00
2018.03.14 06:21:10.548,1.29444,1.29452,1.07,1.00
2018.03.14 06:21:11.122,1.29448,1.29457,1.50,1.57
2018.03.14 06:21:11.227,1.29449,1.29458,1.57,1.00
2018.03.14 06:21:12.832,1.29449,1.29459,1.57,1.00
2018.03.14 06:21:19.209,1.29449,1.29459,1.10,1.75
2018.03.14 06:21:19.313,1.29449,1.29459,1.10,1.12
2018.03.14 06:21:23.563,1.2945,1.2946,3.37,1.12
2018.03.14 06:21:23.616,1.29449,1.29459,1.20,1.12
2018.03.14 06:21:25.563,1.29448,1.29457,1.07,1.00
2018.03.14 06:21:26.116,1.2945,1.29458,1.10,1.00
2018.03.14 06:21:27.453,1.29447,1.29456,3.07,1.00
2018.03.14 06:21:27.794,1.29446,1.29453,1.95,1.00
2018.03.14 06:21:27.847,1.29445,1.29454,1.57,1.00
2018.03.14 06:21:28.360,1.29445,1.29453,1.57,1.00
2018.03.14 06:21:28.884,1.29445,1.29455,1.57,1.00
2018.03.14 06:21:29.108,1.29445,1.29453,1.57,1.00
2018.03.14 06:21:29.660,1.29445,1.29455,1.57,1.00
2018.03.14 06:21:29.763,1.29445,1.29453,1.57,1.00
2018.03.14 06:21:30.686,1.29445,1.29454,1.10,1.00
2018.03.14 06:21:31.764,1.29445,1.29452,1.10,1.00
2018.03.14 06:21:32.176,1.29445,1.29454,1.10,1.00
2018.03.14 06:21:32.938,1.29445,1.29452,1.10,1.00
2018.03.14 06:21:33.417,1.29445,1.29454,1.10,1.00
2018.03.14 06:21:33.519,1.29445,1.29452,1.10,1.00
2018.03.14 06:21:34.485,1.29445,1.29453,1.10,1.00
2018.03.14 06:21:34.989,1.29444,1.29453,1.95,1.00
2018.03.14 06:21:35.533,1.29444,1.29453,3.45,1.00
2018.03.14 06:21:42.875,1.29443,1.29451,2.89,1.00
2018.03.14 06:21:49.126,1.29445,1.29455,1.10,1.50
2018.03.14 06:21:49.230,1.29447,1.29456,1.10,1.00
2018.03.14 06:21:50.147,1.29447,1.29457,1.57,1.00
2018.03.14 06:21:50.651,1.29447,1.29457,1.95,1.00
2018.03.14 06:21:51.192,1.29449,1.29458,1.00,1.00
2018.03.14 06:21:51.513,1.29451,1.29458,1.00,1.00
2018.03.14 06:21:52.739,1.2945,1.29458,1.00,1.00
2018.03.14 06:21:53.561,1.29448,1.2946,3.45,1.12
2018.03.14 06:21:53.614,1.29448,1.29459,3.07,1.75
2018.03.14 06:21:53.667,1.29448,1.29459,2.32,1.00
2018.03.14 06:21:54.522,1.29447,1.29456,1.07,1.00
2018.03.14 06:21:55.179,1.29447,1.29456,1.50,1.00
2018.03.14 06:21:57.522,1.29447,1.29453,1.10,1.00
2018.03.14 06:21:57.626,1.29444,1.29453,2.70,1.00
2018.03.14 06:21:58.171,1.29445,1.29453,1.00,1.00
2018.03.14 06:21:59.564,1.29444,1.29453,3.45,1.00
2018.03.14 06:22:00.197,1.29444,1.29453,1.07,1.00
2018.03.14 06:22:00.774,1.29444,1.29452,1.57,1.00
2018.03.14 06:22:01.304,1.29444,1.29453,1.57,1.00
2018.03.14 06:22:03.058,1.29444,1.29453,1.57,1.00
2018.03.14 06:22:03.605,1.29444,1.29454,2.32,1.00
2018.03.14 06:22:04.758,1.29444,1.29453,2.32,1.00
2018.03.14 06:22:05.295,1.29444,1.29452,2.32,1.00
2018.03.14 06:22:06.169,1.29444,1.29451,1.10,1.00
2018.03.14 06:22:06.440,1.29441,1.2945,3.45,1.00
2018.03.14 06:22:07.226,1.29441,1.29449,1.50,1.00
2018.03.14 06:22:07.728,1.29442,1.2945,1.12,1.00
2018.03.14 06:22:08.799,1.29441,1.29449,1.57,1.00
2018.03.14 06:22:09.671,1.29442,1.2945,1.12,1.00
2018.03.14 06:22:10.224,1.29444,1.2945,1.00,1.00
2018.03.14 06:22:10.276,1.29444,1.29452,1.00,1.00
2018.03.14 06:22:10.791,1.29445,1.29453,1.00,1.00
2018.03.14 06:22:11.791,1.29445,1.29456,1.00,1.12
2018.03.14 06:22:14.375,1.29445,1.29457,3.07,1.07
2018.03.14 06:22:15.420,1.29446,1.29457,1.50,1.20
2018.03.14 06:22:15.525,1.29449,1.2946,1.00,3.82
2018.03.14 06:22:15.683,1.29449,1.29461,3.45,1.00
2018.03.14 06:22:16.539,1.2945,1.29461,1.12,1.00
2018.03.14 06:22:18.314,1.29449,1.29462,3.07,4.20
2018.03.14 06:22:18.829,1.29449,1.29462,2.32,4.20
2018.03.14 06:22:22.875,1.29449,1.29461,3.07,1.00
2018.03.14 06:22:23.044,1.29452,1.29462,1.00,2.32
2018.03.14 06:22:23.205,1.29459,1.2947,1.12,1.10
2018.03.14 06:22:23.258,1.29459,1.29471,2.25,1.57
2018.03.14 06:22:23.943,1.29459,1.29471,2.70,1.12
2018.03.14 06:22:25.334,1.29459,1.29472,2.70,3.64
2018.03.14 06:22:25.860,1.29459,1.29472,3.07,1.20
2018.03.14 06:22:26.406,1.2946,1.29472,1.75,2.89
2018.03.14 06:22:27.945,1.29459,1.29472,3.07,1.20
2018.03.14 06:22:28.451,1.29459,1.29472,1.85,1.20
2018.03.14 06:22:29.064,1.2946,1.2947,1.75,1.00
2018.03.14 06:22:29.369,1.29459,1.29472,1.85,2.32
2018.03.14 06:22:30.077,1.2946,1.29471,1.90,1.00
2018.03.14 06:22:30.679,1.29459,1.29472,3.60,1.20
2018.03.14 06:22:31.818,1.29459,1.29472,3.22,1.57
2018.03.14 06:22:32.909,1.29459,1.29472,3.97,1.57
2018.03.14 06:22:34.045,1.29459,1.29472,3.22,1.57
2018.03.14 06:22:34.553,1.2946,1.29472,1.90,1.95
2018.03.14 06:22:35.091,1.29459,1.29472,3.97,1.12
2018.03.14 06:22:35.595,1.2946,1.29472,2.47,1.87
2018.03.14 06:22:36.149,1.29459,1.29472,3.97,1.12
2018.03.14 06:22:43.425,1.2946,1.29471,1.75,1.12
2018.03.14 06:22:43.739,1.2946,1.29471,1.75,3.75
2018.03.14 06:22:44.254,1.29459,1.2947,1.75,1.50
2018.03.14 06:22:46.666,1.2946,1.29469,1.50,1.50
2018.03.14 06:22:46.770,1.29458,1.2947,1.82,1.95
2018.03.14 06:22:48.237,1.29459,1.29469,2.32,1.00
2018.03.14 06:22:50.009,1.29459,1.2947,3.37,2.62
2018.03.14 06:22:58.602,1.29466,1.29474,3.00,1.20
2018.03.14 06:22:58.654,1.29469,1.2948,1.50,3.82
2018.03.14 06:22:58.706,1.29469,1.2948,1.87,3.45
2018.03.14 06:22:58.758,1.29469,1.2948,1.87,1.57
2018.03.14 06:22:58.866,1.29474,1.29486,1.50,1.45
2018.03.14 06:22:59.173,1.29478,1.29489,1.75,3.07
2018.03.14 06:22:59.226,1.29479,1.29489,1.75,1.87
2018.03.14 06:23:00.041,1.29479,1.29489,1.75,2.70
2018.03.14 06:23:00.092,1.29479,1.29489,1.00,2.70
2018.03.14 06:23:00.245,1.29474,1.29485,1.37,2.70
2018.03.14 06:23:00.869,1.29473,1.29484,2.25,2.32
2018.03.14 06:23:01.708,1.29473,1.29484,2.62,3.07
2018.03.14 06:23:02.249,1.29475,1.29484,1.00,1.45
2018.03.14 06:23:02.611,1.29474,1.29485,1.75,1.45
2018.03.14 06:23:06.111,1.29474,1.29484,3.37,1.45
2018.03.14 06:23:07.365,1.29476,1.29484,1.12,1.20
2018.03.14 06:23:08.997,1.29476,1.29486,1.12,1.45
2018.03.14 06:23:10.576,1.29476,1.29484,1.50,1.45
2018.03.14 06:23:13.388,1.29479,1.29486,1.00,1.07
2018.03.14 06:23:13.544,1.29483,1.29495,1.20,1.07
2018.03.14 06:23:13.854,1.29486,1.29495,1.75,1.12
2018.03.14 06:23:13.907,1.29486,1.29496,1.00,3.82
2018.03.14 06:23:14.437,1.29484,1.29496,1.50,1.29
2018.03.14 06:23:15.061,1.29484,1.29496,2.32,1.26
2018.03.14 06:23:15.165,1.29483,1.29491,2.70,1.00
2018.03.14 06:23:15.217,1.29484,1.29495,2.32,2.44
2018.03.14 06:23:15.830,1.29484,1.29496,1.95,1.01
2018.03.14 06:23:16.356,1.29484,1.29496,1.95,1.01
2018.03.14 06:23:17.360,1.29484,1.29495,1.95,1.25
2018.03.14 06:23:17.664,1.29484,1.29495,1.95,1.00
2018.03.14 06:23:18.345,1.29484,1.29497,1.95,5.14
2018.03.14 06:23:18.551,1.29484,1.29497,2.62,4.39
2018.03.14 06:23:19.053,1.29485,1.29496,1.12,5.14
2018.03.14 06:23:21.481,1.29485,1.29496,1.50,3.07
2018.03.14 06:23:23.003,1.29485,1.29496,1.50,2.51
2018.03.14 06:23:25.869,1.29484,1.29495,2.25,4.20
2018.03.14 06:23:26.023,1.29484,1.29495,2.25,1.50
2018.03.14 06:23:26.548,1.29484,1.29496,1.50,2.04
2018.03.14 06:23:27.135,1.29484,1.29496,2.25,1.85
2018.03.14 06:23:28.334,1.29484,1.29496,1.75,1.57
2018.03.14 06:23:32.998,1.29484,1.29494,1.75,1.00
2018.03.14 06:23:33.519,1.29484,1.29496,1.75,1.47
2018.03.14 06:23:34.416,1.29484,1.29494,1.85,1.00
2018.03.14 06:23:34.575,1.29484,1.29494,1.12,4.31
2018.03.14 06:23:34.830,1.29484,1.29496,1.85,3.82
2018.03.14 06:23:35.417,1.29484,1.29496,1.85,3.45
2018.03.14 06:23:35.520,1.29484,1.29497,2.25,4.20
2018.03.14 06:23:36.529,1.29484,1.29494,1.75,1.00
2018.03.14 06:23:36.997,1.29484,1.29496,2.25,1.01
2018.03.14 06:23:39.584,1.29484,1.29496,1.75,1.76
2018.03.14 06:23:40.215,1.29484,1.29496,1.75,1.76
2018.03.14 06:23:40.750,1.29484,1.29495,1.75,1.12
2018.03.14 06:23:41.265,1.29484,1.29496,1.87,1.39
2018.03.14 06:23:41.793,1.29484,1.29495,1.75,1.00
2018.03.14 06:23:42.311,1.29484,1.29496,2.62,2.89
2018.03.14 06:23:43.897,1.29484,1.29497,1.75,7.76
2018.03.14 06:23:44.470,1.29484,1.29496,2.25,1.95
2018.03.14 06:23:45.850,1.29484,1.29496,2.25,1.20
2018.03.14 06:23:48.302,1.29484,1.29494,2.25,1.00
2018.03.14 06:23:48.780,1.29484,1.29496,1.50,2.89
2018.03.14 06:23:49.523,1.29484,1.29496,1.50,1.57
2018.03.14 06:23:52.978,1.29484,1.29496,1.50,1.20
2018.03.14 06:23:53.533,1.29484,1.29496,1.50,1.57
2018.03.14 06:23:54.066,1.29484,1.29496,1.50,1.20
2018.03.14 06:23:54.627,1.29484,1.29495,1.50,1.00
2018.03.14 06:23:55.321,1.29483,1.29493,1.85,1.00
2018.03.14 06:23:55.871,1.29483,1.29491,1.75,1.87
2018.03.14 06:23:55.923,1.2948,1.29491,1.85,2.25
2018.03.14 06:23:55.977,1.29484,1.29489,1.50,1.00
2018.03.14 06:23:56.029,1.29484,1.29492,1.00,2.14
2018.03.14 06:23:56.132,1.29485,1.29496,1.87,1.20
2018.03.14 06:23:57.229,1.29485,1.29496,1.12,1.10
2018.03.14 06:23:58.609,1.29485,1.29496,1.12,1.76
2018.03.14 06:23:58.920,1.29485,1.29489,1.00,1.87
2018.03.14 06:23:59.178,1.29481,1.29489,1.00,1.07
2018.03.14 06:23:59.230,1.2948,1.2949,1.20,1.00
2018.03.14 06:23:59.282,1.29483,1.29492,1.00,1.20
2018.03.14 06:23:59.387,1.29483,1.29494,1.00,1.57
2018.03.14 06:24:00.153,1.29483,1.29494,1.00,1.57
2018.03.14 06:24:01.637,1.29482,1.29493,1.87,1.00
2018.03.14 06:24:02.027,1.29484,1.29493,1.00,1.00
2018.03.14 06:24:02.335,1.29482,1.29494,1.12,1.39
2018.03.14 06:24:02.880,1.29483,1.29495,1.00,1.95
2018.03.14 06:24:03.208,1.29483,1.29492,1.00,1.45
2018.03.14 06:24:03.756,1.29482,1.29491,1.00,1.45
2018.03.14 06:24:04.338,1.29482,1.29491,1.37,1.45
2018.03.14 06:24:05.527,1.29481,1.29491,3.75,1.45
2018.03.14 06:24:08.758,1.29481,1.29491,1.50,1.45
2018.03.14 06:24:12.198,1.2948,1.2949,2.62,1.20
2018.03.14 06:24:12.714,1.2948,1.29491,1.50,1.95
2018.03.14 06:24:19.518,1.2948,1.29491,2.62,1.95
2018.03.14 06:24:20.064,1.2948,1.29489,1.87,1.20
2018.03.14 06:24:20.605,1.2948,1.2949,1.87,1.45
2018.03.14 06:24:25.292,1.29479,1.29488,2.62,1.00
2018.03.14 06:24:25.796,1.29479,1.29488,1.87,1.95
2018.03.14 06:24:26.688,1.29479,1.29488,2.62,1.95
2018.03.14 06:24:26.740,1.29479,1.29488,2.62,1.00
2018.03.14 06:24:27.512,1.29479,1.29488,1.37,1.00
2018.03.14 06:24:31.097,1.29478,1.29488,1.57,1.31
2018.03.14 06:24:31.660,1.29477,1.29487,1.00,1.12
2018.03.14 06:24:33.507,1.29476,1.29487,3.00,1.12
2018.03.14 06:24:42.423,1.29476,1.29487,2.25,1.00
2018.03.14 06:24:44.450,1.29476,1.29487,3.00,1.12
2018.03.14 06:24:45.713,1.29476,1.29487,2.25,1.00
2018.03.14 06:24:50.650,1.29476,1.29485,2.25,1.45
2018.03.14 06:24:51.201,1.29476,1.29485,1.37,1.95
2018.03.14 06:24:51.716,1.29476,1.29485,1.87,1.95
2018.03.14 06:24:52.323,1.29477,1.29485,1.00,1.95
2018.03.14 06:24:54.025,1.29476,1.29484,2.25,1.20
2018.03.14 06:24:55.120,1.29477,1.29484,1.00,1.20
2018.03.14 06:25:00.268,1.29475,1.29484,2.25,1.57
2018.03.14 06:25:00.896,1.29474,1.29483,1.75,1.20
2018.03.14 06:25:01.360,1.29473,1.29481,1.12,1.20
2018.03.14 06:25:03.174,1.29473,1.2948,1.75,1.00
2018.03.14 06:25:04.754,1.29471,1.2948,3.00,2.70
2018.03.14 06:25:06.252,1.29472,1.2948,1.00,1.20
2018.03.14 06:25:06.304,1.29473,1.2948,2.25,1.20
2018.03.14 06:25:06.859,1.29473,1.29481,1.75,1.20
2018.03.14 06:25:07.204,1.29471,1.29481,1.12,1.20
2018.03.14 06:25:07.307,1.29471,1.2948,1.12,1.20
2018.03.14 06:25:10.390,1.29468,1.29479,2.62,1.10
2018.03.14 06:25:10.443,1.29467,1.29477,1.00,1.10
2018.03.14 06:25:10.906,1.29466,1.29477,1.12,1.57
2018.03.14 06:25:21.793,1.29466,1.29479,3.75,3.82
2018.03.14 06:25:21.898,1.29468,1.29479,1.87,1.45
2018.03.14 06:25:22.002,1.29471,1.29481,1.00,1.57
2018.03.14 06:25:26.146,1.29471,1.29482,1.00,2.70
2018.03.14 06:25:35.037,1.29473,1.29484,1.00,2.62
2018.03.14 06:25:35.142,1.29475,1.29484,1.00,1.57
2018.03.14 06:25:35.553,1.29475,1.29485,1.00,1.76
2018.03.14 06:25:37.871,1.29475,1.29485,1.00,1.95
2018.03.14 06:25:38.287,1.29473,1.29485,1.12,1.57
2018.03.14 06:25:38.800,1.29473,1.29485,1.00,3.45
2018.03.14 06:25:40.813,1.29474,1.29485,1.00,4.20
2018.03.14 06:25:44.533,1.29471,1.29484,1.87,3.64
2018.03.14 06:25:45.052,1.29471,1.29482,1.50,1.45
2018.03.14 06:25:45.602,1.29471,1.29484,1.50,6.26
2018.03.14 06:25:46.144,1.29472,1.29484,1.00,1.95
2018.03.14 06:25:46.653,1.29471,1.29484,2.62,1.95
2018.03.14 06:25:47.180,1.29472,1.29484,1.00,1.82
2018.03.14 06:25:47.887,1.29472,1.29483,2.25,1.10
2018.03.14 06:25:49.875,1.29475,1.29486,1.00,2.70
2018.03.14 06:25:50.082,1.29476,1.29487,1.50,1.45
2018.03.14 06:25:51.359,1.29476,1.29487,1.00,1.95
2018.03.14 06:25:57.275,1.29474,1.29486,1.00,2.70
2018.03.14 06:25:57.482,1.29472,1.29483,1.12,1.45
2018.03.14 06:25:59.814,1.29469,1.29473,1.00,1.00
2018.03.14 06:25:59.889,1.29465,1.29473,1.50,1.12
2018.03.14 06:25:59.942,1.29458,1.2947,1.10,1.70
2018.03.14 06:25:59.995,1.29459,1.2947,1.00,1.95
2018.03.14 06:26:00.512,1.29458,1.29469,1.12,1.95
2018.03.14 06:26:01.197,1.29458,1.29469,1.12,1.45
2018.03.14 06:26:01.402,1.29461,1.29473,1.50,1.45
2018.03.14 06:26:01.557,1.29461,1.29473,3.00,1.45
2018.03.14 06:26:01.804,1.29463,1.29475,2.25,1.95
2018.03.14 06:26:02.237,1.29467,1.29476,1.50,1.45
2018.03.14 06:26:02.289,1.29467,1.29476,1.12,1.10
2018.03.14 06:26:02.807,1.29468,1.2948,1.75,3.07
2018.03.14 06:26:05.142,1.29468,1.2948,2.62,4.95
2018.03.14 06:26:06.946,1.29469,1.2948,2.25,1.45
2018.03.14 06:26:07.049,1.2947,1.29481,1.00,1.95
2018.03.14 06:26:07.153,1.29471,1.29482,1.87,1.45
2018.03.14 06:26:15.858,1.29472,1.29484,1.50,1.01
2018.03.14 06:26:18.836,1.29472,1.29484,1.50,1.64
2018.03.14 06:26:23.737,1.29472,1.29483,1.50,1.45
2018.03.14 06:26:24.773,1.29473,1.29484,1.00,2.70
2018.03.14 06:26:26.108,1.29473,1.29486,2.62,1.20
2018.03.14 06:26:26.629,1.29473,1.29484,1.87,1.00
2018.03.14 06:26:27.502,1.29475,1.29484,1.00,1.00
2018.03.14 06:26:27.710,1.29475,1.29486,1.12,1.10
2018.03.14 06:26:29.200,1.29476,1.29486,1.00,1.00
2018.03.14 06:26:29.744,1.29476,1.29486,1.50,1.00
2018.03.14 06:26:33.857,1.29476,1.29486,1.50,1.45
2018.03.14 06:26:47.163,1.29475,1.29486,1.00,1.45
2018.03.14 06:26:47.267,1.29473,1.29485,1.00,1.57
2018.03.14 06:26:47.473,1.29472,1.29483,1.12,1.70
2018.03.14 06:26:47.987,1.2947,1.29483,3.00,1.45
2018.03.14 06:26:48.091,1.2947,1.29483,3.75,1.45
2018.03.14 06:26:55.639,1.29467,1.2948,1.87,2.89
2018.03.14 06:26:55.692,1.29467,1.2948,1.12,2.89
2018.03.14 06:26:56.206,1.29469,1.2948,1.00,1.70
2018.03.14 06:26:56.311,1.2947,1.29482,1.00,2.70
2018.03.14 06:26:56.913,1.2947,1.29482,1.00,2.89
2018.03.14 06:26:57.445,1.2947,1.29482,1.00,1.76
2018.03.14 06:26:57.967,1.2947,1.29482,1.00,1.76
2018.03.14 06:27:00.389,1.2947,1.29482,2.25,1.70
2018.03.14 06:27:00.493,1.29473,1.29483,1.00,2.89
2018.03.14 06:27:00.545,1.29473,1.29484,1.00,1.64
2018.03.14 06:27:01.447,1.29473,1.29484,1.00,1.76
2018.03.14 06:27:01.958,1.29472,1.29483,1.00,3.26
2018.03.14 06:27:03.060,1.29472,1.29483,1.00,2.51
2018.03.14 06:27:03.548,1.29467,1.29478,3.07,1.00
2018.03.14 06:27:04.174,1.29467,1.29478,1.00,1.70
2018.03.14 06:27:07.346,1.29467,1.29478,1.00,2.14
2018.03.14 06:27:07.932,1.29467,1.29478,1.00,1.45
2018.03.14 06:27:17.725,1.29464,1.29478,2.25,3.26
2018.03.14 06:27:17.913,1.29465,1.29476,1.12,1.70
2018.03.14 06:27:22.372,1.29465,1.29476,1.50,1.45
2018.03.14 06:27:23.297,1.29466,1.29477,1.87,1.45
2018.03.14 06:27:23.814,1.29466,1.29477,1.95,1.10
2018.03.14 06:27:24.315,1.29468,1.29481,1.87,2.51
2018.03.14 06:27:24.627,1.29472,1.29482,1.00,1.20
2018.03.14 06:27:25.685,1.29472,1.29483,1.00,1.57
2018.03.14 06:27:26.192,1.29472,1.29483,1.00,1.29
2018.03.14 06:27:26.722,1.29472,1.29483,1.00,1.01
2018.03.14 06:27:27.997,1.29472,1.29483,1.00,1.29
2018.03.14 06:27:28.540,1.29472,1.29483,1.00,1.01
2018.03.14 06:27:29.193,1.29472,1.29483,1.00,1.29
2018.03.14 06:27:33.139,1.29472,1.29483,1.00,1.12
2018.03.14 06:27:39.049,1.29472,1.29485,1.50,4.76
2018.03.14 06:27:40.303,1.29473,1.29485,1.57,1.45
2018.03.14 06:27:42.902,1.29473,1.29484,1.00,1.39
2018.03.14 06:27:43.109,1.2947,1.29483,1.10,1.76
2018.03.14 06:27:43.615,1.2947,1.29483,1.57,1.01
2018.03.14 06:27:44.755,1.2947,1.29483,2.32,1.07
2018.03.14 06:27:57.982,1.2947,1.29484,1.95,2.89
2018.03.14 06:27:58.498,1.2947,1.29485,1.95,2.89
2018.03.14 06:27:59.355,1.2947,1.29485,1.95,1.95
2018.03.14 06:27:59.459,1.29472,1.29486,1.95,2.32
2018.03.14 06:28:01.587,1.2947,1.29485,1.75,1.64
2018.03.14 06:28:02.107,1.29471,1.29484,1.37,1.76
2018.03.14 06:28:02.506,1.29471,1.29485,1.47,2.51
2018.03.14 06:28:07.090,1.29471,1.29484,1.45,1.29
2018.03.14 06:28:07.601,1.2947,1.29484,2.32,1.39
2018.03.14 06:28:07.859,1.2947,1.29483,2.70,2.06
2018.03.14 06:28:08.066,1.29467,1.29482,3.82,3.26
2018.03.14 06:28:08.581,1.29467,1.29481,2.32,1.26
2018.03.14 06:28:14.714,1.29469,1.29482,1.57,1.57
2018.03.14 06:28:15.244,1.2947,1.29482,1.00,1.20
2018.03.14 06:28:15.913,1.29469,1.29482,2.32,1.20
2018.03.14 06:28:16.423,1.2947,1.29482,1.00,1.20
2018.03.14 06:28:16.942,1.29469,1.29482,2.32,1.20
2018.03.14 06:28:17.509,1.2947,1.29483,1.00,5.89
2018.03.14 06:28:17.710,1.29471,1.29485,1.20,1.20
2018.03.14 06:28:17.761,1.29471,1.29483,3.45,1.25
2018.03.14 06:28:18.293,1.29471,1.29484,1.57,1.29
2018.03.14 06:28:19.617,1.29471,1.29484,2.70,1.01
2018.03.14 06:28:20.154,1.29473,1.29484,1.10,1.01
2018.03.14 06:28:20.667,1.29473,1.29485,1.00,1.29
2018.03.14 06:28:20.882,1.29471,1.29485,1.20,2.51
2018.03.14 06:28:21.036,1.29471,1.29485,1.20,2.51
2018.03.14 06:28:21.665,1.2947,1.29483,3.07,1.00
2018.03.14 06:28:22.178,1.2947,1.29484,5.70,1.01
2018.03.14 06:28:23.296,1.29471,1.29484,1.57,1.29
2018.03.14 06:28:23.820,1.29471,1.29484,1.57,1.01
2018.03.14 06:28:24.413,1.29471,1.29484,1.47,1.29
2018.03.14 06:28:24.931,1.29471,1.29484,1.47,1.01
2018.03.14 06:28:25.449,1.29471,1.29484,1.95,1.29
2018.03.14 06:28:26.054,1.29472,1.29485,2.70,1.20
2018.03.14 06:28:26.567,1.29472,1.29486,3.82,1.76
2018.03.14 06:28:27.213,1.29473,1.29485,1.20,1.76
2018.03.14 06:28:28.697,1.29471,1.29485,1.82,2.14
2018.03.14 06:28:29.243,1.29471,1.29485,1.95,1.76
2018.03.14 06:28:29.832,1.29471,1.29485,1.95,2.14
2018.03.14 06:28:30.465,1.29471,1.29485,1.95,2.14
2018.03.14 06:28:31.359,1.29471,1.29485,1.95,2.14
2018.03.14 06:28:32.159,1.29471,1.29485,2.32,2.51
2018.03.14 06:28:32.690,1.29471,1.29485,2.32,2.51
2018.03.14 06:28:33.217,1.29471,1.29485,2.32,2.51
2018.03.14 06:28:34.828,1.29471,1.29485,2.32,2.51
2018.03.14 06:28:35.728,1.29471,1.29485,2.32,2.51
2018.03.14 06:28:36.396,1.29471,1.29485,2.32,2.51
2018.03.14 06:28:37.305,1.29471,1.29485,2.32,2.51
2018.03.14 06:28:38.081,1.29471,1.29485,2.32,2.51
2018.03.14 06:28:39.333,1.29471,1.29485,2.32,2.51
2018.03.14 06:28:40.803,1.29471,1.29485,2.32,2.51
2018.03.14 06:28:41.443,1.29471,1.29485,2.32,2.51
2018.03.14 06:28:41.896,1.29474,1.29486,1.12,1.10
2018.03.14 06:28:42.406,1.29474,1.29488,1.10,3.82
2018.03.14 06:28:42.936,1.29473,1.29487,1.20,1.76
2018.03.14 06:28:43.677,1.29473,1.29487,1.20,2.51
2018.03.14 06:28:44.189,1.29473,1.29486,1.12,1.20
2018.03.14 06:28:45.697,1.29473,1.29487,1.20,4.57
2018.03.14 06:28:46.228,1.29473,1.29486,1.12,1.39
2018.03.14 06:28:46.774,1.29473,1.29487,2.32,1.95
2018.03.14 06:28:47.290,1.29473,1.29487,1.57,1.76
2018.03.14 06:28:48.161,1.29472,1.29486,1.95,1.76
2018.03.14 06:28:48.721,1.29471,1.29486,2.32,1.70
2018.03.14 06:28:55.646,1.29473,1.29486,1.00,1.76
2018.03.14 06:28:56.888,1.29473,1.29485,1.10,1.07
2018.03.14 06:28:57.499,1.29473,1.29486,1.00,2.14
2018.03.14 06:28:58.810,1.29473,1.29486,1.10,1.76
2018.03.14 06:28:59.326,1.29473,1.29486,1.00,1.76
2018.03.14 06:29:01.048,1.29473,1.29486,1.10,1.76
2018.03.14 06:29:03.888,1.29473,1.29486,1.00,1.76
2018.03.14 06:29:10.776,1.29473,1.29486,1.07,1.07
2018.03.14 06:29:14.740,1.29473,1.29487,1.10,4.01
2018.03.14 06:29:15.291,1.29473,1.29487,1.20,2.89
2018.03.14 06:29:17.577,1.29473,1.29487,1.57,3.26
2018.03.14 06:29:18.097,1.29473,1.29487,1.57,3.26
2018.03.14 06:29:18.758,1.29473,1.29487,1.10,2.51
2018.03.14 06:29:19.262,1.29473,1.29487,1.10,2.51
2018.03.14 06:29:21.122,1.29473,1.29487,1.10,2.51
2018.03.14 06:29:21.856,1.29473,1.29487,1.10,2.51
2018.03.14 06:29:22.392,1.29473,1.29487,1.10,2.51
2018.03.14 06:29:23.050,1.29473,1.29487,1.10,2.51
2018.03.14 06:29:23.595,1.29473,1.29487,1.10,2.51
2018.03.14 06:29:24.134,1.29473,1.29487,1.10,2.51
2018.03.14 06:29:24.677,1.29473,1.29487,1.10,2.51
2018.03.14 06:29:25.354,1.29473,1.29487,1.10,2.51
2018.03.14 06:29:25.948,1.29473,1.29487,1.10,2.51
2018.03.14 06:29:26.558,1.29474,1.29486,1.10,1.32
2018.03.14 06:29:33.979,1.29475,1.29487,1.50,1.45
2018.03.14 06:29:34.083,1.29476,1.2949,1.20,4.57
2018.03.14 06:29:34.674,1.29477,1.29489,1.00,1.10
2018.03.14 06:29:37.534,1.29482,1.2949,1.50,1.00
2018.03.14 06:29:37.586,1.29481,1.29491,2.32,1.00
2018.03.14 06:29:37.638,1.29481,1.29495,1.00,2.14
2018.03.14 06:29:38.143,1.29481,1.29494,1.07,1.32
2018.03.14 06:29:40.885,1.2948,1.29494,1.20,2.51
2018.03.14 06:29:41.431,1.2948,1.29494,1.20,2.14
2018.03.14 06:29:46.886,1.2948,1.29493,1.20,1.45
2018.03.14 06:29:49.653,1.2948,1.29492,1.20,1.10
2018.03.14 06:29:49.914,1.29476,1.2949,1.95,4.01
2018.03.14 06:29:50.532,1.29476,1.2949,1.95,4.39
2018.03.14 06:29:56.859,1.29476,1.29489,2.70,1.10
2018.03.14 06:29:57.997,1.29479,1.29489,1.12,1.57
2018.03.14 06:29:58.102,1.29481,1.29492,2.25,1.50
2018.03.14 06:29:58.206,1.29481,1.29495,1.20,1.32
2018.03.14 06:30:00.400,1.29481,1.29495,1.20,1.07
2018.03.14 06:30:02.413,1.2948,1.2949,1.10,2.62
2018.03.14 06:30:02.755,1.29478,1.29487,1.50,1.00
2018.03.14 06:30:03.437,1.29478,1.29489,1.00,1.57
2018.03.14 06:30:04.257,1.29478,1.29489,1.00,1.95
2018.03.14 06:30:05.029,1.29478,1.2949,1.00,3.07
2018.03.14 06:30:05.590,1.29478,1.29489,1.00,1.57
2018.03.14 06:30:06.103,1.29478,1.29487,1.50,1.00
2018.03.14 06:30:06.700,1.29478,1.29489,1.00,1.47
2018.03.14 06:30:07.154,1.29478,1.29486,1.50,1.00
2018.03.14 06:30:07.531,1.29478,1.29488,1.50,1.39
2018.03.14 06:30:09.826,1.29477,1.29489,3.37,1.20
2018.03.14 06:30:09.982,1.29479,1.29492,1.87,4.57
2018.03.14 06:30:10.870,1.29478,1.29489,5.25,1.25
2018.03.14 06:30:13.115,1.29479,1.29489,1.00,1.12
2018.03.14 06:30:13.220,1.29478,1.29487,2.25,1.00
2018.03.14 06:30:13.782,1.29478,1.29488,3.00,1.10
2018.03.14 06:30:14.315,1.29478,1.29487,3.37,1.10
2018.03.14 06:30:14.828,1.29478,1.29486,1.50,1.00
2018.03.14 06:30:15.247,1.29478,1.29488,1.75,1.10
2018.03.14 06:30:15.973,1.29478,1.29489,1.75,1.20
2018.03.14 06:30:16.176,1.29478,1.2949,1.50,1.95
2018.03.14 06:30:16.279,1.29481,1.29493,2.25,2.32
2018.03.14 06:30:16.432,1.29479,1.29493,2.25,1.39
2018.03.14 06:30:17.506,1.29479,1.29493,1.95,1.64
2018.03.14 06:30:18.417,1.29478,1.29489,1.12,1.31
2018.03.14 06:30:18.525,1.29477,1.29488,1.50,1.45
2018.03.14 06:30:18.835,1.29479,1.29492,1.00,4.01
2018.03.14 06:30:18.887,1.29479,1.29492,1.00,2.51
2018.03.14 06:30:29.592,1.29479,1.29489,1.87,1.00
2018.03.14 06:30:30.056,1.29478,1.29489,1.50,1.76
2018.03.14 06:30:44.742,1.29477,1.29488,1.12,1.20
2018.03.14 06:30:45.336,1.29478,1.29488,1.00,1.20
2018.03.14 06:30:46.008,1.29477,1.29488,1.12,1.20
2018.03.14 06:30:47.499,1.29478,1.29488,1.00,1.20
2018.03.14 06:30:49.499,1.29477,1.29488,1.12,1.20
2018.03.14 06:30:51.050,1.29478,1.29488,1.00,1.95
2018.03.14 06:30:53.031,1.29478,1.29489,1.50,1.20
2018.03.14 06:30:53.338,1.29478,1.29486,1.00,1.00
2018.03.14 06:30:53.745,1.29477,1.29488,1.87,1.10
2018.03.14 06:30:59.262,1.29477,1.29489,2.25,1.95
2018.03.14 06:30:59.873,1.29478,1.29489,1.00,3.45
2018.03.14 06:31:01.095,1.29477,1.29489,2.25,3.07
2018.03.14 06:31:02.096,1.29478,1.29488,1.00,1.20
2018.03.14 06:31:02.612,1.29477,1.29489,2.25,3.82
2018.03.14 06:31:03.120,1.29477,1.29488,1.00,1.07
2018.03.14 06:31:07.490,1.29485,1.29492,1.50,1.95
2018.03.14 06:31:07.594,1.29482,1.29493,1.10,1.10
2018.03.14 06:31:09.214,1.29479,1.29493,1.20,2.14
2018.03.14 06:31:09.267,1.29478,1.2949,2.32,1.19
2018.03.14 06:31:09.370,1.29476,1.2949,2.70,1.76
2018.03.14 06:31:09.473,1.2948,1.29491,1.00,1.01
2018.03.14 06:31:10.024,1.2948,1.29491,1.50,1.39
2018.03.14 06:31:10.990,1.29479,1.29492,1.00,3.26
2018.03.14 06:31:11.857,1.29478,1.2949,2.70,1.32
2018.03.14 06:31:13.926,1.29477,1.29489,2.32,1.07
2018.03.14 06:31:13.994,1.29475,1.29487,1.95,1.20
2018.03.14 06:31:16.526,1.29475,1.29487,2.70,1.32
2018.03.14 06:31:17.061,1.29475,1.29487,1.57,1.07
2018.03.14 06:31:17.532,1.29474,1.29487,1.50,2.89
2018.03.14 06:31:17.854,1.29472,1.29485,2.32,1.01
2018.03.14 06:31:18.474,1.29472,1.29483,1.12,1.10
2018.03.14 06:31:20.037,1.29472,1.29484,1.12,1.39
2018.03.14 06:31:20.658,1.29473,1.29484,1.00,1.39
2018.03.14 06:31:21.776,1.29472,1.29483,1.12,1.07
2018.03.14 06:31:22.499,1.29472,1.29483,1.37,1.07
2018.03.14 06:31:23.154,1.29472,1.29483,1.37,1.00
2018.03.14 06:31:24.622,1.29471,1.29482,3.37,1.00
2018.03.14 06:31:24.756,1.2947,1.29483,1.57,1.39
2018.03.14 06:31:24.809,1.2947,1.2948,1.12,1.10
2018.03.14 06:31:25.340,1.29469,1.29481,3.37,2.51
2018.03.14 06:31:25.674,1.29475,1.29483,1.12,1.45
2018.03.14 06:31:25.726,1.29474,1.29484,1.50,1.57
2018.03.14 06:31:26.283,1.29472,1.29483,1.12,2.51
2018.03.14 06:31:26.335,1.29468,1.2948,1.95,4.69
2018.03.14 06:31:26.389,1.29468,1.29479,1.00,1.76
2018.03.14 06:31:27.039,1.29466,1.29479,3.37,2.14
2018.03.14 06:31:27.562,1.29466,1.29479,3.37,2.14
2018.03.14 06:31:28.194,1.29466,1.29479,1.50,1.32
2018.03.14 06:31:30.644,1.29466,1.29479,1.50,2.14
2018.03.14 06:31:31.165,1.29466,1.29479,1.50,1.70
2018.03.14 06:31:31.319,1.29466,1.29478,1.50,1.32
2018.03.14 06:31:31.422,1.29466,1.29479,1.50,2.14
2018.03.14 06:31:31.932,1.29466,1.29479,1.50,2.14
2018.03.14 06:31:32.465,1.29466,1.29478,1.75,2.14
2018.03.14 06:31:32.517,1.29464,1.29477,3.45,3.26
2018.03.14 06:31:32.928,1.29464,1.29475,1.10,1.00
2018.03.14 06:31:33.709,1.29465,1.29476,1.00,3.64
2018.03.14 06:31:34.175,1.29465,1.29478,2.25,2.70
2018.03.14 06:31:34.717,1.29466,1.29478,1.50,1.95
2018.03.14 06:31:37.408,1.29467,1.29478,1.00,1.20
2018.03.14 06:31:38.667,1.29466,1.29479,2.62,3.07
2018.03.14 06:31:39.383,1.29466,1.29479,2.70,2.32
2018.03.14 06:31:39.905,1.29466,1.29479,2.62,2.32
2018.03.14 06:31:41.318,1.29466,1.29476,1.87,1.19
2018.03.14 06:31:41.841,1.29464,1.29476,1.50,1.01
2018.03.14 06:31:42.189,1.29465,1.29475,1.00,1.29
2018.03.14 06:31:42.705,1.29464,1.29475,1.12,1.10
2018.03.14 06:31:43.245,1.29464,1.29475,1.00,2.14
2018.03.14 06:31:44.373,1.29464,1.29476,1.12,1.20
2018.03.14 06:31:44.882,1.29464,1.29476,1.00,4.01
2018.03.14 06:31:45.391,1.29463,1.29476,3.00,3.64
2018.03.14 06:31:45.760,1.29463,1.29476,1.75,3.75
2018.03.14 06:31:46.277,1.29464,1.29476,1.75,5.25
2018.03.14 06:31:47.023,1.29463,1.29476,1.85,2.14
2018.03.14 06:31:47.393,1.29464,1.29475,1.50,1.29
2018.03.14 06:31:47.446,1.29463,1.29473,1.87,1.00
2018.03.14 06:31:47.652,1.29463,1.29472,1.37,1.19
2018.03.14 06:31:47.704,1.29463,1.29473,1.37,1.69
2018.03.14 06:31:48.337,1.29463,1.29472,1.37,1.00
2018.03.14 06:31:48.440,1.29467,1.29475,1.12,1.00
2018.03.14 06:31:48.493,1.29466,1.29478,1.87,1.10
2018.03.14 06:31:48.545,1.29467,1.29478,1.50,1.01
2018.03.14 06:31:48.701,1.29467,1.29478,1.00,1.32
2018.03.14 06:31:50.142,1.29466,1.29479,1.00,2.14
2018.03.14 06:31:50.194,1.29466,1.29479,1.87,2.14
2018.03.14 06:31:50.468,1.29466,1.29479,1.12,2.14
2018.03.14 06:31:51.181,1.29467,1.29479,1.50,2.51
2018.03.14 06:31:51.738,1.29467,1.29479,1.37,2.51
2018.03.14 06:31:52.274,1.29466,1.29479,1.87,2.51
2018.03.14 06:31:53.273,1.29466,1.2948,1.75,5.14
2018.03.14 06:31:53.793,1.29466,1.2948,1.75,4.01
2018.03.14 06:31:59.766,1.29466,1.29476,1.37,1.10
2018.03.14 06:32:00.334,1.29466,1.29479,1.50,1.39
2018.03.14 06:32:01.688,1.29467,1.2948,1.50,5.14
2018.03.14 06:32:02.873,1.29466,1.2948,3.37,2.51
2018.03.14 06:32:07.662,1.29467,1.2948,1.50,1.39
2018.03.14 06:32:15.768,1.29467,1.29479,1.00,1.70
2018.03.14 06:32:26.653,1.29467,1.29479,1.87,1.07
2018.03.14 06:32:27.237,1.29467,1.29479,1.50,1.07
2018.03.14 06:32:27.781,1.29467,1.29479,1.50,1.07
2018.03.14 06:32:30.729,1.29469,1.2948,1.50,1.20
2018.03.14 06:32:31.134,1.29472,1.29483,1.00,1.57
2018.03.14 06:32:31.292,1.29475,1.29487,1.00,2.70
2018.03.14 06:32:31.928,1.29474,1.29487,1.50,3.26
2018.03.14 06:32:32.267,1.29473,1.29485,1.00,2.51
2018.03.14 06:32:32.776,1.29471,1.29484,1.57,1.76
2018.03.14 06:32:33.306,1.29471,1.29484,1.10,3.19
2018.03.14 06:32:34.218,1.29471,1.29484,1.10,3.19
2018.03.14 06:32:34.531,1.2947,1.29481,1.37,1.76
2018.03.14 06:32:34.583,1.29468,1.29481,1.57,4.39
2018.03.14 06:32:35.115,1.29469,1.29481,2.62,3.26
2018.03.14 06:32:35.617,1.29469,1.29482,1.37,1.57
2018.03.14 06:32:36.148,1.2947,1.29482,1.57,1.32
2018.03.14 06:32:38.003,1.2947,1.29482,3.45,1.32
2018.03.14 06:32:38.518,1.2947,1.29483,3.45,2.14
2018.03.14 06:32:39.054,1.2947,1.29483,3.45,2.14
2018.03.14 06:32:39.579,1.2947,1.29483,2.70,2.14
2018.03.14 06:32:41.949,1.29469,1.29483,2.32,2.14
2018.03.14 06:32:44.419,1.29469,1.29483,3.82,2.14
2018.03.14 06:32:45.198,1.29472,1.29483,1.00,1.70
2018.03.14 06:32:45.892,1.2947,1.29483,2.32,2.89
2018.03.14 06:32:47.442,1.29472,1.29483,1.50,2.51
2018.03.14 06:32:51.013,1.29471,1.29483,1.50,2.51
2018.03.14 06:32:57.631,1.2947,1.29483,3.45,3.26
2018.03.14 06:32:57.683,1.29471,1.29483,1.12,2.32
2018.03.14 06:32:57.888,1.29471,1.29483,1.50,3.64
2018.03.14 06:32:58.422,1.2947,1.29483,1.75,2.89
2018.03.14 06:32:58.758,1.29468,1.29482,1.57,2.89
2018.03.14 06:32:59.367,1.29467,1.2948,3.82,2.14
2018.03.14 06:33:00.427,1.29467,1.2948,1.00,1.76
2018.03.14 06:33:00.942,1.29466,1.29479,1.00,1.26
2018.03.14 06:33:02.961,1.29465,1.29478,1.95,1.01
2018.03.14 06:33:04.393,1.29464,1.29477,1.20,3.26
2018.03.14 06:33:05.608,1.29464,1.29476,1.00,1.76
2018.03.14 06:33:22.510,1.29465,1.29476,1.00,1.76
2018.03.14 06:33:23.032,1.29464,1.29476,1.10,1.76
2018.03.14 06:33:23.670,1.29464,1.29476,1.10,1.76
2018.03.14 06:33:24.309,1.29464,1.29476,1.10,1.76
2018.03.14 06:33:24.823,1.29464,1.29476,1.10,1.64
2018.03.14 06:33:25.617,1.29464,1.29476,1.10,1.64
2018.03.14 06:33:26.998,1.29464,1.29476,1.10,1.64
2018.03.14 06:33:27.499,1.29464,1.29476,1.10,1.70
2018.03.14 06:33:28.654,1.29464,1.29476,1.10,1.64
2018.03.14 06:33:29.265,1.29464,1.29476,1.10,1.64
2018.03.14 06:33:29.707,1.29464,1.29472,1.00,1.25
2018.03.14 06:33:29.759,1.29461,1.29472,1.57,1.01
2018.03.14 06:33:30.018,1.29464,1.29474,4.12,1.07
2018.03.14 06:33:30.070,1.29467,1.29476,1.50,1.20
2018.03.14 06:33:30.278,1.29468,1.2948,2.62,1.57
2018.03.14 06:33:30.331,1.2947,1.29483,1.87,7.57
2018.03.14 06:33:31.697,1.29472,1.29484,1.00,2.51
2018.03.14 06:33:32.202,1.29472,1.29484,1.00,1.26
2018.03.14 06:33:33.538,1.29472,1.29484,1.37,1.26
2018.03.14 06:33:37.690,1.29473,1.29485,2.25,2.44
2018.03.14 06:33:37.794,1.29474,1.29487,2.25,1.45
2018.03.14 06:33:38.052,1.29476,1.29488,1.00,1.01
2018.03.14 06:33:38.360,1.29476,1.29489,1.12,2.89
2018.03.14 06:33:38.884,1.29477,1.29489,1.50,4.39
2018.03.14 06:33:39.398,1.29477,1.29488,1.50,1.76
2018.03.14 06:33:39.964,1.29477,1.29488,1.00,1.64
2018.03.14 06:33:41.403,1.29476,1.29488,3.75,1.76
2018.03.14 06:33:48.699,1.29477,1.29488,1.12,1.76
2018.03.14 06:33:52.748,1.29476,1.29488,1.95,1.20
2018.03.14 06:33:57.751,1.29478,1.2949,1.37,1.95
2018.03.14 06:33:57.957,1.29481,1.29493,1.47,1.20
2018.03.14 06:33:58.476,1.29481,1.29493,3.45,1.00
2018.03.14 06:33:59.024,1.29482,1.29493,1.00,1.01
2018.03.14 06:33:59.558,1.29481,1.29493,1.12,2.14
2018.03.14 06:34:00.073,1.2948,1.29493,3.07,2.14
2018.03.14 06:34:00.596,1.29481,1.29492,1.00,1.76
2018.03.14 06:34:06.050,1.29481,1.29488,1.00,1.00
2018.03.14 06:34:08.164,1.2948,1.29488,1.87,1.95
2018.03.14 06:34:09.862,1.2948,1.29488,1.87,1.00
2018.03.14 06:34:10.691,1.29479,1.29485,1.50,1.00
2018.03.14 06:34:11.447,1.29479,1.29484,1.50,1.00
2018.03.14 06:34:11.983,1.29477,1.29484,3.00,1.00
2018.03.14 06:34:12.499,1.29477,1.29484,1.00,1.00
2018.03.14 06:34:13.099,1.29476,1.29484,4.12,1.00
2018.03.14 06:34:13.456,1.29476,1.29484,1.50,1.00
2018.03.14 06:34:13.994,1.29475,1.29484,3.37,1.10
2018.03.14 06:34:14.970,1.29475,1.29484,4.12,1.95
2018.03.14 06:34:17.343,1.29477,1.29484,1.00,1.10
2018.03.14 06:34:24.698,1.29476,1.29482,1.37,1.00
2018.03.14 06:34:24.905,1.29475,1.29485,1.75,1.95
2018.03.14 06:34:30.964,1.29475,1.29484,1.50,1.45
2018.03.14 06:34:31.752,1.29476,1.29485,1.00,1.95
2018.03.14 06:34:32.612,1.29475,1.29483,1.87,1.00
2018.03.14 06:34:44.929,1.29475,1.29482,1.37,1.00
2018.03.14 06:34:44.981,1.29473,1.29482,1.87,1.20
2018.03.14 06:34:45.033,1.29473,1.2948,1.87,1.00
2018.03.14 06:34:45.188,1.29473,1.29483,1.37,2.70
2018.03.14 06:34:45.547,1.29473,1.2948,1.37,1.00
2018.03.14 06:34:45.888,1.29471,1.2948,1.37,1.00
2018.03.14 06:34:46.932,1.29472,1.29479,1.00,1.00
2018.03.14 06:34:47.459,1.29472,1.2948,1.00,1.00
2018.03.14 06:34:55.296,1.29472,1.29482,1.00,1.95
2018.03.14 06:34:56.091,1.29472,1.2948,1.00,1.00
2018.03.14 06:34:56.945,1.29472,1.29482,1.00,1.95
2018.03.14 06:34:57.421,1.29472,1.29479,1.00,1.00
2018.03.14 06:34:57.472,1.29472,1.29482,1.00,1.95
2018.03.14 06:34:58.013,1.29472,1.2948,1.00,1.00
2018.03.14 06:34:58.554,1.29472,1.2948,1.37,1.00
2018.03.14 06:34:59.129,1.29472,1.29482,1.12,1.95
2018.03.14 06:34:59.285,1.29472,1.29479,1.12,1.00
2018.03.14 06:35:00.484,1.29472,1.29481,1.12,1.20
2018.03.14 06:35:01.017,1.29472,1.2948,1.00,1.00
2018.03.14 06:35:01.539,1.29472,1.29481,1.00,1.20
2018.03.14 06:35:02.055,1.29472,1.2948,1.00,1.00
2018.03.14 06:35:02.563,1.29472,1.29481,1.00,1.20
2018.03.14 06:35:03.091,1.29472,1.2948,1.00,1.00
2018.03.14 06:35:03.602,1.29471,1.29481,1.37,1.20
2018.03.14 06:35:03.756,1.29471,1.29479,1.87,1.00
2018.03.14 06:35:04.045,1.29471,1.29482,1.37,1.95
2018.03.14 06:35:04.743,1.29471,1.2948,1.37,1.00
2018.03.14 06:35:07.163,1.29474,1.29481,1.12,1.95
2018.03.14 06:35:07.268,1.29475,1.29483,3.00,1.10
2018.03.14 06:35:07.769,1.29477,1.29485,2.25,1.20
2018.03.14 06:35:08.081,1.29479,1.29486,1.37,1.00
2018.03.14 06:35:10.044,1.29478,1.29486,1.87,1.00
2018.03.14 06:35:10.724,1.29479,1.29487,1.12,1.20
2018.03.14 06:35:11.230,1.29479,1.29487,1.50,1.00
2018.03.14 06:35:24.078,1.29479,1.29487,1.00,1.00
2018.03.14 06:35:24.395,1.29479,1.29487,1.12,1.00
2018.03.14 06:35:25.276,1.29478,1.29485,2.25,1.00
2018.03.14 06:35:25.327,1.29478,1.29484,1.12,1.00
2018.03.14 06:35:25.432,1.29474,1.29483,1.20,1.00
2018.03.14 06:35:25.756,1.29473,1.29482,2.62,1.10
2018.03.14 06:35:26.285,1.29476,1.29484,1.00,1.95
2018.03.14 06:35:27.551,1.29476,1.29484,1.00,1.10
2018.03.14 06:35:31.057,1.29476,1.29483,1.00,1.00
2018.03.14 06:35:37.182,1.29475,1.29483,1.00,1.00
2018.03.14 06:35:37.492,1.29477,1.29485,1.12,1.20
2018.03.14 06:35:41.543,1.29476,1.29485,1.87,1.20
2018.03.14 06:35:43.940,1.29478,1.29486,3.75,1.95
2018.03.14 06:35:43.992,1.29478,1.29488,1.75,1.00
2018.03.14 06:35:46.455,1.29478,1.29486,1.85,1.00
2018.03.14 06:35:50.164,1.29478,1.29487,3.00,1.00
2018.03.14 06:35:59.714,1.29477,1.29487,3.82,1.00
2018.03.14 06:36:00.489,1.29478,1.29485,1.85,1.00
2018.03.14 06:36:01.792,1.29477,1.29485,2.62,1.00
2018.03.14 06:36:03.181,1.29477,1.29485,1.50,1.00
2018.03.14 06:36:05.112,1.29477,1.29485,2.25,1.00
2018.03.14 06:36:06.589,1.29476,1.29484,1.37,1.00
2018.03.14 06:36:07.175,1.29476,1.29484,1.75,1.00
2018.03.14 06:36:07.281,1.29475,1.29484,1.57,1.00
2018.03.14 06:36:08.310,1.29477,1.29484,1.00,1.00
2018.03.14 06:36:08.853,1.29474,1.29484,2.70,1.00
2018.03.14 06:36:11.641,1.29474,1.29484,2.70,1.00
2018.03.14 06:36:11.797,1.29476,1.29484,1.50,1.00
2018.03.14 06:36:12.108,1.29478,1.29487,1.85,1.00
2018.03.14 06:36:13.751,1.29478,1.29487,2.32,1.00
2018.03.14 06:36:17.936,1.29477,1.29486,1.95,1.00
2018.03.14 06:36:19.049,1.29477,1.29486,1.87,1.00
2018.03.14 06:36:20.175,1.29478,1.29488,1.95,1.00
2018.03.14 06:36:23.204,1.29478,1.29487,1.20,1.00
2018.03.14 06:36:26.707,1.29477,1.29487,1.82,1.00
2018.03.14 06:36:29.644,1.29477,1.29485,2.25,1.00
2018.03.14 06:36:30.488,1.29478,1.29485,2.25,1.00
2018.03.14 06:36:31.224,1.29478,1.29486,2.25,1.00
2018.03.14 06:36:31.446,1.29479,1.29488,1.50,1.00
2018.03.14 06:36:31.658,1.2948,1.29491,1.50,1.00
2018.03.14 06:36:31.766,1.29479,1.29489,3.07,1.00
2018.03.14 06:36:34.956,1.29479,1.29491,3.82,1.10
2018.03.14 06:36:36.840,1.2948,1.2949,1.57,1.00
2018.03.14 06:36:37.510,1.29479,1.29489,3.82,1.00
2018.03.14 06:36:37.943,1.29482,1.29492,1.37,1.07
2018.03.14 06:36:38.259,1.29484,1.29491,1.75,1.00
2018.03.14 06:36:42.441,1.29484,1.29494,1.75,1.00
2018.03.14 06:36:51.409,1.29483,1.29492,2.70,1.00
2018.03.14 06:36:55.972,1.29483,1.29493,2.70,1.00
2018.03.14 06:36:56.536,1.29483,1.29492,3.82,1.00
2018.03.14 06:36:59.746,1.29483,1.29493,2.70,1.00
2018.03.14 06:37:00.841,1.29486,1.29494,1.12,1.00
2018.03.14 06:37:01.146,1.29489,1.29496,1.00,1.00
2018.03.14 06:37:01.451,1.29489,1.29494,1.00,1.00
2018.03.14 06:37:01.718,1.29486,1.29494,1.00,1.00
2018.03.14 06:37:04.862,1.29486,1.29495,1.00,1.00
2018.03.14 06:37:04.975,1.2949,1.29497,2.25,1.10
2018.03.14 06:37:05.027,1.2949,1.29499,1.87,1.00
2018.03.14 06:37:05.237,1.29488,1.29497,1.07,1.00
2018.03.14 06:37:05.549,1.29489,1.29494,1.00,1.00
2018.03.14 06:37:06.326,1.29489,1.29495,1.00,1.00
2018.03.14 06:37:08.755,1.29486,1.29495,1.95,1.00
2018.03.14 06:37:10.637,1.29486,1.29495,2.32,1.00
2018.03.14 06:37:11.158,1.29486,1.29495,2.25,1.00
2018.03.14 06:37:12.901,1.29486,1.29495,2.32,1.00
2018.03.14 06:37:13.423,1.29486,1.29495,2.32,1.00
2018.03.14 06:37:15.953,1.29489,1.29497,1.12,1.00
2018.03.14 06:37:16.107,1.29489,1.29499,1.12,1.00
2018.03.14 06:37:18.702,1.29488,1.29496,1.20,1.00
2018.03.14 06:37:18.985,1.29486,1.29496,1.57,1.00
2018.03.14 06:37:19.654,1.29488,1.29496,1.00,1.00
2018.03.14 06:37:19.757,1.29486,1.29496,1.20,1.00
2018.03.14 06:37:20.280,1.29489,1.29498,1.00,1.10
2018.03.14 06:37:21.057,1.29489,1.295,3.00,1.50
2018.03.14 06:37:21.109,1.29496,1.295,1.12,1.00
2018.03.14 06:37:21.161,1.29495,1.29504,1.87,2.70
2018.03.14 06:37:21.215,1.29497,1.29506,1.00,3.45
2018.03.14 06:37:21.319,1.29499,1.29508,1.12,1.10
2018.03.14 06:37:21.698,1.29498,1.29506,1.47,1.00
2018.03.14 06:37:22.109,1.29498,1.29508,2.32,1.00
2018.03.14 06:37:22.161,1.29497,1.29506,4.95,1.00
2018.03.14 06:37:22.315,1.29497,1.29508,4.95,1.00
2018.03.14 06:37:22.367,1.29498,1.29506,1.20,1.00
2018.03.14 06:37:22.676,1.29498,1.29508,3.00,1.00
2018.03.14 06:37:22.779,1.29498,1.29506,3.37,1.00
2018.03.14 06:37:23.294,1.29498,1.29507,2.62,1.00
2018.03.14 06:37:23.812,1.29498,1.29506,1.87,1.00
2018.03.14 06:37:23.914,1.29498,1.29508,1.12,1.00
2018.03.14 06:37:24.427,1.29498,1.29507,1.75,1.00
2018.03.14 06:37:25.052,1.29498,1.29508,1.75,1.00
2018.03.14 06:37:25.385,1.29498,1.29506,1.12,1.00
2018.03.14 06:37:25.437,1.29498,1.29508,1.12,1.00
2018.03.14 06:37:25.796,1.29498,1.29506,1.12,1.00
2018.03.14 06:37:26.001,1.29498,1.29508,1.75,1.00
2018.03.14 06:37:26.104,1.29498,1.29506,2.25,1.00
2018.03.14 06:37:26.514,1.29498,1.29508,1.12,1.00
2018.03.14 06:37:26.565,1.29498,1.29506,2.25,1.00
2018.03.14 06:37:26.923,1.29498,1.29508,1.75,1.00
2018.03.14 06:37:26.975,1.29498,1.29505,1.75,1.00
2018.03.14 06:37:27.026,1.29498,1.29508,3.75,1.00
2018.03.14 06:37:27.129,1.29498,1.29506,1.75,1.00
2018.03.14 06:37:27.371,1.29498,1.29508,1.12,1.00
2018.03.14 06:37:27.423,1.29498,1.29506,2.25,1.00
2018.03.14 06:37:27.727,1.29498,1.29508,1.75,1.00
2018.03.14 06:37:27.880,1.29498,1.29506,2.25,1.00
2018.03.14 06:37:28.133,1.29498,1.29508,2.25,1.00
2018.03.14 06:37:28.388,1.29498,1.29506,1.87,1.00
2018.03.14 06:37:28.900,1.29498,1.29507,2.25,1.00
2018.03.14 06:37:29.746,1.29498,1.29508,1.75,1.00
2018.03.14 06:37:30.290,1.29498,1.29507,2.25,1.00
2018.03.14 06:37:36.889,1.295,1.29508,2.25,1.00
2018.03.14 06:37:36.941,1.29502,1.29512,1.57,1.00
2018.03.14 06:37:38.280,1.29502,1.29512,1.12,1.00
2018.03.14 06:37:44.794,1.29501,1.29511,4.57,1.00
2018.03.14 06:38:14.854,1.29503,1.29512,1.50,1.00
2018.03.14 06:38:18.161,1.29503,1.29512,1.12,1.00
2018.03.14 06:38:23.765,1.29502,1.29512,1.00,1.00
2018.03.14 06:38:24.234,1.29499,1.29509,1.95,1.00
2018.03.14 06:38:24.863,1.29498,1.29509,1.82,1.25
2018.03.14 06:38:27.161,1.29498,1.29509,2.32,1.00
2018.03.14 06:38:29.931,1.29498,1.29507,1.45,1.00
2018.03.14 06:38:31.150,1.29498,1.29505,1.95,1.00
2018.03.14 06:38:31.698,1.29497,1.29504,1.85,1.00
2018.03.14 06:38:31.877,1.29495,1.29503,1.95,1.00
2018.03.14 06:38:32.340,1.29496,1.29505,1.57,1.00
2018.03.14 06:38:33.044,1.29495,1.29503,2.70,1.00
2018.03.14 06:38:33.566,1.29496,1.29503,3.45,1.00
2018.03.14 06:38:33.774,1.29496,1.29501,1.00,1.00
2018.03.14 06:38:34.397,1.29493,1.29501,1.75,1.00
2018.03.14 06:38:35.733,1.29493,1.29501,1.12,1.00
2018.03.14 06:38:38.896,1.29493,1.29504,1.12,2.25
2018.03.14 06:38:40.151,1.2949,1.29502,1.82,1.12
2018.03.14 06:38:40.204,1.29489,1.29501,3.07,1.31
2018.03.14 06:38:40.789,1.29487,1.295,3.45,1.39
2018.03.14 06:38:41.544,1.29487,1.295,3.07,2.14
2018.03.14 06:38:43.160,1.29487,1.295,3.07,1.25
2018.03.14 06:38:43.962,1.29487,1.295,1.95,1.19
2018.03.14 06:38:49.275,1.29487,1.29501,3.82,1.39
2018.03.14 06:38:49.881,1.29487,1.29501,3.82,1.39
2018.03.14 06:38:50.421,1.29487,1.295,1.82,1.00
2018.03.14 06:38:57.535,1.29488,1.295,1.85,1.25
2018.03.14 06:38:58.043,1.29488,1.295,1.20,1.29
2018.03.14 06:38:59.162,1.29487,1.295,3.82,1.10
2018.03.14 06:38:59.693,1.29487,1.295,3.82,1.32
2018.03.14 06:39:05.415,1.29488,1.295,1.57,1.19
2018.03.14 06:39:05.467,1.29488,1.295,1.57,1.00
2018.03.14 06:39:06.153,1.29488,1.295,1.57,1.76
2018.03.14 06:39:06.672,1.29488,1.29499,1.20,1.01
2018.03.14 06:39:07.455,1.29487,1.295,1.57,1.39
2018.03.14 06:39:08.482,1.29486,1.295,4.95,3.26
2018.03.14 06:39:11.925,1.29486,1.295,3.45,3.64
2018.03.14 06:39:12.095,1.29486,1.29498,1.20,3.26
2018.03.14 06:39:12.496,1.29484,1.29496,1.20,1.19
2018.03.14 06:39:12.804,1.29484,1.29496,1.12,4.01
2018.03.14 06:39:13.448,1.29484,1.29495,1.12,1.56
2018.03.14 06:39:20.055,1.29484,1.29496,3.45,1.20
2018.03.14 06:39:20.213,1.29484,1.29497,4.20,2.51
2018.03.14 06:39:21.521,1.29484,1.29496,3.45,1.00
2018.03.14 06:39:26.388,1.29484,1.29496,1.20,1.25
2018.03.14 06:39:26.942,1.29484,1.29495,1.00,2.51
2018.03.14 06:39:30.006,1.29484,1.29495,1.00,3.26
2018.03.14 06:39:30.576,1.29484,1.29496,1.00,3.26
2018.03.14 06:39:31.689,1.29484,1.29495,1.00,1.29
2018.03.14 06:39:38.168,1.29484,1.29496,1.00,1.39
2018.03.14 06:39:40.256,1.29484,1.29496,1.00,2.14
2018.03.14 06:39:40.955,1.29484,1.29496,1.00,2.14
2018.03.14 06:39:41.896,1.29484,1.29496,1.00,2.51
2018.03.14 06:39:42.050,1.29484,1.29496,1.00,2.51
2018.03.14 06:39:44.691,1.29484,1.29496,1.10,2.51
2018.03.14 06:39:44.798,1.29485,1.29497,1.50,1.57
2018.03.14 06:39:45.066,1.29489,1.29498,1.00,1.01
2018.03.14 06:39:45.768,1.29488,1.29498,1.00,1.20
2018.03.14 06:39:46.364,1.29489,1.29497,1.00,1.00
2018.03.14 06:39:46.518,1.29486,1.295,2.32,1.95
2018.03.14 06:39:46.620,1.29486,1.295,4.20,1.10
2018.03.14 06:39:47.654,1.29486,1.295,3.82,1.07
2018.03.14 06:39:47.911,1.29487,1.295,1.57,1.95
2018.03.14 06:39:48.425,1.29486,1.295,1.85,1.95
2018.03.14 06:39:50.218,1.29487,1.295,1.57,1.20
2018.03.14 06:39:52.477,1.29486,1.295,2.32,1.29
2018.03.14 06:39:52.990,1.29485,1.295,4.20,1.10
2018.03.14 06:39:53.721,1.29486,1.295,1.82,1.39
2018.03.14 06:39:54.350,1.29487,1.295,1.57,1.39
2018.03.14 06:39:56.000,1.29486,1.295,1.82,1.39
2018.03.14 06:39:59.672,1.29486,1.295,3.07,1.39
2018.03.14 06:40:01.078,1.29486,1.295,3.82,1.39
2018.03.14 06:40:01.628,1.29487,1.29501,1.57,4.39
2018.03.14 06:40:02.459,1.29487,1.29501,1.57,2.89
2018.03.14 06:40:02.984,1.29486,1.29501,2.32,2.14
2018.03.14 06:40:06.306,1.29486,1.29501,2.32,2.89
2018.03.14 06:40:06.868,1.29486,1.29501,2.32,2.14
2018.03.14 06:40:07.640,1.29488,1.29501,2.32,1.39
2018.03.14 06:40:07.950,1.29487,1.29501,2.70,1.39
2018.03.14 06:40:08.457,1.29487,1.29501,1.57,1.39
2018.03.14 06:40:08.827,1.29489,1.29501,1.07,1.00
2018.03.14 06:40:09.370,1.2949,1.29503,2.32,1.32
2018.03.14 06:40:09.700,1.29493,1.29505,1.95,1.20
2018.03.14 06:40:09.958,1.29491,1.29504,1.20,2.14
2018.03.14 06:40:10.011,1.29488,1.29502,3.45,1.69
2018.03.14 06:40:10.063,1.29488,1.29502,1.57,1.29
2018.03.14 06:40:10.566,1.29488,1.29502,3.07,1.39
2018.03.14 06:40:11.232,1.29488,1.29503,1.95,6.64
2018.03.14 06:40:12.125,1.29487,1.29501,3.07,1.01
2018.03.14 06:40:12.666,1.29487,1.29502,2.70,4.76
2018.03.14 06:40:13.501,1.29487,1.29502,1.95,3.64
2018.03.14 06:40:14.179,1.29487,1.29501,1.82,1.39
2018.03.14 06:40:15.015,1.29488,1.29501,1.95,1.29
2018.03.14 06:40:15.681,1.29488,1.29501,1.95,1.01
2018.03.14 06:40:16.395,1.29488,1.29501,1.95,1.29
2018.03.14 06:40:16.916,1.29488,1.29501,1.95,1.01
2018.03.14 06:40:17.461,1.29488,1.29501,1.47,1.29
2018.03.14 06:40:17.984,1.29488,1.29501,1.47,1.01
2018.03.14 06:40:18.485,1.29487,1.29501,1.95,1.76
2018.03.14 06:40:22.226,1.29488,1.29502,1.45,2.70
2018.03.14 06:40:22.742,1.29488,1.29502,1.47,1.95
2018.03.14 06:40:25.859,1.29489,1.29502,1.10,1.57
2018.03.14 06:40:26.386,1.29489,1.29502,1.45,1.76
2018.03.14 06:40:29.059,1.29488,1.29502,3.82,1.57
2018.03.14 06:40:29.658,1.29488,1.29502,1.95,1.76
2018.03.14 06:40:32.315,1.29488,1.29501,1.45,1.39
2018.03.14 06:40:34.170,1.29487,1.295,1.95,1.01
2018.03.14 06:40:34.699,1.29487,1.295,1.95,1.69
2018.03.14 06:40:35.927,1.29487,1.295,2.32,1.00
2018.03.14 06:40:36.992,1.29487,1.295,1.95,1.19
2018.03.14 06:40:37.508,1.29487,1.295,3.82,1.00
2018.03.14 06:40:38.022,1.29487,1.295,2.32,1.19
2018.03.14 06:40:38.524,1.29488,1.295,1.10,1.00
2018.03.14 06:40:43.739,1.29487,1.295,2.32,1.00
2018.03.14 06:40:52.791,1.29487,1.295,3.82,1.07
2018.03.14 06:40:53.667,1.29487,1.295,1.95,1.10
2018.03.14 06:40:55.686,1.29487,1.295,3.07,1.07
2018.03.14 06:40:56.466,1.29487,1.295,1.95,1.00
2018.03.14 06:40:56.976,1.29487,1.29501,1.85,2.89
2018.03.14 06:40:58.264,1.29487,1.29501,1.20,1.32
2018.03.14 06:40:58.777,1.29488,1.29501,1.10,1.01
2018.03.14 06:40:59.450,1.29487,1.29501,2.32,1.01
2018.03.14 06:40:59.962,1.29487,1.29501,1.82,1.29
2018.03.14 06:41:00.683,1.29487,1.29501,1.82,1.01
2018.03.14 06:41:01.187,1.29488,1.29501,1.45,1.39
2018.03.14 06:41:01.944,1.29489,1.29501,1.00,1.39
2018.03.14 06:41:02.476,1.29489,1.29502,1.95,3.64
2018.03.14 06:41:03.241,1.29489,1.29502,1.57,4.01
2018.03.14 06:41:03.680,1.29489,1.29502,1.57,4.39
2018.03.14 06:41:03.732,1.29489,1.29502,1.57,4.39
2018.03.14 06:41:03.989,1.29489,1.29502,1.57,3.64
2018.03.14 06:41:04.400,1.29489,1.29502,1.10,4.39
2018.03.14 06:41:04.917,1.29489,1.29502,1.10,4.01
2018.03.14 06:41:05.422,1.29489,1.29502,1.10,3.26
2018.03.14 06:41:05.576,1.29489,1.29502,1.10,3.64
2018.03.14 06:41:05.730,1.29489,1.29502,1.10,3.64
2018.03.14 06:41:05.988,1.29488,1.29502,1.57,2.89
2018.03.14 06:41:06.510,1.29488,1.29502,1.10,2.89
2018.03.14 06:41:07.049,1.29488,1.29501,1.57,1.39
2018.03.14 06:41:10.592,1.29488,1.29502,1.95,5.14
2018.03.14 06:41:10.898,1.29491,1.29504,1.10,3.26
2018.03.14 06:41:11.421,1.29491,1.29503,1.00,1.10
2018.03.14 06:41:12.435,1.2949,1.29503,1.57,2.89
2018.03.14 06:41:12.661,1.29489,1.29502,1.00,4.76
2018.03.14 06:41:13.540,1.29487,1.29501,3.45,1.39
2018.03.14 06:41:14.052,1.29487,1.29501,3.45,1.39
2018.03.14 06:41:14.791,1.29488,1.295,1.57,1.25
2018.03.14 06:41:16.394,1.29488,1.29502,1.20,3.26
2018.03.14 06:41:16.945,1.29487,1.29501,1.95,1.32
2018.03.14 06:41:18.465,1.29486,1.29501,3.45,2.51
2018.03.14 06:41:19.082,1.29488,1.29501,1.57,2.14
2018.03.14 06:41:19.607,1.29487,1.29501,1.45,2.14
2018.03.14 06:41:20.223,1.29488,1.29502,1.07,2.89
2018.03.14 06:41:20.963,1.29488,1.29502,1.95,3.26
2018.03.14 06:41:21.659,1.29488,1.29502,1.10,1.26
2018.03.14 06:41:22.942,1.29488,1.29501,1.57,1.29
2018.03.14 06:41:23.472,1.29488,1.29501,1.57,1.10
2018.03.14 06:41:23.986,1.29487,1.29502,2.70,2.51
2018.03.14 06:41:24.503,1.29488,1.29501,1.20,1.76
2018.03.14 06:41:25.295,1.29487,1.29502,2.70,3.26
2018.03.14 06:41:25.826,1.29488,1.29501,2.32,1.39
2018.03.14 06:41:26.327,1.29487,1.29502,3.07,3.26
2018.03.14 06:41:26.843,1.29488,1.29502,1.12,2.89
2018.03.14 06:41:27.821,1.29487,1.29502,3.07,2.89
2018.03.14 06:41:28.539,1.29489,1.29502,1.00,2.14
2018.03.14 06:41:29.092,1.29488,1.29502,1.57,1.76
2018.03.14 06:41:29.605,1.29487,1.29501,3.07,1.20
2018.03.14 06:41:32.492,1.29487,1.29501,3.45,1.76
2018.03.14 06:41:32.854,1.29494,1.29502,1.00,1.00
2018.03.14 06:41:32.906,1.29494,1.29504,1.00,1.95
2018.03.14 06:41:33.061,1.29491,1.29504,3.82,2.25
2018.03.14 06:41:33.595,1.29492,1.29503,1.07,1.00
2018.03.14 06:41:34.110,1.29494,1.29504,1.00,1.10
2018.03.14 06:41:34.650,1.29493,1.29504,1.12,1.00
2018.03.14 06:41:36.423,1.29494,1.29504,1.00,1.01
2018.03.14 06:41:37.033,1.29493,1.29504,1.12,1.50
2018.03.14 06:41:39.834,1.29496,1.29504,1.00,1.00
2018.03.14 06:41:40.002,1.29494,1.29506,1.10,2.70
2018.03.14 06:41:40.569,1.29495,1.29505,1.00,1.10
2018.03.14 06:41:43.980,1.29495,1.29507,1.20,3.45
2018.03.14 06:41:44.034,1.29497,1.29509,1.37,2.32
2018.03.14 06:41:44.086,1.29498,1.29509,1.10,1.10
2018.03.14 06:41:44.233,1.295,1.29511,2.25,1.20
2018.03.14 06:41:44.495,1.29504,1.29517,2.32,1.07
2018.03.14 06:41:44.884,1.29502,1.29515,1.95,3.19
2018.03.14 06:41:44.987,1.29503,1.29515,1.10,2.81
2018.03.14 06:41:45.197,1.295,1.29513,1.07,1.76
2018.03.14 06:41:45.248,1.29499,1.29512,1.95,1.31
2018.03.14 06:41:45.601,1.29497,1.29511,3.45,1.01
2018.03.14 06:41:47.272,1.29497,1.2951,1.47,1.39
2018.03.14 06:41:53.730,1.29504,1.29514,1.00,1.20
2018.03.14 06:41:53.782,1.29504,1.29516,1.00,1.95
2018.03.14 06:41:53.887,1.29504,1.29517,1.00,3.64
2018.03.14 06:41:55.876,1.29504,1.29517,1.12,4.01
2018.03.14 06:41:58.240,1.29504,1.29516,1.00,2.89
2018.03.14 06:41:58.860,1.29504,1.29516,1.00,2.14
2018.03.14 06:42:17.740,1.29507,1.29516,1.00,1.32
2018.03.14 06:42:17.895,1.29507,1.29517,1.00,1.39
2018.03.14 06:42:19.667,1.29508,1.29517,1.00,1.20
2018.03.14 06:42:19.822,1.29505,1.29519,2.32,1.07
2018.03.14 06:42:20.356,1.29506,1.29519,2.70,1.07
2018.03.14 06:42:26.838,1.29506,1.29519,1.57,1.10
2018.03.14 06:42:29.813,1.29506,1.29519,1.85,1.57
2018.03.14 06:42:30.322,1.29507,1.29519,1.37,1.10
2018.03.14 06:42:30.839,1.29508,1.29522,2.70,1.39
2018.03.14 06:42:31.169,1.29507,1.2952,1.95,1.47
2018.03.14 06:42:31.221,1.29507,1.2952,2.32,1.47
2018.03.14 06:42:31.735,1.29506,1.29519,1.57,1.12
2018.03.14 06:42:32.250,1.29506,1.2952,1.07,2.70
2018.03.14 06:42:33.610,1.29505,1.2952,3.07,3.64
2018.03.14 06:42:34.124,1.29505,1.29518,2.32,1.10
2018.03.14 06:42:34.967,1.29505,1.29518,1.20,1.32
2018.03.14 06:42:35.481,1.29505,1.29517,1.10,1.00
2018.03.14 06:42:36.320,1.29505,1.29517,1.20,1.00
2018.03.14 06:42:37.812,1.29505,1.29517,1.20,1.10
2018.03.14 06:42:44.729,1.29505,1.29519,1.10,3.07
2018.03.14 06:42:45.259,1.29505,1.29519,1.07,2.32
2018.03.14 06:42:45.772,1.29505,1.29518,1.10,1.47
2018.03.14 06:42:46.290,1.29505,1.29519,1.07,4.57
2018.03.14 06:42:48.500,1.29505,1.29518,1.20,1.01
2018.03.14 06:42:48.807,1.29505,1.29519,1.95,3.64
2018.03.14 06:42:49.932,1.29505,1.29518,1.10,1.39
2018.03.14 06:42:50.241,1.29505,1.29518,2.32,1.20
2018.03.14 06:42:51.023,1.29504,1.29518,1.57,1.07
2018.03.14 06:42:52.083,1.29507,1.2952,2.62,2.89
2018.03.14 06:42:52.324,1.29508,1.29522,2.62,7.01
2018.03.14 06:42:53.659,1.29507,1.29521,6.07,1.10
2018.03.14 06:42:59.522,1.29508,1.29521,2.32,1.39
2018.03.14 06:42:59.879,1.29508,1.29521,3.82,1.01
2018.03.14 06:43:00.388,1.29508,1.29521,4.57,1.39
2018.03.14 06:43:00.918,1.29508,1.29521,2.32,1.39
2018.03.14 06:43:02.157,1.29508,1.29521,2.32,1.39
2018.03.14 06:43:04.548,1.29509,1.29521,1.07,1.01
2018.03.14 06:43:17.463,1.29509,1.29522,1.57,1.20
2018.03.14 06:43:18.853,1.29509,1.29522,2.32,1.39
2018.03.14 06:43:21.160,1.29508,1.29522,2.32,5.14
2018.03.14 06:43:21.784,1.29509,1.29522,1.20,5.14
2018.03.14 06:43:23.160,1.29509,1.29522,1.10,4.39
2018.03.14 06:43:23.959,1.29509,1.29522,1.10,4.39
2018.03.14 06:43:28.433,1.29509,1.29522,1.10,4.39
2018.03.14 06:43:30.845,1.29508,1.2952,1.07,1.00
2018.03.14 06:43:31.552,1.29507,1.29521,2.32,2.89
2018.03.14 06:43:32.704,1.29506,1.2952,3.07,1.69
2018.03.14 06:43:33.489,1.29506,1.2952,2.70,1.31
2018.03.14 06:43:33.998,1.29507,1.2952,1.07,1.31
2018.03.14 06:43:34.523,1.29507,1.2952,1.07,1.31
2018.03.14 06:43:37.535,1.29506,1.29521,2.70,3.26
2018.03.14 06:43:38.204,1.29507,1.29521,1.07,3.26
2018.03.14 06:43:46.026,1.29507,1.29521,1.95,3.45
2018.03.14 06:43:48.594,1.29507,1.29521,2.70,2.89
2018.03.14 06:43:48.911,1.29506,1.2952,1.57,2.81
2018.03.14 06:43:49.149,1.29503,1.29517,1.95,1.01
2018.03.14 06:43:49.306,1.29503,1.29517,1.82,3.26
2018.03.14 06:43:49.868,1.29503,1.29517,1.82,3.26
2018.03.14 06:43:50.411,1.29503,1.29517,1.57,5.14
2018.03.14 06:43:50.973,1.29502,1.29517,1.95,4.76
2018.03.14 06:43:52.109,1.29502,1.29516,1.95,1.19
2018.03.14 06:43:52.722,1.29502,1.29516,1.95,1.25
2018.03.14 06:44:00.392,1.29502,1.29517,3.07,3.26
2018.03.14 06:44:00.904,1.29502,1.29517,3.07,2.51
2018.03.14 06:44:01.645,1.29502,1.29517,3.07,2.51
2018.03.14 06:44:02.236,1.29502,1.29517,3.07,2.51
2018.03.14 06:44:03.347,1.29503,1.29517,1.07,3.26
2018.03.14 06:44:04.699,1.29502,1.29516,1.45,1.39
2018.03.14 06:44:05.009,1.29503,1.29518,2.32,3.64
2018.03.14 06:44:05.684,1.29503,1.29516,2.70,1.26
2018.03.14 06:44:06.096,1.29502,1.29515,1.57,1.26
2018.03.14 06:44:06.353,1.29501,1.29513,1.10,1.19
2018.03.14 06:44:06.912,1.295,1.29513,1.57,1.76
2018.03.14 06:44:07.366,1.29498,1.29513,1.95,2.89
2018.03.14 06:44:07.915,1.29501,1.29513,1.37,1.57
2018.03.14 06:44:08.606,1.29501,1.29514,2.32,1.20
2018.03.14 06:44:09.662,1.29499,1.29514,5.70,1.01
2018.03.14 06:44:10.175,1.295,1.29514,3.82,2.51
2018.03.14 06:44:10.676,1.295,1.29514,1.20,3.26
2018.03.14 06:44:11.212,1.29499,1.29513,1.95,1.01
2018.03.14 06:44:13.018,1.29498,1.29512,1.45,1.76
2018.03.14 06:44:13.348,1.29497,1.2951,1.57,1.01
2018.03.14 06:44:13.783,1.295,1.29511,1.12,1.07
2018.03.14 06:44:13.836,1.295,1.29513,1.20,1.39
2018.03.14 06:44:18.576,1.29501,1.29514,1.57,1.70
2018.03.14 06:44:18.628,1.29503,1.29514,1.00,1.57
2018.03.14 06:44:18.680,1.29503,1.29514,1.00,1.20
2018.03.14 06:44:19.194,1.29504,1.29515,1.00,4.01
2018.03.14 06:44:20.192,1.29504,1.29515,1.00,4.39
2018.03.14 06:44:21.084,1.29504,1.29515,1.00,2.89
2018.03.14 06:44:22.108,1.29504,1.29515,1.00,2.89
2018.03.14 06:44:22.773,1.29504,1.29515,1.00,2.14
2018.03.14 06:44:23.530,1.29502,1.29514,1.07,1.01
2018.03.14 06:44:23.582,1.29502,1.29513,1.07,1.19
2018.03.14 06:44:24.103,1.29502,1.29514,1.00,1.76
2018.03.14 06:44:25.406,1.29502,1.29515,1.57,6.64
2018.03.14 06:44:25.743,1.29504,1.29518,1.45,1.57
2018.03.14 06:44:25.846,1.29503,1.29518,4.57,1.20
2018.03.14 06:44:28.433,1.29503,1.29518,4.95,3.64
2018.03.14 06:44:30.152,1.29506,1.29519,1.00,1.01
2018.03.14 06:44:30.307,1.29507,1.2952,2.70,1.01
2018.03.14 06:44:30.839,1.29506,1.2952,1.57,3.64
2018.03.14 06:44:30.890,1.29507,1.29521,2.32,2.51
2018.03.14 06:44:31.524,1.29507,1.29521,1.07,1.76
2018.03.14 06:44:32.663,1.29507,1.29521,2.32,3.26
2018.03.14 06:44:33.023,1.29505,1.29519,3.07,1.20
2018.03.14 06:44:33.331,1.29505,1.29519,2.70,1.76
2018.03.14 06:44:33.870,1.29505,1.29519,3.45,1.76
2018.03.14 06:44:36.106,1.29505,1.29519,3.07,1.39
2018.03.14 06:44:36.865,1.29505,1.29518,3.07,1.25
2018.03.14 06:44:38.420,1.29505,1.29518,3.07,1.31
2018.03.14 06:44:41.722,1.29505,1.29518,1.57,1.12
2018.03.14 06:44:42.086,1.29507,1.2952,1.20,1.01
2018.03.14 06:44:42.677,1.29508,1.2952,1.10,1.00
2018.03.14 06:44:49.333,1.29507,1.29521,4.20,1.76
2018.03.14 06:44:50.955,1.29509,1.29521,2.62,2.70
2018.03.14 06:44:51.705,1.29509,1.29521,2.70,1.95
2018.03.14 06:44:52.262,1.29508,1.29521,1.10,1.01
2018.03.14 06:44:52.909,1.29508,1.29521,1.07,2.14
2018.03.14 06:44:53.590,1.29507,1.29521,3.07,2.14
2018.03.14 06:44:57.467,1.29507,1.2952,1.07,1.76
2018.03.14 06:45:02.655,1.29506,1.29519,1.57,1.76
2018.03.14 06:45:02.965,1.29504,1.29518,2.70,4.01
2018.03.14 06:45:03.592,1.29504,1.29518,1.85,1.76
2018.03.14 06:45:04.250,1.29504,1.29518,1.57,3.64
2018.03.14 06:45:06.116,1.29504,1.29518,1.20,2.51
2018.03.14 06:45:06.929,1.29503,1.29518,1.57,2.51
2018.03.14 06:45:06.980,1.29503,1.29518,3.45,1.76
2018.03.14 06:45:07.031,1.29503,1.29518,1.57,4.01
2018.03.14 06:45:07.505,1.29507,1.29519,1.45,1.00
2018.03.14 06:45:08.354,1.29506,1.2952,1.45,2.89
2018.03.14 06:45:08.718,1.29505,1.29518,1.07,1.82
2018.03.14 06:45:09.296,1.29504,1.29517,1.57,1.66
2018.03.14 06:45:09.348,1.29504,1.29517,1.20,1.66
2018.03.14 06:45:10.217,1.29504,1.29517,1.20,2.14
2018.03.14 06:45:11.802,1.29502,1.29516,1.45,2.14
2018.03.14 06:45:12.346,1.29503,1.29516,1.10,3.82
2018.03.14 06:45:13.487,1.29503,1.29516,1.07,1.95
2018.03.14 06:45:14.006,1.29503,1.29516,1.00,1.57
2018.03.14 06:45:19.041,1.29503,1.29515,1.00,2.14
2018.03.14 06:45:19.789,1.29503,1.29515,1.00,2.14
2018.03.14 06:45:23.145,1.29503,1.29515,1.00,4.01
2018.03.14 06:45:23.950,1.29503,1.29515,1.00,2.14
2018.03.14 06:45:24.473,1.29503,1.29516,1.00,7.39
2018.03.14 06:45:26.772,1.29503,1.29513,1.00,1.57
2018.03.14 06:45:26.927,1.29497,1.29511,1.20,3.26
2018.03.14 06:45:28.882,1.29495,1.2951,2.32,2.51
2018.03.14 06:45:29.037,1.29495,1.29508,1.57,1.26
2018.03.14 06:45:30.183,1.29497,1.29509,1.87,1.20
2018.03.14 06:45:30.441,1.29498,1.29511,3.45,1.76
2018.03.14 06:45:31.435,1.29499,1.29511,1.20,1.76
2018.03.14 06:45:31.975,1.29498,1.29512,1.95,2.51
2018.03.14 06:45:33.481,1.295,1.29513,2.62,1.76
2018.03.14 06:45:33.584,1.29503,1.29515,1.12,1.20
2018.03.14 06:45:46.111,1.29503,1.29515,2.62,1.01
