2011.06.29 06:00:00.263,0.97991,0.98009,1.73,1.50
2011.06.29 06:00:00.595,0.97993,0.98011,1.50,1.52
2011.06.29 06:00:00.713,0.97998,0.98018,1.35,2.27
2011.06.29 06:00:01.266,0.98002,0.98021,1.50,2.27
2011.06.29 06:00:02.485,0.98003,0.9802,1.88,1.50
2011.06.29 06:00:03.034,0.98003,0.98019,1.50,1.50
2011.06.29 06:00:07.352,0.98001,0.98019,1.50,3.00
2011.06.29 06:00:10.763,0.98001,0.98018,1.50,2.25
2011.06.29 06:00:10.874,0.97999,0.98018,4.13,2.68
2011.06.29 06:00:11.424,0.97999,0.98016,2.63,2.27
2011.06.29 06:00:12.536,0.98,0.98018,1.50,2.27
2011.06.29 06:00:13.642,0.98,0.98018,1.50,2.27
2011.06.29 06:00:14.582,0.98,0.98018,1.50,2.27
2011.06.29 06:00:15.133,0.98,0.98018,1.50,2.27
2011.06.29 06:00:18.803,0.98001,0.98019,1.50,3.02
2011.06.29 06:00:19.242,0.98001,0.98019,1.50,3.02
2011.06.29 06:00:19.793,0.98001,0.98021,1.50,3.02
2011.06.29 06:00:25.193,0.98002,0.9802,1.88,1.52
2011.06.29 06:00:25.865,0.98012,0.98024,1.05,1.52
2011.06.29 06:00:25.976,0.98009,0.98024,1.28,1.52
2011.06.29 06:00:26.205,0.98011,0.98027,1.65,1.52
2011.06.29 06:00:26.752,0.98011,0.98028,2.40,2.12
2011.06.29 06:00:27.274,0.98012,0.98028,1.65,2.12
2011.06.29 06:00:27.824,0.98011,0.98028,1.50,2.87
2011.06.29 06:00:27.936,0.98011,0.98028,1.65,2.87
2011.06.29 06:00:28.493,0.98012,0.98028,2.40,1.37
2011.06.29 06:00:29.923,0.98012,0.98029,2.40,1.37
2011.06.29 06:00:30.252,0.98013,0.9803,1.65,1.68
2011.06.29 06:00:32.685,0.98013,0.9803,2.17,2.43
2011.06.29 06:00:33.014,0.98017,0.98033,2.02,2.12
2011.06.29 06:00:33.672,0.98016,0.98033,1.20,2.12
2011.06.29 06:00:35.483,0.98016,0.98033,1.65,3.25
2011.06.29 06:00:35.593,0.98015,0.98033,2.40,2.50
2011.06.29 06:00:35.704,0.98015,0.98033,2.25,1.37
2011.06.29 06:00:35.922,0.98015,0.98034,2.77,1.52
2011.06.29 06:00:36.143,0.98016,0.98034,2.63,1.52
2011.06.29 06:00:36.363,0.98016,0.98033,1.50,2.65
2011.06.29 06:00:38.305,0.98016,0.98032,1.50,3.10
2011.06.29 06:00:41.323,0.98015,0.9803,1.88,1.50
2011.06.29 06:00:41.639,0.98015,0.98026,1.13,1.50
2011.06.29 06:00:41.763,0.98005,0.98023,1.50,1.60
2011.06.29 06:00:41.874,0.98005,0.98024,1.50,3.02
2011.06.29 06:00:42.093,0.98004,0.98022,2.25,2.25
2011.06.29 06:00:42.426,0.98003,0.98018,1.13,1.50
2011.06.29 06:00:44.703,0.98003,0.98022,1.88,3.77
2011.06.29 06:00:44.924,0.98004,0.98022,1.50,3.77
2011.06.29 06:00:45.534,0.98004,0.98022,1.50,3.02
2011.06.29 06:00:48.874,0.98004,0.98022,1.50,3.77
2011.06.29 06:00:48.985,0.98004,0.98021,1.50,1.52
2011.06.29 06:00:49.647,0.98002,0.98018,1.50,1.50
2011.06.29 06:00:50.122,0.98001,0.98018,2.25,1.50
2011.06.29 06:00:50.616,0.98001,0.98018,1.50,1.50
2011.06.29 06:00:51.623,0.98001,0.98018,1.50,1.50
2011.06.29 06:00:52.284,0.98,0.98016,2.63,1.50
2011.06.29 06:00:52.393,0.98,0.98015,2.63,1.50
2011.06.29 06:00:52.505,0.97999,0.98015,1.50,2.27
2011.06.29 06:00:52.614,0.97998,0.98013,2.25,1.50
2011.06.29 06:00:53.162,0.97997,0.98016,1.50,3.77
2011.06.29 06:00:53.992,0.97997,0.98016,1.50,3.77
2011.06.29 06:00:56.432,0.97997,0.98014,3.00,1.52
2011.06.29 06:00:56.981,0.97997,0.98016,2.25,1.50
2011.06.29 06:00:59.741,0.97998,0.98016,1.50,1.52
2011.06.29 06:01:00.734,0.98,0.98017,1.50,2.27
2011.06.29 06:01:00.843,0.98,0.98017,1.50,2.27
2011.06.29 06:01:01.173,0.98,0.98017,1.35,1.50
2011.06.29 06:01:01.284,0.98002,0.98018,1.50,1.52
2011.06.29 06:01:02.354,0.98002,0.98019,1.50,2.27
2011.06.29 06:01:02.794,0.98,0.98017,2.25,1.52
2011.06.29 06:01:14.632,0.98,0.98017,1.50,1.52
2011.06.29 06:01:16.517,0.98002,0.98018,1.50,3.02
2011.06.29 06:01:16.742,0.98002,0.98018,1.50,2.27
2011.06.29 06:01:20.327,0.98001,0.98019,1.50,2.27
2011.06.29 06:01:24.425,0.98002,0.98019,1.50,2.27
2011.06.29 06:01:24.753,0.98001,0.98017,1.50,1.50
2011.06.29 06:01:25.962,0.97999,0.98017,4.13,2.27
2011.06.29 06:01:27.634,0.97999,0.98018,3.38,3.02
2011.06.29 06:01:28.183,0.97999,0.98018,3.38,3.02
2011.06.29 06:01:28.742,0.97999,0.98016,3.38,1.50
2011.06.29 06:01:29.624,0.98,0.98018,2.63,2.68
2011.06.29 06:01:30.863,0.98,0.98017,2.63,1.52
2011.06.29 06:01:32.414,0.98,0.98018,2.63,2.27
2011.06.29 06:01:33.155,0.98002,0.9802,1.50,3.62
2011.06.29 06:01:36.143,0.98002,0.9802,2.25,1.52
2011.06.29 06:01:36.253,0.98002,0.9802,1.50,2.27
2011.06.29 06:01:37.047,0.98002,0.9802,1.50,1.52
2011.06.29 06:01:37.275,0.98,0.98019,3.38,1.52
2011.06.29 06:01:38.314,0.98001,0.9802,3.00,1.37
2011.06.29 06:01:49.903,0.98003,0.98022,1.50,1.90
2011.06.29 06:01:50.453,0.98003,0.98022,1.50,1.90
2011.06.29 06:01:51.030,0.98003,0.98021,1.50,2.27
2011.06.29 06:01:53.084,0.98001,0.98019,1.50,1.52
2011.06.29 06:01:54.099,0.98005,0.98023,1.50,2.12
2011.06.29 06:01:57.745,0.98002,0.98021,2.25,2.87
2011.06.29 06:01:58.292,0.98002,0.98021,1.50,3.62
2011.06.29 06:02:04.113,0.98002,0.98021,1.50,1.52
2011.06.29 06:02:05.543,0.98002,0.98021,2.25,1.52
2011.06.29 06:02:05.654,0.98003,0.98022,1.50,1.52
2011.06.29 06:02:05.984,0.98008,0.98024,1.88,2.27
2011.06.29 06:02:06.093,0.98008,0.98025,2.63,1.52
2011.06.29 06:02:06.642,0.9801,0.98026,2.63,1.52
2011.06.29 06:02:07.244,0.9801,0.98027,2.63,1.52
2011.06.29 06:02:10.593,0.9801,0.98029,2.63,2.27
2011.06.29 06:02:11.158,0.9801,0.98028,2.63,1.52
2011.06.29 06:02:18.374,0.9801,0.98029,2.63,1.52
2011.06.29 06:02:18.979,0.98013,0.98031,1.50,1.52
2011.06.29 06:02:19.093,0.98013,0.98031,1.50,1.52
2011.06.29 06:02:21.023,0.98013,0.9803,1.50,1.37
2011.06.29 06:02:21.573,0.98013,0.9803,1.50,1.37
2011.06.29 06:02:25.236,0.98011,0.9803,1.50,1.37
2011.06.29 06:02:25.794,0.98011,0.9803,1.50,1.37
2011.06.29 06:02:37.563,0.9801,0.98028,1.50,1.52
2011.06.29 06:02:39.093,0.9801,0.98029,1.50,2.27
2011.06.29 06:02:39.313,0.9801,0.98029,1.50,2.27
2011.06.29 06:02:40.083,0.9801,0.98029,1.50,3.02
2011.06.29 06:02:49.724,0.98012,0.98029,1.50,2.27
2011.06.29 06:02:49.832,0.98013,0.98029,1.50,1.52
2011.06.29 06:02:59.664,0.98014,0.9803,1.50,1.75
2011.06.29 06:02:59.885,0.98015,0.98031,1.50,1.13
2011.06.29 06:03:00.216,0.9802,0.98034,1.50,1.52
2011.06.29 06:03:00.334,0.9802,0.98035,2.25,1.52
2011.06.29 06:03:00.663,0.9802,0.98037,2.25,1.22
2011.06.29 06:03:01.212,0.98019,0.98037,1.50,1.22
2011.06.29 06:03:03.404,0.98018,0.98037,3.38,1.22
2011.06.29 06:03:16.048,0.98021,0.98039,1.50,2.80
2011.06.29 06:03:18.034,0.98021,0.98039,1.50,2.50
2011.06.29 06:03:19.944,0.98021,0.98039,1.50,2.80
2011.06.29 06:03:21.114,0.98021,0.98039,1.50,1.75
2011.06.29 06:03:21.774,0.98021,0.98041,1.50,2.27
2011.06.29 06:03:21.883,0.98022,0.98041,1.50,2.27
2011.06.29 06:03:22.216,0.98029,0.98046,2.25,1.75
2011.06.29 06:03:22.553,0.9803,0.98047,1.50,1.52
2011.06.29 06:03:23.104,0.98031,0.98049,1.50,1.08
2011.06.29 06:03:28.265,0.98029,0.98045,1.50,1.50
2011.06.29 06:03:31.605,0.98031,0.98046,1.05,1.50
2011.06.29 06:03:31.933,0.98034,0.98049,1.20,1.52
2011.06.29 06:03:32.400,0.98034,0.98051,1.20,1.52
2011.06.29 06:03:33.835,0.98034,0.98051,1.20,1.52
2011.06.29 06:03:35.273,0.98033,0.9805,1.95,1.60
2011.06.29 06:03:35.383,0.98033,0.9805,1.20,1.60
2011.06.29 06:03:43.824,0.9803,0.98049,2.25,1.52
2011.06.29 06:03:45.154,0.98031,0.98049,1.50,2.42
2011.06.29 06:03:45.812,0.98031,0.98049,1.50,2.27
2011.06.29 06:03:48.164,0.98032,0.9805,1.50,1.52
2011.06.29 06:03:48.383,0.98033,0.98053,2.25,3.02
2011.06.29 06:03:48.497,0.98033,0.98053,1.50,2.27
2011.06.29 06:03:48.613,0.98033,0.98053,2.25,2.27
2011.06.29 06:03:50.664,0.98035,0.98052,1.50,1.15
2011.06.29 06:03:50.884,0.98031,0.98049,2.25,3.02
2011.06.29 06:03:50.995,0.98031,0.98049,2.25,3.02
2011.06.29 06:03:51.104,0.98031,0.98049,1.50,3.43
2011.06.29 06:03:51.653,0.9803,0.98049,1.50,3.77
2011.06.29 06:03:54.093,0.9803,0.98049,1.50,2.27
2011.06.29 06:03:54.313,0.9803,0.98049,1.50,2.27
2011.06.29 06:03:54.901,0.9803,0.98049,1.50,3.28
2011.06.29 06:03:57.913,0.9803,0.9805,1.50,1.52
2011.06.29 06:04:03.634,0.98033,0.98051,1.50,1.52
2011.06.29 06:04:03.853,0.98033,0.98053,1.50,3.02
2011.06.29 06:04:04.859,0.98033,0.98052,2.25,1.52
2011.06.29 06:04:05.246,0.98033,0.98052,1.50,2.27
2011.06.29 06:04:07.614,0.98033,0.98052,1.50,2.27
2011.06.29 06:04:07.723,0.98033,0.98052,1.50,2.27
2011.06.29 06:04:10.265,0.98033,0.98052,1.50,2.27
2011.06.29 06:04:18.202,0.98032,0.98052,2.25,2.27
2011.06.29 06:04:26.795,0.98031,0.9805,3.00,2.12
2011.06.29 06:04:27.786,0.98032,0.9805,1.50,2.27
2011.06.29 06:04:28.116,0.98037,0.98056,1.50,2.27
2011.06.29 06:04:28.345,0.98036,0.98057,2.25,2.27
2011.06.29 06:04:37.102,0.98038,0.98058,1.50,2.35
2011.06.29 06:04:37.653,0.98038,0.98058,1.50,2.35
2011.06.29 06:04:47.183,0.98038,0.98055,1.50,1.50
2011.06.29 06:04:47.734,0.98038,0.98055,1.50,2.25
2011.06.29 06:04:48.396,0.98038,0.98055,1.50,2.25
2011.06.29 06:04:49.492,0.98038,0.98055,1.50,2.25
2011.06.29 06:04:49.932,0.98038,0.98055,1.50,2.25
2011.06.29 06:04:50.482,0.98038,0.98055,1.50,2.25
2011.06.29 06:04:51.003,0.98038,0.98055,1.50,2.25
2011.06.29 06:04:51.773,0.98038,0.98055,1.50,2.25
2011.06.29 06:04:53.863,0.98036,0.98054,1.50,1.50
2011.06.29 06:04:53.976,0.98036,0.98053,1.50,1.90
2011.06.29 06:04:54.096,0.98034,0.98052,1.50,2.27
2011.06.29 06:04:54.203,0.98033,0.98051,2.25,2.27
2011.06.29 06:04:54.753,0.98033,0.9805,1.50,1.52
2011.06.29 06:04:55.414,0.98032,0.9805,1.50,1.52
2011.06.29 06:05:31.223,0.98032,0.98048,1.50,1.52
2011.06.29 06:05:34.953,0.98032,0.98049,1.50,2.42
2011.06.29 06:05:35.670,0.98031,0.98049,1.50,3.77
2011.06.29 06:05:36.006,0.98027,0.98044,1.50,1.52
2011.06.29 06:05:36.127,0.98025,0.98042,2.10,1.50
2011.06.29 06:05:36.246,0.98024,0.98042,2.25,2.27
2011.06.29 06:05:36.829,0.98023,0.98042,1.50,2.65
2011.06.29 06:05:37.053,0.98022,0.9804,1.50,1.52
2011.06.29 06:05:37.602,0.98022,0.9804,1.50,1.52
2011.06.29 06:05:39.193,0.98022,0.9804,1.50,3.02
2011.06.29 06:06:09.485,0.98023,0.98041,1.50,1.52
2011.06.29 06:06:13.774,0.98023,0.98039,1.50,1.50
2011.06.29 06:06:18.875,0.98023,0.98038,1.50,1.13
2011.06.29 06:06:18.986,0.9802,0.98038,1.50,1.88
2011.06.29 06:06:25.424,0.98019,0.98037,1.50,1.15
2011.06.29 06:06:30.173,0.98019,0.98037,1.50,2.80
2011.06.29 06:06:40.144,0.98018,0.98037,1.50,1.90
2011.06.29 06:06:40.536,0.9802,0.98038,1.50,2.65
2011.06.29 06:06:43.163,0.9802,0.98038,1.50,1.90
2011.06.29 06:06:43.713,0.9802,0.98038,1.50,1.15
2011.06.29 06:06:47.294,0.9802,0.98038,2.25,1.90
2011.06.29 06:06:48.285,0.9802,0.98038,1.50,1.90
2011.06.29 06:06:49.053,0.98019,0.98038,1.50,4.30
2011.06.29 06:06:49.607,0.98016,0.98036,2.25,1.52
2011.06.29 06:06:49.937,0.98016,0.98034,1.50,2.27
2011.06.29 06:07:10.434,0.98015,0.98034,2.25,1.52
2011.06.29 06:07:10.877,0.98015,0.98033,2.25,1.97
2011.06.29 06:07:10.999,0.98013,0.98031,3.60,1.60
2011.06.29 06:07:11.555,0.98012,0.9803,1.50,1.13
2011.06.29 06:07:11.667,0.98012,0.9803,1.50,2.27
2011.06.29 06:07:12.224,0.98011,0.98028,1.50,1.52
2011.06.29 06:07:15.096,0.98012,0.9803,1.50,1.52
2011.06.29 06:07:23.085,0.9801,0.98028,2.10,1.52
2011.06.29 06:07:25.615,0.98013,0.98034,1.13,2.12
2011.06.29 06:07:25.724,0.98014,0.98034,1.50,2.12
2011.06.29 06:07:28.094,0.98014,0.98034,1.50,2.12
2011.06.29 06:07:28.865,0.98016,0.98034,1.50,1.52
2011.06.29 06:07:30.864,0.98017,0.98037,1.50,2.50
2011.06.29 06:07:30.978,0.98021,0.98037,1.50,1.37
2011.06.29 06:07:31.206,0.98021,0.98041,2.25,1.52
2011.06.29 06:07:31.804,0.98021,0.98041,3.00,1.52
2011.06.29 06:07:35.136,0.98022,0.98041,2.25,1.52
2011.06.29 06:07:41.735,0.98023,0.98043,1.50,1.52
2011.06.29 06:07:41.955,0.98025,0.98043,1.50,1.52
2011.06.29 06:07:44.147,0.98022,0.98041,2.40,3.02
2011.06.29 06:07:46.431,0.98022,0.98041,2.25,1.52
2011.06.29 06:08:06.255,0.98023,0.98041,1.88,1.52
2011.06.29 06:08:30.046,0.98022,0.98041,2.25,1.52
2011.06.29 06:08:30.595,0.98022,0.98041,2.25,1.52
2011.06.29 06:08:31.185,0.98022,0.98041,2.25,1.52
2011.06.29 06:08:41.315,0.98022,0.98041,2.25,3.92
2011.06.29 06:08:41.535,0.98022,0.98039,1.50,2.42
2011.06.29 06:08:48.938,0.9802,0.98037,1.50,1.37
2011.06.29 06:08:58.265,0.9802,0.98037,1.50,1.22
2011.06.29 06:09:04.135,0.9802,0.98037,1.50,1.15
2011.06.29 06:09:06.104,0.9802,0.98037,1.50,1.37
2011.06.29 06:09:06.864,0.9802,0.98037,1.50,1.37
2011.06.29 06:09:07.884,0.98019,0.98036,1.50,1.35
2011.06.29 06:09:16.434,0.98019,0.98038,2.10,1.52
2011.06.29 06:09:21.377,0.98022,0.98039,1.50,2.50
2011.06.29 06:09:21.923,0.98021,0.98039,1.50,3.25
2011.06.29 06:09:23.265,0.98021,0.98039,1.50,1.50
2011.06.29 06:09:28.004,0.98022,0.98039,1.50,1.73
2011.06.29 06:09:28.540,0.98021,0.98039,1.50,2.57
2011.06.29 06:09:28.662,0.98019,0.98037,1.50,1.95
2011.06.29 06:09:29.215,0.98019,0.98037,1.50,2.95
2011.06.29 06:09:37.968,0.98019,0.98037,1.50,1.60
2011.06.29 06:09:38.308,0.98017,0.98033,1.50,1.25
2011.06.29 06:09:38.759,0.98016,0.98034,1.50,1.52
2011.06.29 06:09:39.357,0.98018,0.98035,1.13,1.52
2011.06.29 06:09:49.904,0.98018,0.98035,2.25,2.27
2011.06.29 06:09:50.455,0.98018,0.98035,2.25,2.27
2011.06.29 06:10:02.585,0.98018,0.98035,1.13,2.27
2011.06.29 06:10:03.245,0.98018,0.98035,1.13,2.27
2011.06.29 06:10:03.466,0.9802,0.98037,1.50,1.52
2011.06.29 06:10:03.575,0.9802,0.98039,2.25,2.87
2011.06.29 06:10:08.405,0.98021,0.98041,3.00,1.52
2011.06.29 06:10:10.826,0.98021,0.9804,2.25,1.67
2011.06.29 06:10:11.265,0.98019,0.98038,2.25,1.67
2011.06.29 06:10:11.814,0.98019,0.98038,1.50,1.90
2011.06.29 06:10:12.036,0.98019,0.98036,1.50,1.52
2011.06.29 06:10:12.657,0.98019,0.98036,1.50,1.52
2011.06.29 06:10:24.374,0.98018,0.98035,1.13,2.27
2011.06.29 06:10:24.706,0.98015,0.98033,3.75,1.50
2011.06.29 06:10:28.063,0.98015,0.98033,3.00,1.52
2011.06.29 06:10:30.636,0.98015,0.98033,1.50,2.00
2011.06.29 06:10:31.077,0.98012,0.9803,1.50,1.90
2011.06.29 06:10:31.307,0.9801,0.9803,1.50,4.00
2011.06.29 06:10:34.396,0.9801,0.98029,1.50,2.27
2011.06.29 06:10:37.767,0.98011,0.98029,1.50,2.27
2011.06.29 06:10:40.264,0.98011,0.98029,1.50,1.52
2011.06.29 06:10:41.424,0.9801,0.98028,1.50,1.50
2011.06.29 06:10:44.505,0.98009,0.98028,1.50,1.52
2011.06.29 06:10:44.987,0.98008,0.98028,1.88,1.52
2011.06.29 06:10:46.275,0.98008,0.98028,1.88,3.02
2011.06.29 06:10:46.824,0.98007,0.98027,1.88,1.52
2011.06.29 06:10:47.265,0.98007,0.98027,1.88,1.52
2011.06.29 06:10:47.813,0.98007,0.98027,1.88,1.52
2011.06.29 06:10:48.484,0.98007,0.98027,1.88,1.52
2011.06.29 06:10:49.967,0.98007,0.98027,1.88,1.52
2011.06.29 06:10:55.716,0.98007,0.98026,1.50,1.52
2011.06.29 06:10:55.935,0.98007,0.98025,2.48,2.27
2011.06.29 06:10:56.925,0.98007,0.98025,1.35,1.52
2011.06.29 06:10:57.036,0.98004,0.98023,1.88,1.52
2011.06.29 06:10:57.644,0.98004,0.98023,1.50,1.52
2011.06.29 06:11:02.934,0.98006,0.98025,1.88,2.27
2011.06.29 06:11:03.046,0.98007,0.98025,1.13,1.52
2011.06.29 06:11:03.265,0.98006,0.98025,1.88,1.52
2011.06.29 06:11:03.484,0.98006,0.98025,1.88,1.52
2011.06.29 06:11:04.154,0.98006,0.98025,1.50,2.27
2011.06.29 06:11:04.270,0.98006,0.98025,1.50,3.02
2011.06.29 06:11:04.827,0.98006,0.98024,1.50,1.52
2011.06.29 06:11:05.168,0.98006,0.98025,1.50,3.62
2011.06.29 06:11:05.508,0.98002,0.98017,1.50,1.88
2011.06.29 06:11:05.624,0.97999,0.98015,1.50,1.50
2011.06.29 06:11:05.954,0.97999,0.98018,1.50,1.50
2011.06.29 06:11:12.405,0.98002,0.9802,1.88,2.27
2011.06.29 06:11:12.514,0.98003,0.98021,3.00,1.52
2011.06.29 06:11:13.065,0.98003,0.9802,1.50,1.52
2011.06.29 06:11:21.174,0.98002,0.9802,1.50,1.52
2011.06.29 06:11:21.510,0.98004,0.9802,2.10,1.52
2011.06.29 06:11:21.628,0.98005,0.98024,2.25,1.52
2011.06.29 06:11:22.185,0.98005,0.98024,2.25,1.52
2011.06.29 06:11:23.044,0.98006,0.98025,1.50,3.02
2011.06.29 06:11:23.595,0.98006,0.98025,1.50,3.02
2011.06.29 06:11:24.144,0.98006,0.98025,1.50,3.02
2011.06.29 06:11:24.694,0.98006,0.98025,1.50,3.02
2011.06.29 06:11:30.574,0.98006,0.98024,2.25,1.52
2011.06.29 06:11:40.210,0.98005,0.98023,1.50,1.22
2011.06.29 06:11:40.438,0.98003,0.98022,1.50,1.52
2011.06.29 06:11:41.104,0.98001,0.98022,3.00,1.52
2011.06.29 06:11:41.875,0.98001,0.98018,1.50,1.50
2011.06.29 06:11:42.974,0.98001,0.98022,2.25,2.27
2011.06.29 06:11:49.096,0.98001,0.98018,2.25,1.50
2011.06.29 06:11:49.645,0.98001,0.98018,1.50,1.50
2011.06.29 06:11:50.876,0.98001,0.98018,1.50,1.52
2011.06.29 06:11:51.489,0.97998,0.98018,3.75,1.52
2011.06.29 06:11:52.157,0.97998,0.98019,2.25,3.77
2011.06.29 06:11:52.595,0.98001,0.98018,1.50,1.52
2011.06.29 06:12:09.287,0.97999,0.98016,1.50,1.60
2011.06.29 06:12:09.507,0.97997,0.98015,1.50,2.35
2011.06.29 06:12:10.054,0.97997,0.98014,1.50,2.75
2011.06.29 06:12:11.356,0.97995,0.98012,1.50,1.35
2011.06.29 06:12:11.469,0.97995,0.9801,1.50,2.10
2011.06.29 06:12:11.836,0.97991,0.98006,1.50,1.52
2011.06.29 06:12:11.951,0.97989,0.98005,1.50,1.52
2011.06.29 06:12:12.506,0.97986,0.98005,2.25,1.52
2011.06.29 06:12:16.034,0.97987,0.98005,1.50,1.52
2011.06.29 06:12:19.876,0.9799,0.98005,1.35,1.52
2011.06.29 06:12:20.205,0.9799,0.98008,1.35,1.52
2011.06.29 06:12:23.484,0.9799,0.98008,2.10,1.52
2011.06.29 06:12:24.034,0.9799,0.98008,2.85,1.52
2011.06.29 06:12:34.664,0.9799,0.98008,1.50,1.52
2011.06.29 06:12:34.775,0.9799,0.98009,1.50,2.27
2011.06.29 06:12:34.997,0.97991,0.9801,1.50,1.52
2011.06.29 06:12:35.544,0.97993,0.98011,1.50,1.52
2011.06.29 06:12:39.276,0.97993,0.98012,2.63,1.52
2011.06.29 06:12:39.387,0.97997,0.98014,1.13,1.52
2011.06.29 06:12:39.606,0.97998,0.98017,1.88,1.52
2011.06.29 06:12:39.824,0.97998,0.98017,1.88,1.52
2011.06.29 06:12:40.374,0.97998,0.98017,1.88,1.52
2011.06.29 06:12:41.995,0.97999,0.98017,1.50,1.52
2011.06.29 06:12:46.377,0.98002,0.98021,2.25,2.87
2011.06.29 06:12:55.127,0.98002,0.98021,2.25,2.87
2011.06.29 06:12:57.655,0.98002,0.98021,3.23,1.52
2011.06.29 06:12:57.987,0.98005,0.98023,1.50,1.52
2011.06.29 06:12:58.534,0.98005,0.98023,1.50,1.52
2011.06.29 06:12:59.085,0.98004,0.98023,2.25,1.52
2011.06.29 06:13:01.926,0.98005,0.98023,1.50,1.97
2011.06.29 06:13:02.367,0.98004,0.98022,1.50,2.35
2011.06.29 06:13:08.625,0.98006,0.98022,3.23,2.35
2011.06.29 06:13:08.956,0.98013,0.98032,1.35,2.35
2011.06.29 06:13:09.176,0.98014,0.98033,1.35,1.60
2011.06.29 06:13:09.615,0.98012,0.98031,2.63,2.35
2011.06.29 06:13:09.837,0.9801,0.98029,1.50,1.52
2011.06.29 06:13:10.055,0.9801,0.98029,1.50,2.27
2011.06.29 06:13:10.166,0.98008,0.98027,3.00,1.13
2011.06.29 06:13:10.496,0.98009,0.98026,1.50,2.12
2011.06.29 06:13:11.696,0.98007,0.98026,2.25,1.52
2011.06.29 06:13:12.945,0.98007,0.98027,2.25,3.40
2011.06.29 06:13:13.915,0.98007,0.98027,2.25,2.65
2011.06.29 06:13:16.626,0.98011,0.98026,1.13,1.52
2011.06.29 06:13:16.957,0.98012,0.98032,1.88,1.52
2011.06.29 06:13:17.720,0.98013,0.98034,1.50,3.02
2011.06.29 06:13:19.768,0.98014,0.98033,2.10,1.52
2011.06.29 06:13:20.215,0.98014,0.9803,2.10,1.06
2011.06.29 06:13:20.804,0.98014,0.98031,2.10,1.08
2011.06.29 06:13:21.635,0.98014,0.9803,1.35,1.06
2011.06.29 06:13:21.965,0.98015,0.98033,1.50,1.52
2011.06.29 06:13:22.482,0.98023,0.98036,1.13,1.52
2011.06.29 06:13:22.597,0.98023,0.98041,1.13,1.52
2011.06.29 06:13:22.707,0.98025,0.98041,1.50,1.52
2011.06.29 06:13:22.818,0.98025,0.98043,2.25,1.52
2011.06.29 06:13:23.374,0.98025,0.98045,2.25,1.52
2011.06.29 06:13:23.925,0.98026,0.98045,1.50,1.52
2011.06.29 06:13:29.006,0.98027,0.98045,1.50,2.27
2011.06.29 06:13:29.666,0.98027,0.98043,1.50,1.37
2011.06.29 06:13:29.998,0.98022,0.98038,1.13,2.25
2011.06.29 06:13:30.216,0.98023,0.98043,1.50,1.15
2011.06.29 06:13:30.440,0.98023,0.98042,1.88,1.52
2011.06.29 06:13:30.798,0.98024,0.98043,1.50,1.52
2011.06.29 06:13:31.906,0.98023,0.98042,1.50,2.27
2011.06.29 06:13:32.458,0.98021,0.98038,2.25,1.50
2011.06.29 06:13:32.796,0.98019,0.98037,1.50,1.50
2011.06.29 06:13:33.235,0.98019,0.98038,1.50,2.48
2011.06.29 06:13:33.567,0.98018,0.98036,2.25,1.50
2011.06.29 06:13:34.116,0.98019,0.98037,2.25,2.27
2011.06.29 06:13:39.104,0.98019,0.98031,1.50,2.10
2011.06.29 06:13:39.327,0.98016,0.98031,2.25,2.65
2011.06.29 06:13:39.547,0.98014,0.98031,1.50,2.27
2011.06.29 06:13:39.766,0.98017,0.98033,2.25,1.13
2011.06.29 06:13:40.150,0.98017,0.98035,2.25,2.27
2011.06.29 06:13:41.150,0.98017,0.98033,2.25,1.13
2011.06.29 06:13:41.706,0.98014,0.98032,1.50,1.52
2011.06.29 06:13:41.927,0.98016,0.98033,2.25,1.37
2011.06.29 06:13:42.474,0.98016,0.98034,1.50,1.52
2011.06.29 06:13:47.196,0.98016,0.98032,1.50,1.15
2011.06.29 06:13:47.744,0.98015,0.98032,1.50,1.15
2011.06.29 06:13:48.515,0.98016,0.98035,2.25,2.27
2011.06.29 06:13:49.064,0.98016,0.98035,2.25,1.52
2011.06.29 06:13:55.066,0.98016,0.98035,2.25,1.52
2011.06.29 06:13:58.256,0.98017,0.98035,1.50,1.52
2011.06.29 06:14:00.565,0.98016,0.98035,3.00,1.52
2011.06.29 06:14:01.114,0.98016,0.98035,1.50,3.02
2011.06.29 06:14:03.996,0.98016,0.98032,1.50,1.97
2011.06.29 06:14:04.326,0.9801,0.98029,2.25,1.15
2011.06.29 06:14:04.435,0.9801,0.98029,1.50,1.15
2011.06.29 06:14:05.506,0.9801,0.98028,1.50,1.15
2011.06.29 06:14:06.405,0.9801,0.98029,1.50,2.65
2011.06.29 06:14:09.595,0.9801,0.98029,1.50,2.65
2011.06.29 06:14:09.814,0.9801,0.98029,1.50,2.65
2011.06.29 06:14:11.689,0.9801,0.98028,1.50,1.15
2011.06.29 06:14:14.056,0.9801,0.98028,1.50,1.22
2011.06.29 06:14:15.967,0.9801,0.98028,1.50,1.97
2011.06.29 06:14:16.955,0.98008,0.98027,1.50,1.60
2011.06.29 06:14:17.615,0.98007,0.98025,1.50,1.52
2011.06.29 06:14:19.534,0.98006,0.98025,1.50,1.52
2011.06.29 06:14:32.125,0.98006,0.98025,1.50,1.52
2011.06.29 06:14:55.417,0.98004,0.98023,2.25,1.90
2011.06.29 06:14:55.746,0.98004,0.98022,2.25,1.52
2011.06.29 06:14:56.338,0.98005,0.98022,1.50,1.52
2011.06.29 06:14:57.305,0.98004,0.98022,2.25,1.52
2011.06.29 06:14:57.855,0.98003,0.98022,1.50,1.52
2011.06.29 06:14:58.406,0.98003,0.9802,1.50,2.25
2011.06.29 06:14:58.515,0.98002,0.9802,2.25,2.87
2011.06.29 06:15:00.252,0.98,0.98017,2.25,1.50
2011.06.29 06:15:00.586,0.97999,0.98016,1.50,2.27
2011.06.29 06:15:01.246,0.97996,0.98015,1.50,2.87
2011.06.29 06:15:01.575,0.97995,0.98013,2.25,1.50
2011.06.29 06:15:02.894,0.97995,0.98013,2.25,1.58
2011.06.29 06:15:03.559,0.97994,0.98013,1.50,1.60
2011.06.29 06:15:08.277,0.97993,0.98012,1.50,2.72
2011.06.29 06:15:08.824,0.97992,0.98011,2.25,1.60
2011.06.29 06:15:09.915,0.97992,0.98011,1.50,2.35
2011.06.29 06:15:10.466,0.97992,0.9801,1.50,1.60
2011.06.29 06:15:17.805,0.97991,0.98009,1.50,2.35
2011.06.29 06:15:18.957,0.97991,0.98003,1.50,1.31
2011.06.29 06:15:19.067,0.97985,0.98003,3.00,1.33
2011.06.29 06:15:19.177,0.97986,0.98004,1.50,1.60
2011.06.29 06:15:19.288,0.97986,0.98001,1.50,2.25
2011.06.29 06:15:19.833,0.97983,0.97996,1.50,1.50
2011.06.29 06:15:19.952,0.97977,0.97995,1.50,2.27
2011.06.29 06:15:20.507,0.97974,0.97995,2.25,2.27
2011.06.29 06:15:20.856,0.97975,0.97995,1.50,2.27
2011.06.29 06:15:24.545,0.97976,0.97996,1.50,1.52
2011.06.29 06:15:25.096,0.97978,0.97997,1.50,1.45
2011.06.29 06:15:25.317,0.97978,0.97997,3.00,1.45
2011.06.29 06:15:25.864,0.97979,0.97997,2.25,1.45
2011.06.29 06:15:48.558,0.97977,0.97996,1.50,1.37
2011.06.29 06:15:48.665,0.97977,0.97996,1.50,2.12
2011.06.29 06:15:49.215,0.97976,0.97996,1.50,2.95
2011.06.29 06:15:52.146,0.97976,0.97995,1.50,1.45
2011.06.29 06:15:53.354,0.97976,0.97994,1.50,1.52
2011.06.29 06:15:53.685,0.97977,0.97995,1.50,1.37
2011.06.29 06:15:53.799,0.97978,0.97995,1.88,1.37
2011.06.29 06:15:54.025,0.97978,0.97995,1.88,1.37
2011.06.29 06:15:54.357,0.97976,0.97995,1.50,2.12
2011.06.29 06:16:00.397,0.97974,0.97993,2.25,1.52
2011.06.29 06:16:00.836,0.97973,0.97992,1.50,1.52
2011.06.29 06:16:01.715,0.97972,0.9799,1.50,1.52
2011.06.29 06:16:02.047,0.97972,0.9799,1.50,1.60
2011.06.29 06:16:04.099,0.97971,0.97987,1.50,1.95
2011.06.29 06:16:04.221,0.97969,0.97987,1.50,1.97
2011.06.29 06:16:07.527,0.97968,0.97986,1.50,2.27
2011.06.29 06:16:08.498,0.97968,0.97984,1.50,2.50
2011.06.29 06:16:08.617,0.97963,0.9798,3.75,1.15
2011.06.29 06:16:08.837,0.97965,0.97982,1.50,1.13
2011.06.29 06:16:08.949,0.97966,0.97983,2.25,1.50
2011.06.29 06:16:09.070,0.97967,0.97986,1.50,1.52
2011.06.29 06:16:09.625,0.97966,0.97986,3.00,1.52
2011.06.29 06:16:17.156,0.97969,0.97987,1.50,1.52
2011.06.29 06:16:17.268,0.9797,0.97988,1.50,1.52
2011.06.29 06:16:17.895,0.97974,0.97993,2.25,1.52
2011.06.29 06:16:18.227,0.97976,0.97994,1.50,1.52
2011.06.29 06:16:18.776,0.97976,0.97994,1.50,1.52
2011.06.29 06:16:22.438,0.97977,0.97994,1.88,1.52
2011.06.29 06:16:22.897,0.97981,0.97999,2.25,1.52
2011.06.29 06:16:23.446,0.97982,0.98,1.50,1.52
2011.06.29 06:16:34.444,0.97983,0.98001,1.50,1.52
2011.06.29 06:16:39.876,0.97979,0.97998,1.50,1.75
2011.06.29 06:16:39.992,0.97977,0.97997,1.50,2.27
2011.06.29 06:16:40.326,0.97976,0.97995,1.50,1.52
2011.06.29 06:16:43.827,0.97976,0.97995,3.75,1.52
2011.06.29 06:16:44.046,0.97978,0.97996,1.50,2.12
2011.06.29 06:16:44.492,0.97978,0.97998,2.25,1.52
2011.06.29 06:16:44.830,0.9798,0.97998,1.50,1.52
2011.06.29 06:16:45.059,0.97981,0.98,1.50,1.71
2011.06.29 06:16:45.617,0.97981,0.98,1.50,1.71
2011.06.29 06:16:46.167,0.97984,0.98,1.50,1.71
2011.06.29 06:16:46.495,0.97984,0.98003,2.25,1.15
2011.06.29 06:16:47.046,0.97986,0.98004,2.25,1.52
2011.06.29 06:16:52.416,0.97986,0.98007,2.25,2.27
2011.06.29 06:16:52.746,0.97987,0.98007,1.50,1.52
2011.06.29 06:16:53.190,0.97992,0.98011,1.81,1.37
2011.06.29 06:16:53.415,0.97993,0.98011,1.50,1.37
2011.06.29 06:16:54.225,0.97995,0.98013,1.50,2.50
2011.06.29 06:16:56.346,0.97995,0.98013,2.25,2.50
2011.06.29 06:16:56.677,0.97996,0.98015,1.50,2.27
2011.06.29 06:17:00.511,0.97995,0.98011,1.50,1.35
2011.06.29 06:17:00.737,0.97993,0.98011,2.25,1.37
2011.06.29 06:17:03.666,0.97993,0.98009,1.50,2.12
2011.06.29 06:17:03.995,0.97987,0.98008,1.50,1.90
2011.06.29 06:17:04.215,0.97986,0.98007,2.25,1.15
2011.06.29 06:17:07.436,0.97986,0.98005,1.50,1.37
2011.06.29 06:17:08.000,0.97984,0.98002,1.50,1.15
2011.06.29 06:17:08.122,0.97984,0.98002,1.50,3.40
2011.06.29 06:17:08.675,0.97983,0.98002,1.50,4.15
2011.06.29 06:17:27.778,0.97983,0.98001,1.50,1.52
2011.06.29 06:17:30.568,0.97983,0.98001,1.50,1.15
2011.06.29 06:17:30.897,0.97983,0.98,2.60,1.15
2011.06.29 06:17:31.536,0.97984,0.98001,1.50,1.13
2011.06.29 06:17:31.644,0.97984,0.98001,1.50,1.13
2011.06.29 06:17:32.636,0.97984,0.98001,1.50,1.13
2011.06.29 06:17:32.857,0.97986,0.98001,1.50,1.13
2011.06.29 06:17:33.404,0.97985,0.98001,1.50,1.88
2011.06.29 06:17:37.766,0.97985,0.98,1.50,1.13
2011.06.29 06:17:38.976,0.97985,0.98001,1.50,1.13
2011.06.29 06:17:39.305,0.97985,0.98,1.50,1.13
2011.06.29 06:17:39.635,0.97985,0.98,1.50,1.13
2011.06.29 06:17:40.077,0.97983,0.98,1.50,1.15
2011.06.29 06:17:40.187,0.97983,0.97999,1.50,1.50
2011.06.29 06:17:40.517,0.9798,0.97997,1.50,1.37
2011.06.29 06:17:40.845,0.97977,0.97995,1.50,2.27
2011.06.29 06:17:41.068,0.97975,0.97995,1.50,1.52
2011.06.29 06:17:41.872,0.97976,0.97996,1.50,2.12
2011.06.29 06:17:42.216,0.97977,0.97997,3.98,1.52
2011.06.29 06:17:43.097,0.97978,0.97996,3.00,1.52
2011.06.29 06:17:46.378,0.97977,0.97995,1.50,1.52
2011.06.29 06:17:48.357,0.97976,0.97993,1.50,1.52
2011.06.29 06:18:07.060,0.97976,0.97994,1.50,1.52
2011.06.29 06:18:07.397,0.97978,0.97997,4.13,1.52
2011.06.29 06:18:07.619,0.97979,0.97998,1.50,1.52
2011.06.29 06:18:13.906,0.97981,0.97999,1.13,1.37
2011.06.29 06:18:14.454,0.97983,0.98001,1.50,1.90
2011.06.29 06:18:14.897,0.97983,0.98001,1.50,1.15
2011.06.29 06:18:16.446,0.97984,0.98001,2.10,1.13
2011.06.29 06:18:18.528,0.97993,0.98003,1.35,1.50
2011.06.29 06:18:18.646,0.97993,0.98009,1.35,2.27
2011.06.29 06:18:19.197,0.97991,0.98009,2.10,2.27
2011.06.29 06:18:21.669,0.97994,0.98008,2.10,1.52
2011.06.29 06:18:21.793,0.97997,0.9801,1.35,1.08
2011.06.29 06:18:21.909,0.97997,0.98011,1.35,1.08
2011.06.29 06:18:22.247,0.97997,0.98013,1.35,1.52
2011.06.29 06:18:22.844,0.97997,0.98013,1.35,1.52
2011.06.29 06:18:37.897,0.97998,0.98013,3.23,1.52
2011.06.29 06:18:38.226,0.98,0.98016,1.35,1.52
2011.06.29 06:18:42.386,0.98001,0.98017,2.85,2.27
2011.06.29 06:18:42.605,0.98001,0.98017,2.85,1.52
2011.06.29 06:18:53.645,0.97998,0.98017,2.63,1.52
2011.06.29 06:19:01.265,0.97998,0.98017,2.63,1.52
2011.06.29 06:19:06.755,0.97998,0.98017,2.63,1.52
2011.06.29 06:19:13.917,0.98001,0.98017,1.35,2.27
2011.06.29 06:19:14.508,0.98001,0.98017,1.35,1.52
2011.06.29 06:19:15.916,0.98006,0.98017,2.10,1.52
2011.06.29 06:19:16.139,0.98006,0.9802,2.85,1.08
2011.06.29 06:19:16.531,0.98004,0.98017,1.35,1.52
2011.06.29 06:19:17.085,0.98001,0.98017,2.10,1.52
2011.06.29 06:19:17.637,0.98002,0.98018,3.23,1.52
2011.06.29 06:19:17.747,0.98002,0.98019,2.48,2.27
2011.06.29 06:19:18.077,0.98002,0.98019,1.35,2.27
2011.06.29 06:19:18.296,0.98001,0.98018,1.35,1.52
2011.06.29 06:19:19.397,0.98002,0.98018,2.10,2.27
2011.06.29 06:19:19.837,0.98,0.98018,2.10,1.52
2011.06.29 06:19:19.946,0.98001,0.98019,1.35,2.27
2011.06.29 06:19:20.165,0.98,0.98018,1.35,2.27
2011.06.29 06:19:21.416,0.98,0.98018,1.73,2.27
2011.06.29 06:19:21.527,0.98006,0.98019,2.10,1.15
2011.06.29 06:19:21.747,0.98003,0.9802,2.10,1.08
2011.06.29 06:19:21.967,0.98003,0.98019,1.35,2.27
2011.06.29 06:19:22.076,0.98003,0.98019,1.35,2.27
2011.06.29 06:19:25.229,0.98003,0.98018,1.35,1.52
2011.06.29 06:19:33.797,0.98006,0.98017,2.10,1.52
2011.06.29 06:19:34.347,0.98004,0.98019,1.35,1.45
2011.06.29 06:19:34.456,0.98003,0.98019,1.35,2.20
2011.06.29 06:19:37.174,0.98003,0.98017,1.35,1.52
2011.06.29 06:19:47.599,0.98001,0.98017,2.10,2.27
2011.06.29 06:19:56.656,0.97998,0.98015,1.88,1.52
2011.06.29 06:20:05.755,0.97998,0.98016,1.88,1.52
2011.06.29 06:20:05.978,0.97998,0.98015,1.50,1.52
2011.06.29 06:20:06.526,0.97996,0.98016,1.50,2.87
2011.06.29 06:20:07.086,0.97996,0.98016,1.50,2.87
2011.06.29 06:20:12.507,0.97997,0.98016,1.50,5.57
2011.06.29 06:20:13.066,0.97994,0.98014,1.50,1.52
2011.06.29 06:20:13.289,0.97994,0.98013,1.50,1.90
2011.06.29 06:20:13.407,0.97995,0.98013,1.50,1.90
2011.06.29 06:20:27.547,0.97995,0.98013,1.50,1.52
2011.06.29 06:20:29.180,0.97995,0.98014,1.50,1.52
2011.06.29 06:20:39.846,0.97995,0.98015,2.25,1.52
2011.06.29 06:20:39.956,0.97997,0.98015,1.50,1.52
2011.06.29 06:20:49.525,0.97998,0.98016,1.13,1.52
2011.06.29 06:20:49.747,0.97998,0.98016,2.63,1.52
2011.06.29 06:20:49.856,0.97998,0.98016,2.63,1.52
2011.06.29 06:20:49.967,0.97998,0.98016,1.50,2.27
2011.06.29 06:20:50.405,0.97997,0.98016,1.50,2.27
2011.06.29 06:20:51.536,0.97996,0.98015,1.50,1.37
2011.06.29 06:21:04.865,0.97997,0.98016,1.50,2.27
2011.06.29 06:21:05.412,0.98,0.98017,2.25,1.37
2011.06.29 06:21:05.969,0.98,0.98017,2.25,1.37
2011.06.29 06:21:14.464,0.98,0.98018,1.50,2.12
2011.06.29 06:21:15.016,0.98,0.98018,1.50,2.87
2011.06.29 06:21:34.707,0.98003,0.9802,1.88,1.83
2011.06.29 06:21:34.817,0.98004,0.98021,1.50,1.37
2011.06.29 06:21:35.255,0.98005,0.98023,2.25,2.27
2011.06.29 06:21:37.487,0.98005,0.98023,2.25,2.27
2011.06.29 06:21:38.036,0.98005,0.98023,2.25,2.27
2011.06.29 06:21:50.218,0.98008,0.98023,1.35,1.52
2011.06.29 06:21:54.355,0.98007,0.98025,1.88,1.52
2011.06.29 06:21:55.697,0.98006,0.9802,1.50,1.13
2011.06.29 06:21:55.917,0.98002,0.98018,1.50,1.50
2011.06.29 06:21:57.238,0.98002,0.98021,1.88,1.52
2011.06.29 06:21:57.356,0.98002,0.98022,1.88,1.52
2011.06.29 06:21:57.795,0.98002,0.98021,1.50,3.40
2011.06.29 06:22:00.158,0.98002,0.98021,1.50,4.90
2011.06.29 06:22:01.450,0.98002,0.98019,1.50,1.52
2011.06.29 06:22:03.309,0.98,0.98019,2.25,3.02
2011.06.29 06:22:03.647,0.97999,0.98016,1.50,1.52
2011.06.29 06:22:03.756,0.97997,0.98016,2.25,2.27
2011.06.29 06:22:19.118,0.97997,0.98015,2.10,1.52
2011.06.29 06:22:19.446,0.97997,0.98015,2.10,1.52
2011.06.29 06:22:26.559,0.97997,0.98012,1.35,1.40
2011.06.29 06:22:26.679,0.97997,0.9801,1.35,2.66
2011.06.29 06:22:26.907,0.9799,0.98008,1.35,2.65
2011.06.29 06:22:27.454,0.97985,0.98003,1.50,1.52
2011.06.29 06:22:28.017,0.97984,0.98002,2.85,1.15
2011.06.29 06:22:28.128,0.97984,0.98002,2.85,1.15
2011.06.29 06:22:28.796,0.97984,0.98001,3.60,1.52
2011.06.29 06:22:29.236,0.97984,0.98003,3.60,1.52
2011.06.29 06:22:29.456,0.97984,0.98005,4.35,2.27
2011.06.29 06:22:29.567,0.97985,0.98005,1.50,1.52
2011.06.29 06:22:29.788,0.97988,0.98006,1.50,2.27
2011.06.29 06:22:30.118,0.97993,0.98008,2.85,1.52
2011.06.29 06:22:30.338,0.97994,0.98009,1.50,1.52
2011.06.29 06:22:31.103,0.97994,0.98012,1.50,1.60
2011.06.29 06:22:31.227,0.97991,0.98008,1.50,2.27
2011.06.29 06:22:31.447,0.97988,0.98007,1.35,1.52
2011.06.29 06:22:31.996,0.97988,0.98004,1.35,1.52
2011.06.29 06:22:35.626,0.97988,0.98004,1.35,1.52
2011.06.29 06:22:35.958,0.97984,0.98001,1.50,1.50
2011.06.29 06:22:36.066,0.97984,0.97998,1.50,1.50
2011.06.29 06:22:36.286,0.97984,0.98002,1.50,1.52
2011.06.29 06:22:36.397,0.97987,0.98002,2.10,1.52
2011.06.29 06:22:36.955,0.97984,0.98001,3.60,1.52
2011.06.29 06:22:37.180,0.97984,0.98001,2.85,1.52
2011.06.29 06:22:37.736,0.97984,0.98001,2.85,2.27
2011.06.29 06:22:47.104,0.97984,0.98002,2.85,1.90
2011.06.29 06:22:47.440,0.97987,0.98003,1.50,2.65
2011.06.29 06:22:47.558,0.97987,0.98004,1.50,1.52
2011.06.29 06:22:47.667,0.97989,0.98005,1.50,1.52
2011.06.29 06:22:48.215,0.97989,0.98006,1.50,1.60
2011.06.29 06:22:48.876,0.97989,0.98006,1.50,1.60
2011.06.29 06:22:49.316,0.97989,0.98006,1.50,1.60
2011.06.29 06:22:50.396,0.97989,0.98006,1.50,1.60
2011.06.29 06:22:59.739,0.97989,0.98005,1.50,2.27
2011.06.29 06:22:59.857,0.97988,0.98003,1.35,1.88
2011.06.29 06:23:00.081,0.97985,0.98001,2.10,1.50
2011.06.29 06:23:00.309,0.97984,0.98001,1.50,1.50
2011.06.29 06:23:00.865,0.97984,0.98001,1.50,1.50
2011.06.29 06:23:01.086,0.97983,0.98001,2.10,2.35
2011.06.29 06:23:01.747,0.97983,0.98001,2.10,2.35
2011.06.29 06:23:02.626,0.97983,0.98001,2.10,1.60
2011.06.29 06:23:04.307,0.97983,0.98,2.10,1.60
2011.06.29 06:23:05.357,0.97983,0.98,2.10,1.60
2011.06.29 06:23:07.367,0.97983,0.98,2.10,1.60
2011.06.29 06:23:07.938,0.97983,0.98,2.10,1.60
2011.06.29 06:23:09.651,0.97983,0.98,2.10,1.60
2011.06.29 06:23:11.836,0.97983,0.98,2.10,1.60
2011.06.29 06:23:12.367,0.97983,0.98,2.10,1.60
2011.06.29 06:23:13.366,0.97983,0.98,2.10,1.60
2011.06.29 06:23:14.445,0.97983,0.98,2.10,1.60
2011.06.29 06:23:14.998,0.97983,0.98,1.50,1.60
2011.06.29 06:23:15.745,0.97983,0.98,1.50,1.60
2011.06.29 06:23:16.407,0.97983,0.98,1.50,1.60
2011.06.29 06:23:16.916,0.97983,0.98,1.50,1.60
2011.06.29 06:23:17.435,0.97983,0.98,1.50,1.60
2011.06.29 06:23:18.526,0.97983,0.98,1.50,1.60
2011.06.29 06:23:19.094,0.97983,0.98,1.50,1.60
2011.06.29 06:23:19.835,0.97983,0.98,1.50,1.60
2011.06.29 06:23:20.785,0.97983,0.98,1.50,1.60
2011.06.29 06:23:21.336,0.97983,0.98,1.50,1.60
2011.06.29 06:23:21.997,0.97983,0.98,2.10,2.35
2011.06.29 06:23:22.546,0.97983,0.98,2.10,1.60
2011.06.29 06:23:23.095,0.97983,0.98,2.10,1.60
2011.06.29 06:23:23.657,0.97983,0.98001,2.10,2.35
2011.06.29 06:23:24.726,0.97983,0.98001,2.10,2.35
2011.06.29 06:23:25.427,0.97983,0.98001,3.60,2.35
2011.06.29 06:23:25.966,0.97983,0.98001,3.60,2.35
2011.06.29 06:23:26.298,0.97983,0.98001,3.60,1.52
2011.06.29 06:23:32.026,0.97983,0.98,3.60,1.52
2011.06.29 06:23:32.687,0.97983,0.97999,1.50,1.50
2011.06.29 06:23:33.020,0.97981,0.97995,1.50,2.25
2011.06.29 06:23:33.248,0.97976,0.97994,1.50,1.50
2011.06.29 06:23:33.685,0.97976,0.97994,1.50,2.25
2011.06.29 06:23:35.469,0.97974,0.97991,2.25,1.50
2011.06.29 06:23:35.808,0.97974,0.97991,1.50,1.50
2011.06.29 06:23:36.355,0.97972,0.97991,1.50,2.27
2011.06.29 06:24:08.001,0.97974,0.97992,1.50,1.90
2011.06.29 06:24:09.504,0.97972,0.97991,2.25,1.52
2011.06.29 06:24:13.656,0.97972,0.97991,1.50,1.52
2011.06.29 06:24:25.974,0.97972,0.9799,1.50,1.52
2011.06.29 06:24:26.524,0.97972,0.97989,1.50,1.52
2011.06.29 06:24:35.197,0.97969,0.97987,1.50,1.52
2011.06.29 06:24:35.425,0.97968,0.97987,2.25,2.25
2011.06.29 06:24:35.646,0.97968,0.97986,1.50,2.27
2011.06.29 06:24:38.995,0.97969,0.97986,1.50,2.27
2011.06.29 06:24:39.545,0.97968,0.97986,2.25,2.27
2011.06.29 06:24:41.040,0.97971,0.97986,1.50,1.50
2011.06.29 06:24:41.595,0.97971,0.9799,1.50,2.27
2011.06.29 06:24:42.764,0.97971,0.9799,1.50,2.27
2011.06.29 06:24:51.754,0.97971,0.97987,2.25,4.13
2011.06.29 06:24:52.197,0.97968,0.97987,1.88,1.52
2011.06.29 06:24:52.315,0.97968,0.97989,2.63,2.27
2011.06.29 06:24:52.754,0.97971,0.97989,1.50,1.52
2011.06.29 06:24:56.489,0.97971,0.9799,1.50,2.27
2011.06.29 06:24:56.607,0.97972,0.9799,1.50,1.52
2011.06.29 06:24:57.164,0.97972,0.97991,1.50,1.52
2011.06.29 06:24:57.605,0.97974,0.97992,2.25,1.52
2011.06.29 06:25:00.126,0.97976,0.97995,1.50,1.37
2011.06.29 06:25:00.603,0.97978,0.97998,2.25,1.90
2011.06.29 06:25:01.154,0.97979,0.98,1.50,2.12
2011.06.29 06:25:11.124,0.97981,0.97999,1.50,2.27
2011.06.29 06:25:11.674,0.97979,0.97999,1.50,1.52
2011.06.29 06:25:11.783,0.97979,0.97999,1.50,1.52
2011.06.29 06:25:12.334,0.97979,0.97999,1.50,1.52
2011.06.29 06:25:15.584,0.97982,0.98001,1.13,2.43
2011.06.29 06:25:15.804,0.97981,0.98001,3.05,1.37
2011.06.29 06:25:15.914,0.97982,0.98002,1.92,2.12
2011.06.29 06:25:16.354,0.97986,0.98004,1.50,1.52
2011.06.29 06:25:16.464,0.97987,0.98007,1.50,3.40
2011.06.29 06:25:18.307,0.97987,0.98007,1.50,2.65
2011.06.29 06:25:18.865,0.97989,0.98007,1.50,1.90
2011.06.29 06:25:20.024,0.97989,0.98007,1.50,1.15
2011.06.29 06:25:21.486,0.97989,0.98007,1.50,1.15
2011.06.29 06:25:21.703,0.97989,0.98008,1.50,1.52
2011.06.29 06:25:22.254,0.97989,0.98009,3.00,1.37
2011.06.29 06:25:24.725,0.97991,0.98009,1.50,1.37
2011.06.29 06:25:26.637,0.97991,0.98009,1.50,1.90
2011.06.29 06:25:27.184,0.97992,0.98009,1.50,1.90
2011.06.29 06:25:31.266,0.97991,0.98009,1.50,1.90
2011.06.29 06:25:33.525,0.97992,0.9801,1.50,1.37
2011.06.29 06:25:33.856,0.97992,0.98011,1.50,1.52
2011.06.29 06:25:34.075,0.97992,0.98011,1.50,1.52
2011.06.29 06:25:34.296,0.97993,0.98012,1.50,1.52
2011.06.29 06:25:35.093,0.97993,0.98012,1.50,2.27
2011.06.29 06:25:37.195,0.97993,0.98012,1.50,1.52
2011.06.29 06:25:39.406,0.97993,0.98012,1.50,3.62
2011.06.29 06:25:39.517,0.97992,0.98006,1.13,1.35
2011.06.29 06:25:39.747,0.97991,0.98005,1.50,2.25
2011.06.29 06:25:39.856,0.97989,0.98003,2.25,1.13
2011.06.29 06:25:40.331,0.97987,0.98003,1.50,1.75
2011.06.29 06:25:40.677,0.97984,0.98003,1.50,2.50
2011.06.29 06:25:43.513,0.97984,0.98003,1.50,2.50
2011.06.29 06:25:45.574,0.97984,0.98003,1.50,3.25
2011.06.29 06:25:47.555,0.97983,0.98003,2.25,2.50
2011.06.29 06:25:52.434,0.97985,0.98003,1.50,3.25
2011.06.29 06:25:55.204,0.97986,0.98003,1.50,2.50
2011.06.29 06:25:55.645,0.97982,0.97996,1.50,1.35
2011.06.29 06:25:55.868,0.97977,0.97993,2.25,1.90
2011.06.29 06:25:56.314,0.97975,0.97993,1.50,1.90
2011.06.29 06:25:58.412,0.97975,0.97993,1.50,2.65
2011.06.29 06:26:05.615,0.97976,0.97993,1.50,2.65
2011.06.29 06:26:06.164,0.97976,0.97993,1.50,2.65
2011.06.29 06:26:23.408,0.97974,0.97992,2.25,3.25
2011.06.29 06:26:31.824,0.97975,0.97992,1.50,3.25
2011.06.29 06:26:33.974,0.97974,0.97992,2.25,3.25
2011.06.29 06:26:36.085,0.97975,0.97992,1.50,3.25
2011.06.29 06:26:36.636,0.97976,0.97993,2.25,1.52
2011.06.29 06:26:36.999,0.97982,0.98,1.88,1.52
2011.06.29 06:26:37.556,0.97981,0.98001,1.50,2.12
2011.06.29 06:26:39.025,0.97981,0.98,1.50,3.02
2011.06.29 06:26:41.364,0.97981,0.98,1.50,1.52
2011.06.29 06:26:47.215,0.97981,0.98,1.50,2.27
2011.06.29 06:26:51.939,0.97981,0.98,1.50,1.52
2011.06.29 06:27:23.703,0.97981,0.98,1.50,3.02
2011.06.29 06:27:25.605,0.97981,0.98,1.50,3.02
2011.06.29 06:27:27.374,0.97981,0.98,1.50,2.27
2011.06.29 06:27:33.305,0.97981,0.98,1.50,2.27
2011.06.29 06:27:37.298,0.9798,0.98001,1.50,2.27
2011.06.29 06:27:41.548,0.9798,0.97999,1.50,1.52
2011.06.29 06:27:41.666,0.97981,0.97997,1.50,1.50
2011.06.29 06:27:41.886,0.97979,0.97995,1.50,1.52
2011.06.29 06:27:43.074,0.97978,0.97995,1.50,1.52
2011.06.29 06:27:46.265,0.97978,0.97997,1.50,3.62
2011.06.29 06:27:51.186,0.97978,0.97997,1.50,1.52
2011.06.29 06:27:51.978,0.9798,0.97998,1.50,2.65
2011.06.29 06:27:52.204,0.9798,0.97998,1.50,2.65
2011.06.29 06:27:55.280,0.9798,0.97998,1.50,1.52
2011.06.29 06:27:55.838,0.9798,0.98,1.50,1.37
2011.06.29 06:27:58.775,0.97981,0.98,1.50,1.37
2011.06.29 06:28:00.345,0.97981,0.98,1.50,2.12
2011.06.29 06:28:00.679,0.97978,0.97996,1.50,3.02
2011.06.29 06:28:00.906,0.97977,0.97994,2.10,2.27
2011.06.29 06:28:01.455,0.97976,0.97993,1.35,1.52
2011.06.29 06:28:02.225,0.97976,0.97993,1.35,1.52
2011.06.29 06:28:03.180,0.97978,0.97994,1.35,1.52
2011.06.29 06:28:03.626,0.97978,0.97998,1.73,1.52
2011.06.29 06:28:03.846,0.97979,0.97997,1.50,1.15
2011.06.29 06:28:03.956,0.97979,0.97997,1.50,1.15
2011.06.29 06:28:04.617,0.97979,0.97997,1.50,1.15
2011.06.29 06:28:04.726,0.97978,0.97995,2.10,1.16
2011.06.29 06:28:04.947,0.97976,0.97995,2.10,2.35
2011.06.29 06:28:07.216,0.97976,0.97994,2.10,1.52
2011.06.29 06:28:08.504,0.97978,0.97996,2.10,1.52
2011.06.29 06:28:08.724,0.97978,0.97997,2.10,2.65
2011.06.29 06:28:09.275,0.97978,0.97997,2.85,1.15
2011.06.29 06:28:09.605,0.97979,0.97997,1.50,1.15
2011.06.29 06:28:11.434,0.97979,0.97997,1.50,1.15
2011.06.29 06:28:11.545,0.97979,0.97992,1.50,1.84
2011.06.29 06:28:11.659,0.97975,0.97991,1.50,1.50
2011.06.29 06:28:11.884,0.97973,0.9799,1.35,1.52
2011.06.29 06:28:12.434,0.97973,0.97991,1.35,3.35
2011.06.29 06:28:20.417,0.97972,0.9799,1.35,1.52
2011.06.29 06:28:20.965,0.97972,0.9799,1.35,1.52
2011.06.29 06:28:28.525,0.97971,0.97989,1.50,1.52
2011.06.29 06:28:29.785,0.97972,0.97989,1.50,1.52
2011.06.29 06:28:30.334,0.97972,0.97991,1.50,2.60
2011.06.29 06:28:35.324,0.97972,0.97991,1.50,2.27
2011.06.29 06:28:35.655,0.97973,0.97991,3.38,1.85
2011.06.29 06:28:36.313,0.97973,0.97992,2.63,4.18
2011.06.29 06:28:37.084,0.97973,0.97991,3.38,1.10
2011.06.29 06:28:37.635,0.97973,0.97992,1.50,3.35
2011.06.29 06:28:37.854,0.97973,0.9799,2.25,1.09
2011.06.29 06:28:38.184,0.97973,0.97991,2.25,1.10
2011.06.29 06:28:38.895,0.97973,0.97992,1.50,3.35
2011.06.29 06:28:39.006,0.97973,0.9799,2.25,1.32
2011.06.29 06:28:39.334,0.97971,0.9799,1.50,2.27
2011.06.29 06:28:39.885,0.97969,0.97987,1.50,1.52
2011.06.29 06:28:53.518,0.97969,0.97983,1.50,1.46
2011.06.29 06:28:53.969,0.97965,0.97981,1.50,3.20
2011.06.29 06:28:54.087,0.97961,0.97979,3.75,1.50
2011.06.29 06:28:54.197,0.9796,0.97979,2.25,1.52
2011.06.29 06:28:54.726,0.9796,0.97979,1.50,2.27
2011.06.29 06:28:55.055,0.97959,0.97978,2.10,1.52
2011.06.29 06:29:09.886,0.97959,0.97979,2.85,1.52
2011.06.29 06:29:10.436,0.97959,0.97978,2.10,1.52
2011.06.29 06:29:10.944,0.97959,0.97978,2.10,1.52
2011.06.29 06:29:33.968,0.97959,0.97977,2.10,1.52
2011.06.29 06:29:34.524,0.97958,0.97977,1.88,2.87
2011.06.29 06:29:41.425,0.9796,0.97978,2.85,1.52
2011.06.29 06:29:46.646,0.9796,0.97978,2.25,1.37
2011.06.29 06:29:48.834,0.97961,0.97979,2.25,1.52
2011.06.29 06:29:49.386,0.97961,0.97979,2.25,1.52
2011.06.29 06:29:49.934,0.97961,0.97979,1.50,1.52
2011.06.29 06:29:50.804,0.97961,0.97979,1.50,1.52
2011.06.29 06:29:51.624,0.97961,0.97979,1.50,1.52
2011.06.29 06:29:52.259,0.97961,0.97979,1.50,1.52
2011.06.29 06:29:53.495,0.97961,0.97979,2.25,1.52
2011.06.29 06:29:55.596,0.9796,0.97978,2.85,1.52
2011.06.29 06:29:57.743,0.97961,0.97979,2.25,1.52
2011.06.29 06:29:57.855,0.97963,0.97981,1.88,1.85
2011.06.29 06:29:57.965,0.97963,0.97981,1.88,2.60
2011.06.29 06:29:59.465,0.97963,0.97982,1.88,4.33
2011.06.29 06:30:00.346,0.97964,0.9798,2.63,1.52
2011.06.29 06:30:00.894,0.97965,0.97981,1.50,1.52
2011.06.29 06:30:01.645,0.97964,0.97982,3.23,1.52
2011.06.29 06:30:01.865,0.97966,0.97982,2.25,1.52
2011.06.29 06:30:02.195,0.97969,0.97986,2.25,1.37
2011.06.29 06:30:02.744,0.97969,0.97986,2.25,1.37
2011.06.29 06:30:03.295,0.9797,0.97988,1.50,1.52
2011.06.29 06:30:03.736,0.97971,0.9799,2.25,1.37
2011.06.29 06:30:03.848,0.97972,0.9799,1.13,1.37
2011.06.29 06:30:04.187,0.97975,0.97991,1.50,1.50
2011.06.29 06:30:04.516,0.97975,0.97991,1.50,1.50
2011.06.29 06:30:05.066,0.97975,0.97992,2.25,1.50
2011.06.29 06:30:05.286,0.97976,0.97991,1.50,1.50
2011.06.29 06:30:05.799,0.97983,0.97997,1.35,1.13
2011.06.29 06:30:05.921,0.97985,0.98002,1.35,1.52
2011.06.29 06:30:06.256,0.97985,0.98002,2.10,1.52
2011.06.29 06:30:06.809,0.97985,0.98004,2.10,1.52
2011.06.29 06:30:07.812,0.97982,0.98,1.50,1.50
2011.06.29 06:30:07.929,0.97981,0.97999,1.50,1.37
2011.06.29 06:30:08.157,0.9798,0.97999,1.50,2.12
2011.06.29 06:30:08.376,0.9798,0.97996,1.50,2.85
2011.06.29 06:30:08.962,0.97976,0.97994,2.25,1.37
2011.06.29 06:30:09.517,0.97976,0.97994,1.50,1.52
2011.06.29 06:30:15.408,0.97977,0.97994,1.50,1.52
2011.06.29 06:30:15.749,0.97978,0.97996,1.50,2.27
2011.06.29 06:30:16.745,0.97977,0.97996,2.63,1.52
2011.06.29 06:30:17.294,0.97977,0.97996,2.63,2.27
2011.06.29 06:30:19.357,0.97979,0.97998,1.50,2.27
2011.06.29 06:30:19.904,0.97979,0.97998,2.25,1.52
2011.06.29 06:30:22.796,0.97979,0.97997,1.50,2.12
2011.06.29 06:30:23.889,0.97979,0.97997,1.50,2.87
2011.06.29 06:30:24.995,0.9798,0.97997,1.50,1.37
2011.06.29 06:30:27.647,0.9798,0.97998,1.50,2.12
2011.06.29 06:30:31.448,0.9798,0.97998,2.25,1.37
2011.06.29 06:30:32.337,0.9798,0.97998,2.25,1.37
2011.06.29 06:30:32.667,0.97978,0.97996,2.25,1.52
2011.06.29 06:30:33.105,0.97975,0.97993,1.50,1.52
2011.06.29 06:30:33.435,0.97974,0.97993,1.50,1.52
2011.06.29 06:30:39.856,0.97975,0.97993,1.50,1.52
2011.06.29 06:30:40.295,0.97975,0.97993,1.50,1.52
2011.06.29 06:30:53.956,0.97973,0.97993,1.88,1.52
2011.06.29 06:30:55.986,0.97975,0.97993,3.00,1.52
2011.06.29 06:30:56.341,0.97977,0.97997,1.88,2.27
2011.06.29 06:30:56.785,0.97977,0.97993,2.25,1.50
2011.06.29 06:30:56.896,0.97977,0.97993,1.50,2.25
2011.06.29 06:30:57.554,0.97977,0.97993,1.50,2.25
2011.06.29 06:30:59.008,0.97976,0.97993,2.25,2.87
2011.06.29 06:31:00.757,0.97974,0.9799,1.50,1.52
2011.06.29 06:31:00.978,0.97973,0.97988,2.10,1.13
2011.06.29 06:31:01.535,0.97972,0.97987,2.30,2.23
2011.06.29 06:31:02.085,0.97972,0.97987,1.13,1.15
2011.06.29 06:31:02.635,0.97972,0.97987,1.50,1.35
2011.06.29 06:31:03.856,0.97972,0.97983,1.50,2.10
2011.06.29 06:31:04.075,0.97965,0.9798,1.13,1.35
2011.06.29 06:31:04.517,0.97963,0.97977,1.50,1.13
2011.06.29 06:31:04.735,0.9796,0.97976,1.50,1.50
2011.06.29 06:31:05.174,0.97959,0.97975,1.50,1.50
2011.06.29 06:31:05.819,0.97961,0.97975,1.50,1.50
2011.06.29 06:31:10.075,0.97958,0.97974,3.00,1.50
2011.06.29 06:31:28.063,0.97956,0.97973,2.25,1.50
2011.06.29 06:31:29.715,0.97959,0.97975,1.50,1.52
2011.06.29 06:31:30.326,0.97959,0.97975,1.50,1.52
2011.06.29 06:31:30.874,0.97959,0.97975,1.50,1.50
2011.06.29 06:31:32.894,0.9796,0.97975,1.50,1.50
2011.06.29 06:31:33.444,0.9796,0.97976,1.50,4.13
2011.06.29 06:31:37.083,0.9796,0.97976,1.50,4.13
2011.06.29 06:31:37.196,0.9796,0.97976,1.50,4.13
2011.06.29 06:31:37.747,0.9796,0.97976,1.50,4.13
2011.06.29 06:31:38.624,0.9796,0.97976,1.50,4.13
2011.06.29 06:31:39.177,0.9796,0.97976,1.50,4.13
2011.06.29 06:31:41.858,0.97958,0.97972,1.50,2.25
2011.06.29 06:31:50.375,0.97958,0.97972,1.50,2.25
2011.06.29 06:31:51.040,0.97958,0.97972,1.92,2.25
2011.06.29 06:31:51.486,0.97959,0.97972,1.17,1.50
2011.06.29 06:31:51.705,0.97957,0.97972,2.10,1.50
2011.06.29 06:31:51.815,0.97961,0.97971,1.17,1.50
2011.06.29 06:31:52.395,0.97962,0.97976,1.50,1.50
2011.06.29 06:31:53.386,0.97962,0.97977,1.50,3.00
2011.06.29 06:31:54.706,0.97962,0.97977,1.50,2.25
2011.06.29 06:32:02.644,0.97963,0.9798,1.50,1.52
2011.06.29 06:32:04.224,0.97963,0.97981,1.50,4.52
2011.06.29 06:32:04.885,0.97963,0.9798,1.50,1.52
2011.06.29 06:32:13.295,0.97963,0.9798,1.50,2.27
2011.06.29 06:32:14.917,0.97962,0.9798,2.25,2.27
2011.06.29 06:32:16.439,0.97963,0.9798,1.50,2.27
2011.06.29 06:32:16.885,0.97963,0.9798,1.50,1.52
2011.06.29 06:32:17.436,0.97963,0.9798,2.25,1.52
2011.06.29 06:32:17.767,0.97964,0.9798,1.50,2.25
2011.06.29 06:32:18.315,0.97963,0.9798,1.50,1.50
2011.06.29 06:32:18.647,0.97962,0.97978,1.50,1.50
2011.06.29 06:32:19.084,0.97962,0.97978,1.50,1.50
2011.06.29 06:32:21.575,0.97962,0.9798,1.50,3.02
2011.06.29 06:32:22.245,0.97962,0.9798,1.50,3.02
2011.06.29 06:32:22.909,0.97962,0.9798,1.50,3.02
2011.06.29 06:32:23.465,0.97962,0.97979,1.50,1.50
2011.06.29 06:32:30.824,0.97963,0.9798,1.50,3.77
2011.06.29 06:32:36.648,0.97962,0.97979,1.50,2.85
2011.06.29 06:32:37.319,0.97963,0.97981,1.50,2.27
2011.06.29 06:32:37.436,0.97962,0.9798,1.50,1.52
2011.06.29 06:32:38.427,0.97962,0.9798,1.50,3.02
2011.06.29 06:32:38.977,0.97961,0.97979,1.50,2.87
2011.06.29 06:32:39.514,0.97961,0.97978,1.50,1.37
2011.06.29 06:32:40.064,0.9796,0.97978,1.50,2.12
2011.06.29 06:32:46.496,0.97959,0.97977,1.50,1.37
2011.06.29 06:32:53.757,0.97958,0.97975,1.88,1.15
2011.06.29 06:32:55.706,0.97957,0.97973,2.85,1.15
2011.06.29 06:32:56.317,0.97957,0.97971,1.35,1.15
2011.06.29 06:32:57.927,0.97957,0.97971,1.35,1.15
2011.06.29 06:32:58.956,0.97955,0.97971,1.50,1.15
2011.06.29 06:32:59.254,0.97954,0.97971,1.50,1.90
2011.06.29 06:32:59.805,0.97953,0.97968,2.25,1.15
2011.06.29 06:33:00.686,0.97953,0.97968,1.50,1.15
2011.06.29 06:33:00.795,0.97953,0.97968,2.56,1.15
2011.06.29 06:33:02.035,0.97953,0.97968,1.50,1.15
2011.06.29 06:33:02.366,0.97955,0.9797,1.50,1.15
2011.06.29 06:33:02.475,0.97954,0.9797,2.25,1.15
2011.06.29 06:33:05.086,0.97956,0.9797,1.50,1.15
2011.06.29 06:33:09.886,0.97956,0.97971,2.25,1.15
2011.06.29 06:33:13.746,0.97958,0.97975,1.35,1.52
2011.06.29 06:33:13.855,0.97959,0.97975,1.35,1.52
2011.06.29 06:33:14.189,0.97961,0.97979,1.50,1.90
2011.06.29 06:33:14.307,0.97961,0.97979,1.50,1.90
2011.06.29 06:33:14.855,0.97961,0.97981,2.25,2.12
2011.06.29 06:33:15.075,0.97961,0.97981,2.25,2.12
2011.06.29 06:33:15.766,0.97962,0.97981,3.05,1.37
2011.06.29 06:33:29.076,0.97962,0.9798,1.50,1.15
2011.06.29 06:33:29.706,0.97961,0.9798,2.25,1.15
2011.06.29 06:33:30.035,0.97961,0.97981,2.25,2.12
2011.06.29 06:33:34.065,0.97961,0.97981,1.50,2.87
2011.06.29 06:33:40.836,0.97962,0.97981,1.50,1.37
2011.06.29 06:33:41.378,0.97966,0.97982,1.35,3.65
2011.06.29 06:33:41.505,0.97961,0.97979,1.50,1.52
2011.06.29 06:33:42.056,0.97958,0.97978,2.25,2.50
2011.06.29 06:33:44.595,0.97959,0.97978,1.35,1.52
2011.06.29 06:33:47.173,0.97962,0.97979,2.10,2.27
2011.06.29 06:33:47.399,0.97964,0.97979,2.10,1.52
2011.06.29 06:33:47.631,0.97966,0.97983,1.35,1.71
2011.06.29 06:33:47.749,0.97966,0.97986,1.35,2.46
2011.06.29 06:33:48.197,0.97963,0.97983,2.25,2.12
2011.06.29 06:33:48.746,0.97961,0.97982,1.35,4.52
2011.06.29 06:33:49.626,0.97961,0.97982,2.10,4.15
2011.06.29 06:33:51.816,0.97961,0.97981,2.10,2.27
2011.06.29 06:33:52.367,0.97961,0.97981,2.10,2.27
2011.06.29 06:33:52.697,0.97961,0.97979,1.35,2.27
2011.06.29 06:33:53.358,0.97961,0.97978,1.35,1.52
2011.06.29 06:33:54.136,0.97961,0.9798,1.35,1.85
2011.06.29 06:33:54.579,0.97957,0.97978,3.60,1.35
2011.06.29 06:33:54.805,0.97958,0.97977,1.50,1.56
2011.06.29 06:33:55.356,0.97957,0.97976,2.85,1.52
2011.06.29 06:33:56.034,0.97957,0.97975,2.85,1.52
2011.06.29 06:33:56.584,0.97957,0.97975,2.10,2.27
2011.06.29 06:33:57.361,0.97955,0.97974,1.50,1.37
2011.06.29 06:33:58.136,0.97954,0.97973,1.50,1.37
2011.06.29 06:34:01.555,0.97953,0.97974,2.25,1.52
2011.06.29 06:34:01.998,0.97953,0.97975,4.06,1.52
2011.06.29 06:34:02.757,0.97954,0.97972,1.20,1.52
2011.06.29 06:34:02.869,0.97953,0.97973,2.10,1.37
2011.06.29 06:34:03.427,0.97953,0.97973,2.10,2.12
2011.06.29 06:34:06.090,0.97954,0.97974,1.50,2.27
2011.06.29 06:34:09.757,0.97953,0.97974,1.50,2.27
2011.06.29 06:34:10.307,0.97953,0.97974,1.50,1.52
2011.06.29 06:34:10.716,0.9795,0.97974,2.25,1.90
2011.06.29 06:34:11.047,0.97953,0.97969,1.50,1.52
2011.06.29 06:34:11.157,0.97955,0.97974,1.50,2.27
2011.06.29 06:34:11.268,0.97955,0.97974,1.50,1.52
2011.06.29 06:34:11.789,0.97955,0.97974,1.50,1.52
2011.06.29 06:34:12.131,0.97956,0.97975,1.50,1.52
2011.06.29 06:34:13.018,0.97955,0.97974,1.50,3.02
2011.06.29 06:34:13.356,0.97955,0.97972,1.50,1.52
2011.06.29 06:34:14.126,0.97954,0.97974,1.50,3.02
2011.06.29 06:34:14.754,0.97954,0.97971,1.50,1.52
2011.06.29 06:34:18.486,0.97954,0.97972,1.50,1.15
2011.06.29 06:34:19.147,0.97954,0.97972,1.50,1.15
2011.06.29 06:34:19.871,0.97954,0.97972,1.50,1.90
2011.06.29 06:34:20.429,0.97954,0.97971,1.50,1.15
2011.06.29 06:34:27.546,0.97953,0.97969,1.50,1.52
2011.06.29 06:34:27.655,0.97952,0.97969,1.50,1.52
2011.06.29 06:34:32.106,0.97952,0.9797,1.50,1.52
2011.06.29 06:34:32.438,0.97956,0.97972,2.10,1.52
2011.06.29 06:34:32.668,0.97962,0.97973,1.50,1.15
2011.06.29 06:34:32.896,0.97956,0.97972,1.50,1.15
2011.06.29 06:34:33.116,0.97955,0.97971,1.50,1.15
2011.06.29 06:34:33.885,0.97954,0.97972,2.25,1.15
2011.06.29 06:34:33.997,0.97954,0.97972,1.50,1.15
2011.06.29 06:34:42.768,0.97954,0.97974,2.25,1.90
2011.06.29 06:35:03.577,0.97954,0.97973,1.50,1.52
2011.06.29 06:35:11.156,0.97956,0.97975,1.50,2.65
2011.06.29 06:35:11.704,0.97956,0.97976,1.50,1.52
2011.06.29 06:35:12.805,0.97956,0.97975,1.50,1.52
2011.06.29 06:35:13.355,0.97956,0.97973,1.50,1.52
2011.06.29 06:35:24.726,0.97954,0.97973,1.50,1.52
2011.06.29 06:35:25.216,0.97954,0.97974,1.50,1.52
2011.06.29 06:35:29.667,0.97954,0.97974,1.50,2.27
2011.06.29 06:35:29.778,0.97956,0.97974,1.50,1.52
2011.06.29 06:35:30.119,0.97953,0.97972,1.50,1.52
2011.06.29 06:35:31.888,0.97953,0.97972,1.50,1.52
2011.06.29 06:35:37.236,0.97953,0.97971,1.50,1.52
2011.06.29 06:35:46.646,0.97953,0.97971,1.50,1.52
2011.06.29 06:35:49.306,0.97952,0.97971,1.50,2.27
2011.06.29 06:36:14.068,0.97952,0.97969,1.50,1.52
2011.06.29 06:36:16.810,0.97951,0.97966,1.35,1.52
2011.06.29 06:36:17.127,0.97946,0.97965,5.10,3.02
2011.06.29 06:36:18.347,0.97946,0.97963,1.50,1.37
2011.06.29 06:36:18.566,0.97945,0.9796,2.25,1.13
2011.06.29 06:36:18.678,0.97945,0.97959,1.35,1.52
2011.06.29 06:36:19.236,0.97942,0.97959,2.10,1.52
2011.06.29 06:36:19.784,0.9794,0.97959,2.10,1.52
2011.06.29 06:36:20.779,0.9794,0.97959,2.10,1.52
2011.06.29 06:36:21.341,0.9794,0.97955,1.35,1.15
2011.06.29 06:36:21.677,0.97937,0.97953,2.85,2.65
2011.06.29 06:36:27.533,0.97936,0.97953,3.00,1.85
2011.06.29 06:36:27.760,0.97936,0.9795,1.50,1.50
2011.06.29 06:36:28.536,0.97935,0.97952,1.50,1.85
2011.06.29 06:36:28.870,0.97933,0.97951,2.25,1.90
2011.06.29 06:36:29.315,0.97933,0.97953,1.50,1.52
2011.06.29 06:36:30.937,0.97934,0.97953,1.50,1.52
2011.06.29 06:36:31.487,0.97934,0.97953,1.50,1.52
2011.06.29 06:36:36.507,0.97937,0.97954,1.50,1.52
2011.06.29 06:36:36.837,0.97941,0.97957,1.50,1.52
2011.06.29 06:36:36.945,0.97942,0.97959,1.35,1.90
2011.06.29 06:36:37.059,0.97942,0.97959,1.35,1.52
2011.06.29 06:36:37.287,0.97942,0.97962,1.35,1.52
2011.06.29 06:36:37.835,0.97945,0.97963,1.35,2.27
2011.06.29 06:36:42.828,0.97943,0.97962,1.50,3.02
2011.06.29 06:36:43.385,0.97943,0.97961,1.50,1.52
2011.06.29 06:36:43.827,0.97943,0.97962,2.10,1.52
2011.06.29 06:36:44.375,0.97943,0.97962,2.10,1.52
2011.06.29 06:36:48.286,0.97946,0.97964,1.50,1.50
2011.06.29 06:36:52.157,0.97947,0.97964,1.50,1.52
2011.06.29 06:36:52.378,0.97948,0.97966,1.50,1.52
2011.06.29 06:36:52.598,0.97952,0.9797,1.50,3.47
2011.06.29 06:36:53.146,0.97953,0.9797,2.85,2.27
2011.06.29 06:36:56.699,0.97952,0.97963,1.50,1.13
2011.06.29 06:36:57.036,0.9794,0.97957,3.60,1.50
2011.06.29 06:36:57.588,0.97944,0.97957,2.10,1.50
2011.06.29 06:36:58.035,0.9794,0.97958,3.60,1.52
2011.06.29 06:36:58.149,0.9794,0.97958,2.85,1.52
2011.06.29 06:36:58.376,0.9794,0.97958,2.85,2.27
2011.06.29 06:37:01.071,0.97943,0.97957,2.10,1.52
2011.06.29 06:37:01.297,0.97943,0.97959,3.60,1.50
2011.06.29 06:37:01.518,0.97948,0.97962,2.10,1.52
2011.06.29 06:37:02.079,0.97948,0.97964,2.85,1.52
2011.06.29 06:37:03.585,0.97948,0.97964,2.10,1.52
2011.06.29 06:37:04.177,0.97943,0.97964,3.00,1.52
2011.06.29 06:37:05.498,0.97946,0.97964,1.50,1.52
2011.06.29 06:37:07.316,0.97946,0.97963,1.50,1.60
2011.06.29 06:37:07.649,0.97933,0.97949,1.50,3.00
2011.06.29 06:37:07.766,0.97931,0.97947,2.25,1.50
2011.06.29 06:37:08.099,0.97931,0.97947,1.50,1.50
2011.06.29 06:37:08.656,0.97931,0.97949,1.50,3.00
2011.06.29 06:37:09.096,0.9793,0.97946,2.10,1.52
2011.06.29 06:37:10.085,0.9793,0.97946,2.85,1.52
2011.06.29 06:37:10.417,0.97923,0.97943,2.52,3.02
2011.06.29 06:37:10.525,0.97923,0.97943,1.35,3.77
2011.06.29 06:37:10.638,0.97923,0.9794,1.35,1.52
2011.06.29 06:37:11.296,0.97926,0.97942,1.35,2.27
2011.06.29 06:37:12.520,0.97926,0.97941,1.35,1.15
2011.06.29 06:37:13.847,0.97923,0.97939,1.50,1.15
2011.06.29 06:37:14.619,0.97923,0.97937,1.50,1.52
2011.06.29 06:37:14.960,0.97922,0.97938,2.10,1.52
2011.06.29 06:37:15.515,0.97922,0.97938,2.10,1.52
2011.06.29 06:37:16.306,0.97922,0.97937,1.35,1.52
2011.06.29 06:37:16.747,0.97919,0.97936,1.50,2.27
2011.06.29 06:37:16.857,0.97919,0.97932,1.50,1.15
2011.06.29 06:37:17.186,0.97918,0.97932,1.35,1.15
2011.06.29 06:37:18.615,0.97915,0.97931,1.50,1.15
2011.06.29 06:37:19.164,0.97915,0.97931,1.50,1.15
2011.06.29 06:37:19.725,0.97915,0.97931,1.50,1.15
2011.06.29 06:37:20.487,0.97917,0.97931,1.50,1.15
2011.06.29 06:37:21.035,0.97917,0.97933,2.25,1.15
2011.06.29 06:37:25.616,0.97922,0.97933,1.35,1.15
2011.06.29 06:37:27.936,0.97922,0.97934,1.35,1.15
2011.06.29 06:37:31.950,0.97924,0.97936,2.10,1.15
2011.06.29 06:37:32.176,0.97924,0.97936,2.10,1.15
2011.06.29 06:37:32.959,0.97924,0.97942,2.85,1.90
2011.06.29 06:37:33.085,0.97924,0.97942,2.85,1.90
2011.06.29 06:37:33.637,0.97926,0.97943,1.50,1.90
2011.06.29 06:37:43.006,0.97926,0.97943,1.50,1.52
2011.06.29 06:37:55.597,0.97925,0.97944,1.50,1.15
2011.06.29 06:37:55.706,0.97925,0.97944,1.50,1.52
2011.06.29 06:38:03.566,0.97926,0.97946,1.50,1.15
2011.06.29 06:38:03.895,0.97926,0.97943,1.50,1.52
2011.06.29 06:38:18.571,0.97924,0.97943,2.25,1.52
2011.06.29 06:38:18.800,0.97924,0.97943,1.50,1.52
2011.06.29 06:38:20.675,0.97923,0.97943,2.85,3.35
2011.06.29 06:38:21.696,0.97923,0.97941,2.85,2.27
2011.06.29 06:38:21.816,0.97922,0.97939,1.35,2.60
2011.06.29 06:38:23.487,0.97922,0.97939,1.35,2.27
2011.06.29 06:38:24.585,0.97921,0.97939,1.35,1.52
2011.06.29 06:38:33.915,0.97922,0.97939,1.35,2.60
2011.06.29 06:38:34.466,0.97922,0.97939,1.35,2.60
2011.06.29 06:38:35.157,0.97922,0.97938,1.35,1.52
2011.06.29 06:38:35.707,0.97919,0.97935,2.10,1.52
2011.06.29 06:38:35.819,0.97916,0.97934,1.50,3.77
2011.06.29 06:38:36.376,0.97916,0.97934,1.50,1.52
2011.06.29 06:38:38.718,0.97914,0.97934,2.10,1.52
2011.06.29 06:38:40.255,0.97914,0.97931,1.35,1.15
2011.06.29 06:38:40.586,0.97914,0.97931,1.35,1.15
2011.06.29 06:38:41.136,0.97914,0.97931,1.35,1.90
2011.06.29 06:38:43.105,0.97914,0.97931,1.35,1.15
2011.06.29 06:38:44.905,0.97914,0.97931,1.35,1.90
2011.06.29 06:38:45.832,0.97914,0.9793,1.35,1.15
2011.06.29 06:38:46.176,0.97917,0.97932,1.35,1.15
2011.06.29 06:38:47.435,0.97916,0.97932,2.85,1.15
2011.06.29 06:38:49.399,0.97918,0.97933,1.50,1.15
2011.06.29 06:38:49.520,0.97918,0.97935,3.00,1.52
2011.06.29 06:38:49.638,0.97922,0.97935,1.50,1.52
2011.06.29 06:38:49.747,0.97922,0.97936,2.25,1.15
2011.06.29 06:38:50.079,0.97922,0.97939,2.25,1.15
2011.06.29 06:38:50.460,0.97924,0.97939,2.10,1.15
2011.06.29 06:38:50.579,0.97924,0.9794,2.10,1.15
2011.06.29 06:38:56.987,0.97924,0.97939,1.50,1.15
2011.06.29 06:38:57.535,0.97924,0.97939,1.50,1.15
2011.06.29 06:38:58.087,0.97923,0.97938,1.50,1.15
2011.06.29 06:38:59.017,0.97923,0.9794,1.50,1.75
2011.06.29 06:38:59.239,0.97923,0.9794,1.50,1.37
2011.06.29 06:38:59.795,0.97923,0.9794,1.50,1.37
2011.06.29 06:39:00.209,0.97922,0.9794,3.00,2.12
2011.06.29 06:39:00.438,0.97923,0.9794,1.73,2.12
2011.06.29 06:39:00.985,0.97924,0.97942,2.25,1.52
2011.06.29 06:39:01.570,0.97923,0.97941,1.50,1.52
2011.06.29 06:39:07.347,0.97921,0.97941,3.60,2.12
2011.06.29 06:39:08.116,0.97921,0.9794,2.85,1.52
2011.06.29 06:39:08.556,0.97919,0.97938,1.50,2.50
2011.06.29 06:39:08.669,0.97918,0.97936,1.50,1.52
2011.06.29 06:39:09.225,0.97917,0.97935,2.25,1.52
2011.06.29 06:39:09.335,0.97917,0.97934,3.00,1.52
2011.06.29 06:39:11.020,0.97918,0.97937,2.48,1.15
2011.06.29 06:39:11.137,0.97918,0.97937,1.73,1.90
2011.06.29 06:39:12.349,0.97917,0.97934,3.00,1.15
2011.06.29 06:39:12.906,0.97917,0.97934,2.25,1.90
2011.06.29 06:39:16.526,0.97917,0.97935,1.50,1.90
2011.06.29 06:39:20.498,0.97917,0.97936,2.25,2.27
2011.06.29 06:39:23.386,0.97917,0.97934,1.50,1.52
2011.06.29 06:39:23.938,0.9792,0.97935,3.75,1.15
2011.06.29 06:39:24.268,0.9792,0.97941,1.50,1.90
2011.06.29 06:39:24.649,0.9792,0.97938,3.00,1.52
2011.06.29 06:39:27.557,0.97921,0.97939,1.50,1.52
2011.06.29 06:39:30.395,0.97921,0.97939,1.50,1.52
2011.06.29 06:39:32.178,0.97925,0.97942,1.35,2.12
2011.06.29 06:39:34.626,0.97928,0.97942,1.35,1.37
2011.06.29 06:39:35.197,0.97923,0.97941,2.85,2.12
2011.06.29 06:39:35.307,0.97923,0.97938,1.35,1.52
2011.06.29 06:39:35.638,0.97919,0.97929,1.50,2.25
2011.06.29 06:39:35.857,0.97913,0.97929,1.35,3.00
2011.06.29 06:39:36.405,0.97914,0.97931,1.50,3.40
2011.06.29 06:39:37.067,0.97914,0.9793,1.50,1.52
2011.06.29 06:39:37.615,0.97913,0.97929,1.35,1.52
2011.06.29 06:39:38.178,0.97912,0.97929,1.35,2.27
2011.06.29 06:39:38.727,0.97913,0.97931,2.10,3.40
2011.06.29 06:39:39.532,0.97917,0.97933,1.35,2.87
2011.06.29 06:39:40.165,0.97916,0.97934,2.10,3.92
2011.06.29 06:39:40.717,0.9792,0.97934,1.35,1.45
2011.06.29 06:39:41.266,0.97916,0.97933,2.10,1.70
2011.06.29 06:39:42.145,0.97916,0.97934,2.10,2.68
2011.06.29 06:39:43.357,0.97916,0.97933,1.50,1.10
2011.06.29 06:39:43.905,0.97914,0.97933,2.25,1.85
2011.06.29 06:39:48.344,0.97914,0.97932,1.50,1.10
2011.06.29 06:39:48.896,0.97914,0.97932,1.50,1.70
2011.06.29 06:39:49.775,0.97914,0.97933,1.50,2.27
2011.06.29 06:39:51.126,0.97915,0.97933,1.50,1.52
2011.06.29 06:39:52.668,0.97918,0.97934,1.35,2.35
2011.06.29 06:39:57.987,0.97916,0.9793,2.10,2.25
2011.06.29 06:39:58.536,0.97914,0.97931,1.50,1.90
2011.06.29 06:39:58.757,0.97914,0.97931,1.50,1.90
2011.06.29 06:39:59.306,0.97914,0.97931,1.50,2.65
2011.06.29 06:39:59.857,0.97911,0.97931,3.00,2.65
2011.06.29 06:40:00.796,0.97912,0.97931,1.50,3.02
2011.06.29 06:40:01.127,0.97915,0.97931,1.35,1.90
2011.06.29 06:40:01.570,0.97916,0.97932,3.00,1.90
2011.06.29 06:40:01.688,0.97917,0.97933,1.50,1.15
2011.06.29 06:40:03.336,0.97916,0.97931,2.25,1.52
2011.06.29 06:40:03.557,0.97915,0.97929,1.50,1.15
2011.06.29 06:40:04.158,0.97913,0.97931,2.10,1.15
2011.06.29 06:40:09.079,0.97912,0.97928,1.50,1.15
2011.06.29 06:40:09.187,0.9791,0.97927,2.10,1.15
2011.06.29 06:40:09.730,0.9791,0.97927,2.10,1.15
2011.06.29 06:40:10.288,0.9791,0.97926,2.10,1.15
2011.06.29 06:40:12.927,0.9791,0.97927,2.10,1.15
2011.06.29 06:40:13.366,0.97912,0.97929,1.50,1.15
2011.06.29 06:40:13.807,0.97911,0.97928,1.50,1.15
2011.06.29 06:40:13.916,0.97911,0.97928,1.50,1.90
2011.06.29 06:40:14.137,0.97911,0.97928,1.50,1.90
2011.06.29 06:40:16.236,0.97916,0.97927,1.50,1.15
2011.06.29 06:40:16.676,0.97918,0.9793,1.50,1.15
2011.06.29 06:40:17.226,0.97919,0.97931,2.25,1.15
2011.06.29 06:40:17.775,0.97919,0.97932,2.85,1.15
2011.06.29 06:40:21.212,0.97919,0.97934,2.85,1.15
2011.06.29 06:40:28.135,0.97921,0.97937,1.50,1.15
2011.06.29 06:40:30.176,0.97921,0.97937,2.10,1.15
2011.06.29 06:40:30.725,0.97921,0.97939,2.85,1.90
2011.06.29 06:40:30.949,0.97923,0.9794,2.25,1.52
2011.06.29 06:40:31.066,0.97924,0.9794,2.67,1.52
2011.06.29 06:40:31.179,0.97925,0.97944,1.50,1.90
2011.06.29 06:40:31.735,0.97927,0.97945,1.50,1.15
2011.06.29 06:40:33.446,0.97927,0.97945,1.50,1.15
2011.06.29 06:40:33.608,0.97927,0.97945,1.50,1.90
2011.06.29 06:40:34.055,0.97927,0.97945,1.50,1.15
2011.06.29 06:40:39.738,0.97928,0.97946,1.50,1.15
2011.06.29 06:40:40.178,0.97928,0.97947,2.25,1.15
2011.06.29 06:40:40.618,0.97931,0.97948,1.35,1.90
2011.06.29 06:40:41.057,0.97932,0.9795,1.50,1.52
2011.06.29 06:40:41.606,0.97932,0.97951,2.25,2.12
2011.06.29 06:40:42.049,0.97934,0.97951,1.50,1.37
2011.06.29 06:40:42.278,0.97934,0.97951,1.50,2.12
2011.06.29 06:41:04.198,0.97934,0.97951,1.50,3.25
2011.06.29 06:41:17.600,0.97931,0.97949,1.35,1.50
2011.06.29 06:41:18.341,0.97929,0.97947,2.25,1.50
2011.06.29 06:41:18.669,0.97927,0.97945,2.25,1.50
2011.06.29 06:41:19.550,0.97929,0.97946,2.10,1.50
2011.06.29 06:41:20.101,0.97929,0.97948,1.35,2.27
2011.06.29 06:41:21.199,0.97929,0.97948,2.10,2.27
2011.06.29 06:41:21.750,0.97929,0.97946,2.10,1.50
2011.06.29 06:41:22.082,0.97933,0.97948,1.50,1.52
2011.06.29 06:41:22.299,0.97934,0.97948,1.50,2.27
2011.06.29 06:41:27.169,0.97934,0.97947,2.25,1.15
2011.06.29 06:41:27.510,0.97934,0.97948,1.50,1.15
2011.06.29 06:41:27.839,0.97934,0.97951,2.25,2.50
2011.06.29 06:41:28.392,0.97935,0.9795,1.50,1.52
2011.06.29 06:41:30.568,0.97936,0.97951,1.50,1.75
2011.06.29 06:41:31.799,0.97936,0.97954,2.25,1.15
2011.06.29 06:41:32.349,0.97937,0.97954,1.50,1.15
2011.06.29 06:41:36.570,0.97938,0.97955,1.50,1.15
2011.06.29 06:41:43.270,0.97938,0.97955,1.50,1.90
2011.06.29 06:41:45.771,0.97939,0.97956,1.50,3.77
2011.06.29 06:41:46.209,0.97939,0.97956,1.50,3.02
2011.06.29 06:41:46.760,0.9794,0.97956,2.10,1.15
2011.06.29 06:41:47.307,0.97942,0.97957,1.50,1.15
2011.06.29 06:41:48.949,0.97943,0.97961,1.35,3.40
2011.06.29 06:41:52.300,0.97942,0.97959,1.50,1.37
2011.06.29 06:41:54.250,0.97944,0.9796,1.50,1.52
2011.06.29 06:41:54.364,0.97944,0.9796,2.25,1.52
2011.06.29 06:41:55.163,0.97944,0.97961,2.25,1.15
2011.06.29 06:41:55.502,0.97944,0.97962,1.50,1.37
2011.06.29 06:41:55.619,0.97942,0.9796,2.25,1.35
2011.06.29 06:41:56.833,0.97946,0.97962,1.50,2.12
2011.06.29 06:41:57.389,0.97946,0.97962,1.50,1.37
2011.06.29 06:41:58.760,0.97946,0.97963,1.50,3.62
2011.06.29 06:41:59.309,0.97946,0.97962,1.50,1.70
2011.06.29 06:42:02.273,0.97943,0.9796,2.25,1.35
2011.06.29 06:42:02.501,0.97943,0.9796,1.50,1.37
2011.06.29 06:42:03.049,0.97942,0.9796,1.50,1.37
2011.06.29 06:42:03.618,0.97942,0.9796,1.50,1.37
2011.06.29 06:42:05.710,0.97943,0.9796,3.00,1.37
2011.06.29 06:42:06.259,0.97944,0.97961,2.25,1.37
2011.06.29 06:42:07.569,0.97947,0.97963,1.52,4.37
2011.06.29 06:42:08.229,0.97947,0.97962,1.51,1.37
2011.06.29 06:42:08.780,0.97944,0.9796,2.25,1.35
2011.06.29 06:42:09.340,0.97944,0.9796,2.25,1.35
2011.06.29 06:42:11.989,0.97944,0.97961,2.25,1.37
2011.06.29 06:42:12.320,0.97944,0.97961,2.25,2.87
2011.06.29 06:42:12.434,0.97944,0.97958,1.50,1.35
2011.06.29 06:42:12.554,0.97941,0.97957,1.50,1.84
2011.06.29 06:42:13.001,0.97942,0.97961,1.50,2.27
2011.06.29 06:42:13.549,0.97942,0.97961,1.50,2.27
2011.06.29 06:42:15.308,0.97942,0.97961,1.50,2.27
2011.06.29 06:42:18.319,0.97942,0.9796,1.50,1.52
2011.06.29 06:42:18.541,0.97941,0.97959,2.25,1.50
2011.06.29 06:42:19.090,0.97941,0.97959,2.25,1.84
2011.06.29 06:42:19.201,0.97942,0.9796,1.50,1.85
2011.06.29 06:42:19.750,0.97942,0.97959,1.50,1.50
2011.06.29 06:42:20.300,0.97941,0.97958,2.25,1.52
2011.06.29 06:42:20.631,0.97938,0.97956,2.25,2.59
2011.06.29 06:42:20.741,0.97938,0.97956,2.25,2.25
2011.06.29 06:42:21.289,0.97938,0.97955,1.50,2.27
2011.06.29 06:42:21.852,0.97938,0.97956,1.50,5.23
2011.06.29 06:42:23.501,0.97938,0.97955,1.50,1.52
2011.06.29 06:42:23.830,0.97938,0.97955,1.50,1.85
2011.06.29 06:42:24.051,0.97938,0.97955,1.50,1.52
2011.06.29 06:42:24.161,0.97938,0.97955,1.50,1.52
2011.06.29 06:42:24.492,0.97938,0.97955,1.50,3.35
2011.06.29 06:42:24.830,0.97938,0.97952,1.50,1.09
2011.06.29 06:42:25.162,0.97935,0.97947,1.50,1.35
2011.06.29 06:42:25.393,0.97931,0.97946,1.50,2.10
2011.06.29 06:42:25.511,0.9793,0.97946,1.50,2.12
2011.06.29 06:42:26.043,0.9793,0.97947,1.50,1.52
2011.06.29 06:42:29.519,0.97929,0.97948,1.50,3.20
2011.06.29 06:42:30.149,0.97929,0.97947,1.50,1.52
2011.06.29 06:42:30.599,0.97929,0.97947,1.50,1.52
2011.06.29 06:42:31.261,0.97929,0.97947,2.25,1.52
2011.06.29 06:42:31.370,0.97932,0.97948,1.13,1.52
2011.06.29 06:42:31.704,0.97936,0.97953,1.50,1.37
2011.06.29 06:42:31.819,0.97935,0.97951,1.50,1.52
2011.06.29 06:42:32.368,0.97933,0.97951,2.85,1.52
2011.06.29 06:42:36.933,0.97933,0.9795,2.85,1.52
2011.06.29 06:42:37.489,0.97933,0.97951,2.85,1.52
2011.06.29 06:42:38.151,0.97933,0.9795,2.85,1.52
2011.06.29 06:42:39.750,0.97933,0.97951,2.10,2.27
2011.06.29 06:42:41.070,0.97935,0.97951,1.50,1.52
2011.06.29 06:42:47.383,0.97934,0.97949,1.50,1.52
2011.06.29 06:42:47.940,0.97933,0.97949,1.35,1.52
2011.06.29 06:42:49.159,0.97933,0.97951,2.10,2.27
2011.06.29 06:42:49.814,0.97933,0.9795,2.85,1.52
2011.06.29 06:42:50.046,0.97933,0.9795,3.60,1.52
2011.06.29 06:42:50.165,0.97933,0.97944,3.60,1.50
2011.06.29 06:42:50.392,0.97919,0.97937,3.75,1.52
2011.06.29 06:42:50.513,0.97917,0.97935,2.10,2.63
2011.06.29 06:42:50.740,0.97918,0.97935,2.10,3.40
2011.06.29 06:42:52.610,0.97918,0.97935,2.85,1.90
2011.06.29 06:42:53.523,0.97918,0.97935,2.10,2.65
2011.06.29 06:42:54.104,0.97918,0.97934,2.10,1.91
2011.06.29 06:42:54.224,0.97918,0.97934,2.10,1.50
2011.06.29 06:42:55.668,0.97918,0.97935,2.85,2.65
2011.06.29 06:42:56.230,0.97918,0.97935,2.85,2.65
2011.06.29 06:42:56.922,0.97918,0.97935,2.85,2.65
2011.06.29 06:43:02.229,0.97918,0.97935,2.85,2.63
2011.06.29 06:43:02.670,0.97918,0.97935,2.10,2.63
2011.06.29 06:43:03.220,0.97918,0.97935,2.10,1.88
2011.06.29 06:43:03.858,0.97918,0.97935,2.10,1.88
2011.06.29 06:43:06.491,0.97918,0.97938,2.10,1.52
2011.06.29 06:43:06.711,0.97916,0.97935,2.25,2.12
2011.06.29 06:43:07.155,0.97915,0.97932,1.50,2.10
2011.06.29 06:43:07.708,0.97915,0.97931,1.50,1.88
2011.06.29 06:43:12.359,0.97913,0.97931,1.50,2.63
2011.06.29 06:43:15.869,0.97915,0.97931,1.50,2.63
2011.06.29 06:43:16.770,0.97915,0.97931,1.50,3.38
2011.06.29 06:43:17.101,0.9791,0.97928,1.50,1.37
2011.06.29 06:43:17.819,0.9791,0.97928,1.50,1.37
2011.06.29 06:43:18.701,0.9791,0.97928,1.50,1.75
2011.06.29 06:43:19.029,0.97908,0.97926,1.50,1.15
2011.06.29 06:43:23.021,0.97911,0.97928,1.50,1.37
2011.06.29 06:43:28.770,0.97911,0.97926,1.50,1.52
2011.06.29 06:43:31.029,0.97911,0.97925,1.50,1.88
2011.06.29 06:43:31.362,0.97906,0.97922,1.35,1.90
2011.06.29 06:43:33.521,0.97906,0.97922,1.35,1.15
2011.06.29 06:43:33.630,0.97905,0.97919,1.50,1.52
2011.06.29 06:43:34.179,0.97905,0.9792,1.50,1.15
2011.06.29 06:43:34.951,0.97904,0.97921,2.25,1.15
2011.06.29 06:43:35.279,0.97905,0.9792,1.50,1.15
2011.06.29 06:43:41.560,0.97905,0.97923,1.50,1.52
2011.06.29 06:43:45.271,0.97907,0.97923,1.50,1.15
2011.06.29 06:43:45.490,0.97907,0.97925,1.50,1.15
2011.06.29 06:43:45.602,0.97907,0.97925,1.50,1.15
2011.06.29 06:43:47.285,0.97909,0.97925,1.35,1.15
2011.06.29 06:43:54.020,0.97909,0.97925,1.35,1.15
2011.06.29 06:43:54.570,0.97909,0.97926,1.35,1.15
2011.06.29 06:43:54.679,0.97909,0.97926,2.10,1.15
2011.06.29 06:43:56.006,0.97909,0.97924,2.10,1.15
2011.06.29 06:44:02.588,0.97909,0.97925,1.35,1.15
2011.06.29 06:44:06.901,0.97909,0.97927,2.85,1.15
2011.06.29 06:44:08.221,0.97909,0.97925,1.35,1.52
2011.06.29 06:44:24.019,0.97909,0.97923,1.35,2.27
2011.06.29 06:44:24.570,0.97909,0.97923,1.35,1.52
2011.06.29 06:44:24.679,0.97909,0.97923,1.35,1.52
2011.06.29 06:44:27.190,0.97909,0.97924,1.35,1.52
2011.06.29 06:44:27.520,0.97908,0.97925,1.35,1.52
2011.06.29 06:44:27.961,0.97907,0.97925,1.50,2.87
2011.06.29 06:44:28.072,0.97906,0.97922,1.50,1.50
2011.06.29 06:44:28.629,0.97905,0.97922,2.10,1.50
2011.06.29 06:44:30.149,0.97905,0.97922,2.10,1.50
2011.06.29 06:44:30.699,0.97905,0.97921,1.35,1.50
2011.06.29 06:44:32.780,0.97905,0.97922,2.10,1.50
2011.06.29 06:44:34.932,0.97906,0.97922,1.50,1.50
2011.06.29 06:44:35.849,0.97905,0.97922,2.25,1.50
2011.06.29 06:44:36.622,0.97906,0.97922,1.50,1.50
2011.06.29 06:44:37.890,0.97906,0.97922,1.50,2.25
2011.06.29 06:44:38.111,0.97904,0.97921,1.50,1.50
2011.06.29 06:44:38.880,0.97903,0.97922,1.50,1.52
2011.06.29 06:44:39.322,0.97905,0.97922,1.35,1.52
2011.06.29 06:44:41.721,0.97905,0.97921,1.35,1.52
2011.06.29 06:44:47.519,0.97906,0.97921,1.50,1.15
2011.06.29 06:44:47.631,0.97906,0.97921,1.50,1.15
2011.06.29 06:44:49.950,0.97906,0.97921,1.50,1.52
2011.06.29 06:44:51.269,0.97906,0.97921,1.50,1.60
2011.06.29 06:44:51.611,0.97895,0.97907,1.95,1.52
2011.06.29 06:44:51.725,0.97891,0.97907,1.50,1.37
2011.06.29 06:44:51.843,0.9789,0.97907,2.25,1.35
2011.06.29 06:44:52.399,0.9789,0.97907,1.50,1.35
2011.06.29 06:44:58.221,0.9789,0.97909,2.10,1.52
2011.06.29 06:44:58.769,0.97891,0.9791,2.25,3.62
2011.06.29 06:45:00.899,0.97891,0.9791,1.50,3.62
2011.06.29 06:45:01.560,0.97891,0.9791,1.50,3.62
2011.06.29 06:45:04.230,0.97891,0.9791,1.35,3.77
2011.06.29 06:45:04.779,0.97893,0.9791,1.35,1.52
2011.06.29 06:45:06.364,0.97894,0.97912,1.50,1.52
2011.06.29 06:45:07.802,0.97893,0.97911,1.50,2.12
2011.06.29 06:45:09.481,0.97893,0.97911,2.25,1.37
2011.06.29 06:45:10.402,0.97894,0.97907,1.50,1.13
2011.06.29 06:45:10.526,0.97885,0.979,2.25,1.35
2011.06.29 06:45:10.753,0.97882,0.97898,3.00,1.52
2011.06.29 06:45:12.526,0.97884,0.97899,1.50,3.02
2011.06.29 06:45:13.083,0.97885,0.97902,1.50,1.52
2011.06.29 06:45:13.200,0.97886,0.979,2.10,1.52
2011.06.29 06:45:13.531,0.97885,0.97901,1.50,1.52
2011.06.29 06:45:14.129,0.97884,0.97901,1.50,1.15
2011.06.29 06:45:15.581,0.97884,0.97901,1.50,1.15
2011.06.29 06:45:18.450,0.97884,0.97902,1.50,1.15
2011.06.29 06:45:19.175,0.97884,0.97899,1.50,1.15
2011.06.29 06:45:21.162,0.97887,0.979,1.35,1.15
2011.06.29 06:45:21.491,0.97888,0.97899,1.50,1.15
2011.06.29 06:45:21.711,0.97886,0.97903,1.35,2.65
2011.06.29 06:45:23.690,0.97888,0.97902,1.50,1.15
2011.06.29 06:45:24.108,0.97887,0.97902,2.10,1.15
2011.06.29 06:45:24.989,0.97887,0.97903,2.10,1.15
2011.06.29 06:45:25.691,0.97885,0.979,1.35,1.52
2011.06.29 06:45:25.801,0.97882,0.97898,1.50,2.27
2011.06.29 06:45:26.132,0.97882,0.97897,2.85,1.52
2011.06.29 06:45:26.690,0.97884,0.97901,2.10,1.90
2011.06.29 06:45:29.053,0.97883,0.97899,1.35,1.15
2011.06.29 06:45:29.176,0.97883,0.97899,1.35,1.90
2011.06.29 06:45:29.950,0.97883,0.97899,1.35,2.27
2011.06.29 06:45:30.832,0.97881,0.97898,3.60,3.73
2011.06.29 06:45:31.939,0.97883,0.97902,1.35,2.27
2011.06.29 06:45:32.762,0.97883,0.979,1.35,1.52
2011.06.29 06:45:38.649,0.97883,0.979,1.35,1.52
2011.06.29 06:45:40.449,0.97884,0.97901,1.50,1.52
2011.06.29 06:45:40.783,0.97884,0.97903,3.90,1.52
2011.06.29 06:45:41.181,0.97892,0.97905,1.35,1.15
2011.06.29 06:45:43.022,0.97883,0.97899,1.50,3.00
2011.06.29 06:45:43.579,0.97881,0.97899,2.25,4.90
2011.06.29 06:45:44.900,0.97888,0.97899,1.35,4.15
2011.06.29 06:45:45.456,0.97885,0.97902,2.25,1.52
2011.06.29 06:45:45.790,0.97885,0.97903,2.25,1.52
2011.06.29 06:45:46.230,0.97885,0.97903,2.25,1.52
2011.06.29 06:45:46.779,0.97884,0.97901,2.10,1.52
2011.06.29 06:45:47.110,0.97884,0.97901,1.35,1.52
2011.06.29 06:45:47.329,0.9788,0.97898,2.10,1.52
2011.06.29 06:45:47.881,0.9788,0.97898,1.35,2.60
2011.06.29 06:45:48.430,0.9788,0.97898,1.35,2.60
2011.06.29 06:45:51.373,0.97879,0.97898,1.50,3.20
2011.06.29 06:45:52.150,0.97879,0.97893,1.50,1.35
2011.06.29 06:45:52.261,0.97874,0.97891,4.50,3.02
2011.06.29 06:45:52.372,0.97874,0.97889,2.25,2.63
2011.06.29 06:45:52.929,0.97874,0.97888,2.25,1.50
2011.06.29 06:45:53.481,0.97874,0.97888,3.00,1.52
2011.06.29 06:45:54.248,0.97874,0.97888,3.00,1.52
2011.06.29 06:45:56.092,0.97874,0.97892,1.50,1.52
2011.06.29 06:45:56.669,0.97874,0.97892,1.50,1.52
2011.06.29 06:45:58.543,0.97875,0.9789,1.13,1.52
2011.06.29 06:45:59.650,0.97876,0.97891,1.35,1.52
2011.06.29 06:46:00.201,0.97874,0.97892,2.59,1.52
2011.06.29 06:46:00.752,0.97876,0.97894,1.88,1.52
2011.06.29 06:46:01.298,0.97876,0.97895,2.63,2.87
2011.06.29 06:46:01.520,0.97876,0.97895,3.60,1.52
2011.06.29 06:46:02.230,0.97876,0.97895,3.98,1.52
2011.06.29 06:46:03.132,0.97877,0.97895,1.13,1.52
2011.06.29 06:46:05.199,0.97877,0.97895,1.13,1.52
2011.06.29 06:46:05.749,0.97878,0.97895,1.50,1.52
2011.06.29 06:46:11.939,0.97877,0.97897,3.75,2.60
2011.06.29 06:46:12.819,0.97878,0.97897,1.88,1.52
2011.06.29 06:46:16.721,0.97878,0.97897,3.05,2.60
2011.06.29 06:46:17.289,0.97878,0.97897,1.88,1.52
2011.06.29 06:46:20.760,0.97878,0.97892,1.13,1.37
2011.06.29 06:46:21.225,0.97878,0.97893,1.50,1.52
2011.06.29 06:46:21.450,0.97877,0.97894,1.88,1.52
2011.06.29 06:46:24.771,0.97875,0.97891,1.13,2.27
2011.06.29 06:46:25.320,0.97875,0.97888,1.13,1.88
2011.06.29 06:46:26.541,0.97873,0.97888,2.22,1.88
2011.06.29 06:46:29.724,0.97874,0.97891,1.50,1.52
2011.06.29 06:46:30.279,0.97875,0.97892,1.50,1.52
2011.06.29 06:46:30.611,0.97877,0.97892,2.10,1.50
2011.06.29 06:46:31.324,0.97877,0.97895,1.50,1.52
2011.06.29 06:46:31.881,0.97876,0.97893,1.35,1.50
2011.06.29 06:46:33.787,0.97876,0.97893,1.35,1.50
2011.06.29 06:46:35.910,0.97877,0.97895,2.10,2.27
2011.06.29 06:46:36.460,0.97877,0.97896,1.50,2.27
2011.06.29 06:46:37.011,0.97878,0.97897,3.00,1.52
2011.06.29 06:46:37.590,0.9788,0.97896,2.10,1.52
2011.06.29 06:46:38.140,0.97878,0.97896,3.75,2.12
2011.06.29 06:46:38.250,0.97878,0.97896,2.25,2.12
2011.06.29 06:46:38.580,0.97876,0.97894,1.35,1.52
2011.06.29 06:46:39.130,0.97875,0.97894,2.85,4.15
2011.06.29 06:46:42.820,0.97876,0.97894,1.35,3.40
2011.06.29 06:46:43.711,0.97876,0.97894,1.35,3.40
2011.06.29 06:46:45.620,0.97876,0.97894,1.35,1.52
2011.06.29 06:46:51.210,0.97876,0.97894,3.60,1.52
2011.06.29 06:46:51.430,0.97876,0.97894,1.50,2.60
2011.06.29 06:46:51.540,0.97874,0.97893,4.32,1.10
2011.06.29 06:46:51.761,0.97874,0.97892,2.82,2.27
2011.06.29 06:46:52.200,0.97874,0.97891,2.07,1.52
2011.06.29 06:47:01.631,0.97874,0.97894,2.10,4.90
2011.06.29 06:47:01.849,0.97874,0.97892,2.10,1.52
2011.06.29 06:47:02.948,0.97874,0.97892,2.10,1.52
2011.06.29 06:47:03.389,0.97874,0.97891,1.35,1.52
2011.06.29 06:47:03.939,0.97874,0.97892,1.35,1.52
2011.06.29 06:47:12.937,0.97874,0.97891,1.50,1.52
2011.06.29 06:47:13.489,0.97874,0.97892,1.50,3.02
2011.06.29 06:47:20.920,0.97874,0.97891,1.50,1.52
2011.06.29 06:47:32.484,0.97879,0.97892,1.50,1.52
2011.06.29 06:47:32.601,0.97879,0.97895,1.50,2.27
2011.06.29 06:47:32.714,0.9788,0.97895,2.85,1.52
2011.06.29 06:47:32.944,0.97882,0.979,2.10,1.52
2011.06.29 06:47:33.171,0.97884,0.97901,2.85,1.52
2011.06.29 06:47:33.574,0.97885,0.97903,1.50,2.27
2011.06.29 06:47:34.020,0.97886,0.97904,1.50,1.52
2011.06.29 06:47:34.135,0.97888,0.97906,1.50,1.52
2011.06.29 06:47:35.244,0.97887,0.97906,1.50,3.77
2011.06.29 06:47:42.080,0.97886,0.97903,2.25,1.52
2011.06.29 06:47:43.072,0.97886,0.97903,2.25,1.52
2011.06.29 06:47:43.675,0.97887,0.97903,1.50,1.52
2011.06.29 06:47:43.790,0.97887,0.97903,1.50,1.52
2011.06.29 06:47:44.449,0.97887,0.97903,1.50,1.52
2011.06.29 06:47:45.000,0.97887,0.97903,1.50,1.52
2011.06.29 06:47:46.430,0.97889,0.97904,1.50,3.02
2011.06.29 06:47:46.980,0.97889,0.97906,2.10,1.52
2011.06.29 06:47:48.665,0.97889,0.97908,2.85,4.15
2011.06.29 06:47:48.788,0.97893,0.97906,2.48,1.52
2011.06.29 06:47:49.012,0.979,0.97915,1.73,1.52
2011.06.29 06:47:49.231,0.97902,0.97917,1.50,1.52
2011.06.29 06:47:49.342,0.97902,0.97918,1.50,2.27
2011.06.29 06:47:49.562,0.97902,0.97916,1.50,1.50
2011.06.29 06:47:53.272,0.97898,0.97915,1.50,3.02
2011.06.29 06:47:58.484,0.97896,0.97913,2.25,1.52
2011.06.29 06:47:58.714,0.97895,0.97913,1.50,3.02
2011.06.29 06:47:58.830,0.97894,0.97906,1.50,1.05
2011.06.29 06:47:59.163,0.97892,0.97898,1.50,1.09
2011.06.29 06:47:59.391,0.97881,0.97895,1.50,1.52
2011.06.29 06:47:59.501,0.97877,0.97895,1.13,1.52
2011.06.29 06:47:59.613,0.97876,0.97894,1.50,2.25
2011.06.29 06:48:00.169,0.97876,0.97893,1.50,1.52
2011.06.29 06:48:00.393,0.97884,0.97893,1.13,2.27
2011.06.29 06:48:00.623,0.97883,0.97899,2.85,1.52
2011.06.29 06:48:00.741,0.97883,0.979,2.85,1.52
2011.06.29 06:48:01.537,0.97884,0.97903,1.35,1.52
2011.06.29 06:48:02.189,0.97884,0.97904,1.35,2.27
2011.06.29 06:48:02.959,0.97886,0.97904,1.50,2.27
2011.06.29 06:48:04.449,0.97885,0.97904,1.50,1.52
2011.06.29 06:48:05.002,0.97885,0.97904,1.50,1.52
2011.06.29 06:48:05.331,0.97885,0.97903,1.50,1.52
2011.06.29 06:48:12.044,0.97885,0.979,1.50,2.25
2011.06.29 06:48:12.599,0.97884,0.979,2.25,1.50
2011.06.29 06:48:12.709,0.97884,0.979,2.25,1.50
2011.06.29 06:48:15.330,0.97884,0.979,2.25,2.25
2011.06.29 06:48:19.233,0.97884,0.97895,1.50,2.63
2011.06.29 06:48:19.740,0.97876,0.97887,1.50,1.84
2011.06.29 06:48:19.858,0.97874,0.97888,1.50,2.59
2011.06.29 06:48:19.971,0.97871,0.97887,1.50,1.50
2011.06.29 06:48:20.522,0.97871,0.97888,1.50,4.46
2011.06.29 06:48:23.351,0.97871,0.97887,1.50,1.84
2011.06.29 06:48:23.902,0.97871,0.97886,1.50,1.35
2011.06.29 06:48:24.451,0.9787,0.97886,2.25,1.37
2011.06.29 06:48:25.880,0.9787,0.97886,2.25,1.37
2011.06.29 06:48:26.213,0.97871,0.97887,2.25,1.37
2011.06.29 06:48:26.551,0.97874,0.97888,1.50,2.25
2011.06.29 06:48:29.500,0.97874,0.97887,1.50,1.50
2011.06.29 06:48:30.048,0.97874,0.97887,1.50,1.50
2011.06.29 06:48:30.381,0.97874,0.97886,1.50,1.09
2011.06.29 06:48:30.930,0.97874,0.97886,1.50,1.10
2011.06.29 06:48:31.529,0.97874,0.97886,1.50,1.10
2011.06.29 06:48:32.548,0.97874,0.97887,1.50,1.52
2011.06.29 06:48:33.230,0.97874,0.97887,1.50,1.52
2011.06.29 06:48:43.502,0.9788,0.97892,1.50,2.60
2011.06.29 06:48:43.622,0.9788,0.97889,1.50,1.37
2011.06.29 06:48:43.842,0.97871,0.97887,1.50,1.85
2011.06.29 06:48:43.951,0.97872,0.97886,1.50,1.09
2011.06.29 06:48:44.170,0.97874,0.97887,1.50,1.52
2011.06.29 06:48:49.340,0.97874,0.97887,2.10,1.93
2011.06.29 06:48:49.672,0.97875,0.97884,1.50,1.35
2011.06.29 06:48:49.782,0.97873,0.97886,1.92,1.43
2011.06.29 06:48:50.147,0.9787,0.97884,1.50,1.35
2011.06.29 06:48:50.276,0.97866,0.97881,1.50,1.50
2011.06.29 06:48:50.508,0.9787,0.97883,1.50,2.25
2011.06.29 06:48:51.061,0.9787,0.97883,1.50,1.52
2011.06.29 06:48:51.941,0.9787,0.97884,1.50,2.87
2011.06.29 06:48:52.162,0.97874,0.97886,1.50,1.60
2011.06.29 06:48:52.719,0.97874,0.97886,1.50,1.60
2011.06.29 06:48:56.013,0.97877,0.97891,1.50,2.87
2011.06.29 06:48:56.135,0.9788,0.97891,1.50,1.52
2011.06.29 06:48:56.251,0.9788,0.97891,1.50,1.52
2011.06.29 06:48:56.472,0.9788,0.97895,1.50,1.52
2011.06.29 06:48:56.692,0.97885,0.97897,1.50,1.52
2011.06.29 06:48:57.291,0.97885,0.97898,1.50,1.52
2011.06.29 06:48:58.320,0.97885,0.97898,1.50,1.52
2011.06.29 06:48:59.202,0.97885,0.97899,1.50,4.10
2011.06.29 06:49:07.050,0.97884,0.97897,1.50,1.52
2011.06.29 06:49:07.600,0.97884,0.97897,1.50,1.52
2011.06.29 06:49:08.502,0.97887,0.97901,1.50,1.37
2011.06.29 06:49:08.830,0.9789,0.97899,1.50,1.52
2011.06.29 06:49:08.941,0.97885,0.97899,1.50,2.25
2011.06.29 06:49:09.514,0.97885,0.97899,1.50,3.02
2011.06.29 06:49:10.101,0.97885,0.97899,1.50,3.02
2011.06.29 06:49:24.502,0.97885,0.979,1.50,1.52
2011.06.29 06:49:24.940,0.97886,0.97899,1.50,1.52
2011.06.29 06:49:25.049,0.97884,0.97899,1.50,1.52
2011.06.29 06:49:25.164,0.97884,0.979,1.50,1.52
2011.06.29 06:49:25.280,0.97884,0.979,2.25,1.52
2011.06.29 06:49:25.830,0.97889,0.979,1.50,1.52
2011.06.29 06:49:26.380,0.97889,0.97901,1.50,1.52
2011.06.29 06:49:39.874,0.97889,0.97903,1.50,1.52
2011.06.29 06:49:40.434,0.9789,0.97905,1.50,1.52
2011.06.29 06:49:40.774,0.97895,0.97907,1.50,2.60
2011.06.29 06:49:40.891,0.97895,0.97909,1.50,1.37
2011.06.29 06:49:41.332,0.97895,0.97912,1.50,1.52
2011.06.29 06:49:41.660,0.979,0.97912,1.50,1.52
2011.06.29 06:49:46.205,0.979,0.97912,1.50,1.52
2011.06.29 06:49:46.650,0.979,0.97912,1.50,1.85
2011.06.29 06:49:48.641,0.97899,0.97913,1.50,2.12
2011.06.29 06:49:49.301,0.979,0.97914,1.50,1.52
2011.06.29 06:49:54.711,0.979,0.97913,1.50,1.84
2011.06.29 06:49:55.231,0.979,0.97912,1.50,1.50
2011.06.29 06:49:56.219,0.97899,0.97912,1.50,2.45
2011.06.29 06:49:56.661,0.97896,0.97908,1.50,1.35
2011.06.29 06:49:56.993,0.97894,0.97903,1.50,1.69
2011.06.29 06:49:57.220,0.9789,0.97902,1.50,1.50
2011.06.29 06:49:57.770,0.9789,0.97901,1.50,1.52
2011.06.29 06:49:59.761,0.9789,0.97902,1.50,1.52
2011.06.29 06:50:00.310,0.97889,0.97902,1.50,1.52
2011.06.29 06:50:03.983,0.97889,0.97902,1.50,1.52
2011.06.29 06:50:04.541,0.9789,0.97901,1.50,2.27
2011.06.29 06:50:07.582,0.9789,0.97898,1.50,1.37
2011.06.29 06:50:07.705,0.97887,0.97898,1.50,1.37
2011.06.29 06:50:07.821,0.97885,0.97898,1.50,1.37
2011.06.29 06:50:08.483,0.97881,0.97898,1.50,1.75
2011.06.29 06:50:08.711,0.97881,0.97898,1.50,3.25
2011.06.29 06:50:08.932,0.97881,0.97899,2.85,3.02
2011.06.29 06:50:09.151,0.97884,0.97901,1.50,2.12
2011.06.29 06:50:09.482,0.97884,0.979,1.50,2.27
2011.06.29 06:50:14.012,0.97884,0.97898,1.50,1.15
2011.06.29 06:50:14.123,0.97882,0.97897,1.50,1.50
2011.06.29 06:50:14.245,0.97885,0.97897,1.50,1.52
2011.06.29 06:50:14.690,0.97882,0.97897,1.50,1.50
2011.06.29 06:50:15.026,0.97889,0.97902,1.50,3.77
2011.06.29 06:50:15.641,0.97886,0.97902,1.50,1.90
2011.06.29 06:50:15.981,0.97885,0.97901,1.50,1.37
2011.06.29 06:50:17.482,0.97882,0.97897,2.25,1.50
2011.06.29 06:50:17.810,0.97883,0.97898,1.35,3.00
2011.06.29 06:50:18.141,0.97887,0.97904,1.50,2.65
2011.06.29 06:50:18.254,0.97886,0.97901,1.50,1.37
2011.06.29 06:50:18.700,0.97886,0.97901,1.50,1.37
2011.06.29 06:50:19.250,0.97885,0.97901,1.50,1.37
2011.06.29 06:50:22.412,0.97886,0.97902,2.85,1.90
2011.06.29 06:50:22.524,0.9789,0.97904,1.50,1.52
2011.06.29 06:50:22.640,0.9789,0.97904,1.50,1.52
2011.06.29 06:50:23.960,0.9789,0.97904,1.50,1.50
2011.06.29 06:50:25.501,0.9789,0.97906,1.50,3.62
2011.06.29 06:50:26.782,0.9789,0.97906,1.50,2.12
2011.06.29 06:50:33.192,0.97892,0.97906,1.50,1.52
2011.06.29 06:50:33.521,0.97894,0.97908,1.50,1.52
2011.06.29 06:50:34.072,0.97895,0.97911,1.50,1.52
2011.06.29 06:50:34.621,0.97895,0.97912,1.50,1.90
2011.06.29 06:50:34.733,0.97894,0.97908,1.50,1.13
2011.06.29 06:50:35.071,0.97892,0.97907,2.25,1.50
2011.06.29 06:50:35.622,0.97892,0.97907,1.50,1.50
2011.06.29 06:50:36.214,0.97892,0.97907,1.50,1.50
2011.06.29 06:50:49.082,0.97892,0.97907,1.50,1.50
2011.06.29 06:50:50.480,0.97891,0.97907,1.50,1.35
2011.06.29 06:50:54.789,0.97891,0.97907,1.50,2.10
2011.06.29 06:50:58.220,0.97891,0.97907,1.50,1.35
2011.06.29 06:51:01.129,0.97891,0.97907,1.50,2.10
2011.06.29 06:51:02.235,0.97891,0.97907,1.50,2.10
2011.06.29 06:51:06.874,0.97891,0.97907,3.00,1.35
2011.06.29 06:51:07.212,0.97896,0.97909,1.50,2.63
2011.06.29 06:51:07.429,0.97891,0.97907,3.00,2.10
2011.06.29 06:51:07.980,0.97892,0.97907,1.50,1.35
2011.06.29 06:51:08.530,0.97892,0.97907,1.50,2.10
2011.06.29 06:51:09.634,0.97891,0.97907,2.25,2.85
2011.06.29 06:51:10.036,0.9789,0.97907,2.25,3.19
2011.06.29 06:51:11.032,0.9789,0.97902,2.25,1.73
2011.06.29 06:51:11.580,0.97887,0.97902,2.25,1.73
2011.06.29 06:51:12.129,0.97888,0.97902,1.50,1.73
2011.06.29 06:51:12.350,0.97888,0.97902,1.50,1.73
2011.06.29 06:51:13.024,0.97887,0.97902,1.50,1.73
2011.06.29 06:51:13.580,0.97887,0.97902,1.50,1.73
2011.06.29 06:51:15.907,0.97887,0.97902,1.50,1.73
2011.06.29 06:51:16.461,0.97887,0.97902,1.50,1.73
2011.06.29 06:51:22.376,0.97887,0.97902,1.50,1.73
2011.06.29 06:51:22.600,0.97887,0.97902,1.50,1.73
2011.06.29 06:51:35.201,0.97887,0.97905,2.25,1.37
2011.06.29 06:51:35.421,0.9789,0.97907,2.25,2.65
2011.06.29 06:51:35.749,0.9789,0.97907,1.50,1.90
2011.06.29 06:51:36.299,0.9789,0.97907,1.50,1.90
2011.06.29 06:51:36.962,0.97891,0.97907,1.50,1.50
2011.06.29 06:51:39.740,0.97892,0.97907,1.50,1.50
2011.06.29 06:51:40.254,0.97892,0.97907,1.50,1.50
2011.06.29 06:51:41.125,0.97892,0.97908,1.50,3.38
2011.06.29 06:51:43.021,0.97892,0.97908,1.50,3.38
2011.06.29 06:51:43.600,0.97892,0.97908,1.50,3.38
2011.06.29 06:51:45.219,0.97892,0.97907,1.50,1.50
2011.06.29 06:51:45.332,0.97891,0.97904,2.25,1.84
2011.06.29 06:51:45.662,0.97883,0.97897,1.50,2.10
2011.06.29 06:51:45.881,0.97881,0.97898,1.50,1.73
2011.06.29 06:51:45.990,0.97881,0.97898,1.50,1.73
2011.06.29 06:51:46.809,0.97882,0.97898,1.50,1.73
2011.06.29 06:51:47.592,0.97882,0.97898,1.50,2.48
2011.06.29 06:51:48.034,0.9789,0.97898,1.50,1.13
2011.06.29 06:51:48.265,0.97884,0.979,1.50,1.35
2011.06.29 06:51:53.371,0.9789,0.97904,1.50,2.83
2011.06.29 06:51:53.811,0.97889,0.97904,1.50,1.75
2011.06.29 06:51:58.600,0.9789,0.97904,1.50,1.75
2011.06.29 06:51:58.820,0.9789,0.97906,1.50,2.12
2011.06.29 06:51:59.534,0.9789,0.97906,1.50,1.37
2011.06.29 06:51:59.761,0.97886,0.97904,4.35,1.15
2011.06.29 06:52:00.094,0.97862,0.97888,1.65,1.88
2011.06.29 06:52:00.329,0.97863,0.97888,2.25,2.59
2011.06.29 06:52:00.443,0.97863,0.97888,2.25,2.44
2011.06.29 06:52:00.556,0.9786,0.97885,2.25,1.52
2011.06.29 06:52:01.441,0.97865,0.97878,1.50,2.48
2011.06.29 06:52:01.552,0.97861,0.97877,1.50,1.52
2011.06.29 06:52:02.100,0.97862,0.97878,1.48,2.50
2011.06.29 06:52:02.652,0.97863,0.97877,1.48,1.52
2011.06.29 06:52:03.767,0.97863,0.97878,1.48,2.50
2011.06.29 06:52:04.100,0.97863,0.97877,1.48,1.52
2011.06.29 06:52:05.390,0.97863,0.97878,1.48,2.50
2011.06.29 06:52:05.962,0.97863,0.97878,1.48,1.37
2011.06.29 06:52:06.181,0.97866,0.9788,1.50,4.37
2011.06.29 06:52:06.733,0.97869,0.9788,1.50,1.52
2011.06.29 06:52:06.954,0.9787,0.97883,1.50,1.37
2011.06.29 06:52:07.511,0.97871,0.97885,1.50,1.60
2011.06.29 06:52:07.623,0.97875,0.97886,1.50,1.43
2011.06.29 06:52:07.851,0.97871,0.97886,1.50,2.18
2011.06.29 06:52:08.400,0.97869,0.97886,1.50,5.20
2011.06.29 06:52:09.138,0.97875,0.97888,1.50,1.60
2011.06.29 06:52:09.691,0.97873,0.97887,1.50,2.35
2011.06.29 06:52:09.801,0.9787,0.97886,1.50,2.35
2011.06.29 06:52:11.121,0.9787,0.97875,1.50,1.50
2011.06.29 06:52:11.340,0.97862,0.97875,1.50,2.87
2011.06.29 06:52:12.220,0.97859,0.97875,2.25,2.12
2011.06.29 06:52:12.442,0.97863,0.97878,1.50,2.98
2011.06.29 06:52:12.551,0.97865,0.97878,1.50,1.10
2011.06.29 06:52:13.209,0.97865,0.97881,1.50,4.37
2011.06.29 06:52:16.309,0.97864,0.97872,1.50,2.10
2011.06.29 06:52:16.531,0.97859,0.9787,1.50,3.60
2011.06.29 06:52:16.641,0.97854,0.9787,3.00,3.60
2011.06.29 06:52:16.752,0.97855,0.9787,1.50,2.25
2011.06.29 06:52:17.192,0.97861,0.97876,1.50,1.37
2011.06.29 06:52:17.520,0.97862,0.97876,2.25,1.37
2011.06.29 06:52:18.070,0.97865,0.97876,1.50,1.37
2011.06.29 06:52:19.175,0.97865,0.97873,1.50,1.13
2011.06.29 06:52:19.514,0.97852,0.97863,1.50,1.31
2011.06.29 06:52:19.633,0.97847,0.97862,1.50,1.13
2011.06.29 06:52:19.753,0.97847,0.97863,1.50,1.35
2011.06.29 06:52:19.871,0.97847,0.97863,1.50,1.37
2011.06.29 06:52:20.311,0.9785,0.97868,1.50,3.77
2011.06.29 06:52:20.694,0.9785,0.97863,1.50,3.77
2011.06.29 06:52:21.255,0.9785,0.97863,1.50,2.27
2011.06.29 06:52:21.809,0.9785,0.97863,1.50,1.52
2011.06.29 06:52:22.150,0.97849,0.97861,1.50,1.52
2011.06.29 06:52:22.263,0.97844,0.97857,1.29,1.73
2011.06.29 06:52:22.370,0.97844,0.97856,1.29,2.10
2011.06.29 06:52:22.919,0.97843,0.97853,1.07,1.37
2011.06.29 06:52:23.479,0.97844,0.97857,1.07,1.75
2011.06.29 06:52:23.920,0.97844,0.97857,1.07,2.83
2011.06.29 06:52:24.471,0.97844,0.97857,1.07,2.83
2011.06.29 06:52:25.290,0.97844,0.97857,1.07,2.45
2011.06.29 06:52:25.401,0.97844,0.97857,1.82,1.10
2011.06.29 06:52:25.841,0.97846,0.97862,1.50,2.12
2011.06.29 06:52:25.952,0.97846,0.97862,1.50,1.37
2011.06.29 06:52:26.283,0.9785,0.97863,1.50,2.12
2011.06.29 06:52:27.110,0.9785,0.97863,1.50,2.12
2011.06.29 06:52:27.661,0.9785,0.97863,1.50,1.37
2011.06.29 06:52:30.020,0.97849,0.97863,2.25,1.37
2011.06.29 06:52:30.569,0.97849,0.97863,2.25,1.37
2011.06.29 06:52:31.889,0.97851,0.97863,1.50,1.37
2011.06.29 06:52:32.550,0.97851,0.97863,1.50,1.37
2011.06.29 06:52:35.212,0.97851,0.97863,1.50,1.37
2011.06.29 06:52:35.759,0.97851,0.97863,1.50,2.12
2011.06.29 06:52:37.161,0.97851,0.97865,1.50,1.52
2011.06.29 06:52:37.272,0.97852,0.97867,1.50,1.52
2011.06.29 06:52:37.603,0.97856,0.97868,1.50,1.37
2011.06.29 06:52:37.831,0.97856,0.97872,2.25,2.50
2011.06.29 06:52:38.050,0.97858,0.97872,1.50,1.75
2011.06.29 06:52:39.995,0.9786,0.97874,3.00,1.68
2011.06.29 06:52:40.113,0.9786,0.97874,2.25,1.66
2011.06.29 06:52:40.669,0.9786,0.97874,3.00,1.66
2011.06.29 06:52:41.219,0.9786,0.97874,3.00,1.66
2011.06.29 06:52:41.991,0.9786,0.97874,2.25,1.66
2011.06.29 06:52:42.431,0.9786,0.97868,2.25,1.73
2011.06.29 06:52:42.651,0.97852,0.97864,2.25,1.35
2011.06.29 06:52:43.201,0.97852,0.97866,1.50,2.50
2011.06.29 06:52:46.131,0.97851,0.97863,1.50,2.10
2011.06.29 06:52:46.462,0.97846,0.97856,1.50,2.10
2011.06.29 06:52:46.571,0.97843,0.97857,3.00,3.00
2011.06.29 06:52:46.681,0.97842,0.97856,3.00,1.50
2011.06.29 06:52:46.790,0.97843,0.97856,1.50,1.50
2011.06.29 06:52:47.883,0.97844,0.97857,1.50,2.65
2011.06.29 06:52:48.441,0.97844,0.97858,2.25,1.90
2011.06.29 06:52:48.772,0.97844,0.97857,1.50,1.15
2011.06.29 06:52:48.881,0.97843,0.97855,3.00,1.13
2011.06.29 06:52:49.429,0.97844,0.97855,1.50,1.73
2011.06.29 06:52:53.007,0.97844,0.97857,1.50,1.90
2011.06.29 06:52:55.530,0.97847,0.97859,1.50,2.12
2011.06.29 06:52:55.860,0.97847,0.9786,1.50,2.12
2011.06.29 06:53:00.501,0.97847,0.97861,1.50,1.35
2011.06.29 06:53:02.120,0.97846,0.97862,2.25,1.75
2011.06.29 06:53:02.230,0.97846,0.97857,1.50,1.50
2011.06.29 06:53:02.561,0.97845,0.97852,1.50,6.75
2011.06.29 06:53:02.781,0.97833,0.97849,1.50,3.62
2011.06.29 06:53:04.961,0.97834,0.97849,1.50,3.62
2011.06.29 06:53:05.729,0.97834,0.97849,1.50,3.62
2011.06.29 06:53:06.391,0.97835,0.97849,1.50,2.87
2011.06.29 06:53:06.610,0.97834,0.97849,1.50,2.87
2011.06.29 06:53:06.830,0.97834,0.97849,1.50,2.85
2011.06.29 06:53:08.503,0.97839,0.97849,1.50,2.25
2011.06.29 06:53:08.623,0.97841,0.97856,1.50,1.52
2011.06.29 06:53:09.182,0.97837,0.97855,1.50,4.00
2011.06.29 06:53:12.143,0.97836,0.9785,1.50,1.35
2011.06.29 06:53:14.501,0.97835,0.9785,2.25,1.35
2011.06.29 06:53:14.720,0.97837,0.97852,1.50,1.37
2011.06.29 06:53:15.261,0.97837,0.97853,1.50,2.12
2011.06.29 06:53:15.381,0.97837,0.97854,1.50,4.00
2011.06.29 06:53:16.430,0.97837,0.97852,1.50,2.50
2011.06.29 06:53:16.650,0.97837,0.97852,1.50,2.50
2011.06.29 06:53:18.400,0.97839,0.97852,1.50,2.12
2011.06.29 06:53:18.840,0.97839,0.97855,1.50,1.15
2011.06.29 06:53:21.459,0.97839,0.97854,1.50,1.52
2011.06.29 06:53:21.791,0.97844,0.97859,1.50,2.87
2011.06.29 06:53:21.900,0.97844,0.97859,1.50,2.87
2011.06.29 06:53:22.120,0.97844,0.97859,2.25,1.37
2011.06.29 06:53:24.731,0.97847,0.97861,1.50,1.90
2011.06.29 06:53:27.061,0.97849,0.97862,1.50,1.08
2011.06.29 06:53:27.502,0.97849,0.97863,1.50,1.08
2011.06.29 06:53:28.052,0.97849,0.97863,1.50,1.08
2011.06.29 06:53:28.270,0.97849,0.97864,1.50,2.20
2011.06.29 06:53:29.090,0.9785,0.97863,1.50,2.05
2011.06.29 06:53:29.422,0.97847,0.97862,1.50,2.87
2011.06.29 06:53:30.042,0.97847,0.97862,1.50,3.55
2011.06.29 06:53:45.213,0.97848,0.97862,2.25,1.37
2011.06.29 06:53:45.544,0.97854,0.97865,1.50,2.65
2011.06.29 06:53:45.667,0.97854,0.97865,1.50,2.27
2011.06.29 06:53:46.111,0.97855,0.97869,1.50,1.37
2011.06.29 06:53:46.661,0.97851,0.97867,1.50,2.45
2011.06.29 06:53:46.772,0.97851,0.97867,1.50,2.45
2011.06.29 06:53:47.323,0.97851,0.97867,1.50,1.37
2011.06.29 06:53:47.765,0.97851,0.97867,1.50,1.37
2011.06.29 06:53:49.752,0.97851,0.97868,1.50,2.50
2011.06.29 06:53:49.971,0.97851,0.97868,1.50,1.37
2011.06.29 06:53:50.412,0.97855,0.97869,1.50,2.27
2011.06.29 06:53:50.523,0.9786,0.97872,1.50,2.27
2011.06.29 06:53:50.741,0.97857,0.97871,1.50,1.52
2011.06.29 06:53:50.852,0.97854,0.97871,3.00,2.25
2011.06.29 06:53:51.072,0.97855,0.97869,1.50,1.85
2011.06.29 06:53:51.515,0.97851,0.97864,1.50,1.50
2011.06.29 06:53:51.632,0.97851,0.97864,1.50,1.50
2011.06.29 06:53:52.185,0.97851,0.97865,1.50,2.27
2011.06.29 06:53:53.152,0.97851,0.97867,1.50,2.65
2011.06.29 06:53:53.922,0.97853,0.97867,1.13,1.52
2011.06.29 06:53:54.033,0.97859,0.97867,1.50,1.52
2011.06.29 06:53:54.261,0.97856,0.9787,1.50,2.12
2011.06.29 06:53:54.372,0.97854,0.97869,2.25,1.52
2011.06.29 06:53:54.485,0.97857,0.97871,1.50,2.27
2011.06.29 06:53:54.822,0.97855,0.9787,1.50,2.87
2011.06.29 06:53:55.590,0.97856,0.97869,1.50,2.12
2011.06.29 06:53:56.405,0.97852,0.97868,1.50,2.65
2011.06.29 06:53:56.528,0.97851,0.97866,1.50,1.37
2011.06.29 06:54:02.722,0.97851,0.97865,1.50,1.37
2011.06.29 06:54:09.993,0.97849,0.97864,1.50,1.35
2011.06.29 06:54:12.742,0.97849,0.97865,1.50,2.87
2011.06.29 06:54:13.218,0.97848,0.97863,2.25,1.10
2011.06.29 06:54:13.771,0.97848,0.97864,2.25,1.52
2011.06.29 06:54:14.991,0.97848,0.97865,2.25,2.12
2011.06.29 06:54:15.323,0.97848,0.97866,2.25,1.37
2011.06.29 06:54:19.670,0.97848,0.97864,2.25,1.50
2011.06.29 06:54:20.219,0.97848,0.97865,2.25,2.12
2011.06.29 06:54:24.273,0.97852,0.97871,2.10,1.52
2011.06.29 06:54:24.601,0.97854,0.97872,1.50,1.37
2011.06.29 06:54:27.100,0.97854,0.97872,1.50,1.68
2011.06.29 06:54:29.031,0.97852,0.9787,1.50,1.85
2011.06.29 06:54:29.142,0.97851,0.97868,2.85,1.50
2011.06.29 06:54:29.584,0.97851,0.97867,1.35,1.52
2011.06.29 06:54:35.171,0.97855,0.97868,1.50,1.52
2011.06.29 06:54:37.750,0.97855,0.9787,1.50,3.02
2011.06.29 06:54:43.682,0.97855,0.9787,1.50,3.02
2011.06.29 06:54:46.031,0.97855,0.97871,1.50,2.87
2011.06.29 06:54:46.594,0.97856,0.97872,1.50,1.68
2011.06.29 06:54:47.263,0.97856,0.97873,1.50,4.30
2011.06.29 06:54:47.913,0.97855,0.97873,2.25,4.30
2011.06.29 06:54:48.762,0.97856,0.97873,1.50,4.30
2011.06.29 06:54:53.681,0.97855,0.97873,2.25,4.30
2011.06.29 06:54:54.456,0.97855,0.97871,2.25,2.85
2011.06.29 06:54:55.010,0.97855,0.97871,2.25,3.62
2011.06.29 06:55:00.122,0.97856,0.9787,1.50,2.27
2011.06.29 06:55:06.481,0.97856,0.9787,1.50,1.52
2011.06.29 06:55:08.223,0.97856,0.97869,1.50,1.52
2011.06.29 06:55:08.782,0.97856,0.97868,1.50,1.52
2011.06.29 06:55:12.601,0.97856,0.9787,1.50,2.27
2011.06.29 06:55:13.150,0.97856,0.9787,1.50,3.02
2011.06.29 06:55:21.531,0.97856,0.97869,1.50,1.10
2011.06.29 06:55:22.081,0.97856,0.9787,1.50,2.60
2011.06.29 06:55:22.824,0.97855,0.9787,1.50,3.02
2011.06.29 06:55:24.031,0.97855,0.97869,1.50,1.52
2011.06.29 06:55:24.580,0.97855,0.97869,1.50,1.52
2011.06.29 06:55:25.613,0.97855,0.9787,1.50,4.10
2011.06.29 06:55:26.927,0.97855,0.9787,1.50,3.02
2011.06.29 06:55:27.591,0.97855,0.97869,1.50,1.52
2011.06.29 06:55:28.139,0.97855,0.9787,1.50,3.35
2011.06.29 06:55:32.189,0.97855,0.9787,1.50,4.10
2011.06.29 06:55:32.740,0.97855,0.9787,1.50,4.52
2011.06.29 06:55:33.520,0.97855,0.9787,1.50,4.85
2011.06.29 06:55:34.360,0.97855,0.97869,1.50,1.52
2011.06.29 06:55:34.910,0.97854,0.9787,1.50,4.10
2011.06.29 06:55:35.460,0.97854,0.9787,1.50,4.10
2011.06.29 06:55:36.629,0.97854,0.9787,1.50,4.10
2011.06.29 06:55:37.182,0.97854,0.97867,1.50,1.88
2011.06.29 06:55:37.667,0.97852,0.97863,1.50,1.50
2011.06.29 06:55:38.221,0.9785,0.97865,2.25,3.00
2011.06.29 06:55:38.961,0.9785,0.97865,2.25,3.34
2011.06.29 06:55:39.514,0.9785,0.97865,2.25,3.34
2011.06.29 06:55:40.400,0.9785,0.97865,1.50,2.59
2011.06.29 06:55:40.952,0.97849,0.97865,3.00,3.00
2011.06.29 06:55:41.612,0.97849,0.97865,3.00,3.34
2011.06.29 06:55:42.272,0.97849,0.97865,3.00,1.50
2011.06.29 06:55:42.821,0.97849,0.97865,3.00,2.27
2011.06.29 06:55:43.372,0.97849,0.97864,3.00,1.50
2011.06.29 06:55:43.923,0.97849,0.97865,3.00,1.52
2011.06.29 06:55:44.360,0.97849,0.97865,3.00,3.62
2011.06.29 06:55:45.462,0.97849,0.97862,3.00,1.35
2011.06.29 06:55:46.121,0.9785,0.97863,2.25,2.12
2011.06.29 06:55:46.671,0.9785,0.97862,2.25,1.35
2011.06.29 06:55:47.811,0.9785,0.97862,2.25,2.48
2011.06.29 06:55:48.361,0.97849,0.97861,1.50,1.37
2011.06.29 06:55:52.710,0.97848,0.97862,1.50,1.75
2011.06.29 06:55:55.263,0.97848,0.97861,1.50,2.10
2011.06.29 06:55:55.772,0.97848,0.97862,1.50,3.25
2011.06.29 06:55:56.320,0.97848,0.97861,1.50,1.35
2011.06.29 06:55:56.764,0.97845,0.9786,1.50,2.25
2011.06.29 06:55:57.763,0.97845,0.97859,1.50,2.10
2011.06.29 06:55:58.566,0.97847,0.9786,1.50,1.37
2011.06.29 06:56:01.851,0.97847,0.97859,1.50,1.37
2011.06.29 06:56:04.593,0.97847,0.9786,2.25,1.37
2011.06.29 06:56:04.712,0.97847,0.97852,1.50,2.10
2011.06.29 06:56:04.823,0.97841,0.97851,1.50,1.35
2011.06.29 06:56:04.934,0.9784,0.97851,1.50,1.35
2011.06.29 06:56:07.141,0.97838,0.97851,2.25,1.35
2011.06.29 06:56:07.582,0.97845,0.97856,1.50,1.37
2011.06.29 06:56:07.693,0.97845,0.97856,1.50,1.37
2011.06.29 06:56:07.911,0.97845,0.97857,1.50,1.37
2011.06.29 06:56:09.941,0.97845,0.97857,1.50,1.37
2011.06.29 06:56:10.932,0.97845,0.97856,1.50,2.12
