2011.06.22 01:00:01.763,0.97238,0.97258,2.85,1.50
2011.06.22 01:00:01.873,0.97238,0.97258,2.85,1.13
2011.06.22 01:00:15.181,0.97238,0.97258,3.68,1.13
2011.06.22 01:00:33.071,0.97239,0.9726,1.58,2.48
2011.06.22 01:00:39.633,0.97241,0.97259,1.58,3.08
2011.06.22 01:00:40.413,0.97238,0.97258,1.58,1.50
2011.06.22 01:00:40.962,0.97238,0.97258,1.58,1.13
2011.06.22 01:00:41.660,0.97238,0.97258,1.58,2.25
2011.06.22 01:00:48.462,0.97237,0.9726,3.08,1.35
2011.06.22 01:00:48.793,0.97244,0.97266,1.50,2.25
2011.06.22 01:00:49.231,0.97245,0.97266,2.25,1.50
2011.06.22 01:00:50.886,0.97246,0.97266,1.50,1.50
2011.06.22 01:00:52.813,0.97247,0.97268,1.50,3.16
2011.06.22 01:00:53.251,0.97249,0.9727,1.50,3.76
2011.06.22 01:00:53.800,0.97249,0.9727,1.50,3.76
2011.06.22 01:00:54.551,0.97249,0.97268,1.50,1.29
2011.06.22 01:00:55.102,0.97247,0.97266,1.50,2.56
2011.06.22 01:00:56.474,0.97247,0.97266,1.50,1.81
2011.06.22 01:00:57.021,0.97247,0.97267,1.50,1.29
2011.06.22 01:00:57.792,0.97247,0.97269,2.25,1.58
2011.06.22 01:00:57.902,0.97249,0.9727,2.63,1.35
2011.06.22 01:00:58.012,0.97251,0.97272,1.35,1.50
2011.06.22 01:00:58.757,0.97256,0.97276,1.13,1.35
2011.06.22 01:00:59.312,0.9726,0.97278,1.50,1.58
2011.06.22 01:00:59.643,0.9726,0.97279,1.50,1.50
2011.06.22 01:01:00.193,0.9726,0.97277,1.50,2.10
2011.06.22 01:01:05.014,0.9726,0.97277,1.50,2.48
2011.06.22 01:01:05.572,0.9726,0.97277,1.50,2.48
2011.06.22 01:01:08.892,0.9726,0.97277,1.50,2.48
2011.06.22 01:01:09.662,0.9726,0.97277,1.50,2.48
2011.06.22 01:01:10.634,0.97258,0.97277,1.50,2.48
2011.06.22 01:01:11.501,0.97258,0.97275,1.50,1.50
2011.06.22 01:01:11.832,0.97255,0.97275,2.25,1.50
2011.06.22 01:01:11.942,0.97255,0.97275,1.50,1.50
2011.06.22 01:01:12.052,0.97254,0.97275,1.50,1.50
2011.06.22 01:01:14.880,0.97253,0.97275,2.85,2.25
2011.06.22 01:01:15.211,0.97253,0.97275,2.85,2.25
2011.06.22 01:01:15.430,0.97253,0.97275,2.85,2.25
2011.06.22 01:01:15.870,0.97253,0.97275,2.85,2.25
2011.06.22 01:01:16.090,0.97253,0.97275,2.85,2.25
2011.06.22 01:01:16.641,0.97253,0.97275,2.10,2.25
2011.06.22 01:01:17.641,0.97253,0.97275,2.85,3.00
2011.06.22 01:01:20.471,0.97254,0.97275,1.50,2.25
2011.06.22 01:01:25.431,0.97253,0.97273,2.10,1.50
2011.06.22 01:01:26.313,0.97252,0.9727,1.35,1.58
2011.06.22 01:01:26.531,0.97249,0.97269,1.50,1.58
2011.06.22 01:01:26.862,0.9725,0.9727,1.50,1.95
2011.06.22 01:01:32.934,0.97251,0.97272,1.35,2.25
2011.06.22 01:01:33.593,0.97251,0.97273,2.48,1.50
2011.06.22 01:01:40.182,0.97253,0.97274,2.25,2.25
2011.06.22 01:02:40.160,0.97252,0.97274,1.50,1.50
2011.06.22 01:02:40.709,0.97252,0.97275,1.50,2.41
2011.06.22 01:02:46.934,0.97252,0.97275,1.50,1.66
2011.06.22 01:02:48.070,0.97254,0.97275,1.50,2.41
2011.06.22 01:02:50.293,0.97253,0.97273,1.50,1.50
2011.06.22 01:02:50.733,0.97252,0.9727,1.50,1.20
2011.06.22 01:02:51.064,0.97247,0.97265,2.25,1.50
2011.06.22 01:02:51.391,0.97243,0.97262,2.18,2.25
2011.06.22 01:03:22.564,0.97245,0.97264,1.50,2.25
2011.06.22 01:03:22.893,0.9725,0.97268,1.35,1.50
2011.06.22 01:03:23.114,0.9725,0.97272,2.10,1.50
2011.06.22 01:03:23.663,0.97254,0.97274,1.35,1.50
2011.06.22 01:03:26.812,0.97254,0.97274,2.10,1.50
2011.06.22 01:03:27.143,0.97251,0.97271,1.50,1.13
2011.06.22 01:03:27.715,0.97251,0.97272,1.50,2.85
2011.06.22 01:04:26.878,0.97248,0.97273,2.63,3.38
2011.06.22 01:04:30.623,0.97249,0.97273,1.50,3.00
2011.06.22 01:04:30.954,0.97252,0.97273,1.50,2.25
2011.06.22 01:04:31.284,0.97259,0.97278,1.50,1.50
2011.06.22 01:04:31.503,0.97259,0.9728,1.50,2.25
2011.06.22 01:04:36.342,0.97261,0.97279,1.50,1.35
2011.06.22 01:04:36.674,0.9726,0.97279,1.50,2.10
2011.06.22 01:04:36.781,0.9726,0.97279,1.50,2.10
2011.06.22 01:04:37.552,0.9726,0.97279,1.50,1.35
2011.06.22 01:04:37.883,0.97256,0.97274,1.50,3.00
2011.06.22 01:04:37.994,0.97254,0.97273,2.25,1.50
2011.06.22 01:04:38.431,0.97254,0.97273,1.50,1.50
2011.06.22 01:04:39.642,0.97254,0.97274,1.50,1.88
2011.06.22 01:04:42.724,0.97256,0.97276,1.50,1.73
2011.06.22 01:04:43.052,0.9726,0.97278,1.50,2.85
2011.06.22 01:04:43.602,0.9726,0.97277,1.50,1.35
2011.06.22 01:05:23.885,0.97256,0.97274,1.88,2.10
2011.06.22 01:05:43.454,0.97252,0.97272,1.50,1.73
2011.06.22 01:06:03.046,0.97252,0.97271,1.50,2.48
2011.06.22 01:06:03.382,0.97249,0.97268,1.50,1.13
2011.06.22 01:06:03.944,0.97249,0.97268,1.50,1.13
2011.06.22 01:06:07.193,0.97249,0.97268,1.50,1.88
2011.06.22 01:06:08.622,0.97249,0.97268,1.50,1.13
2011.06.22 01:06:11.602,0.97249,0.9727,1.50,3.23
2011.06.22 01:06:11.933,0.97251,0.97271,1.50,2.48
2011.06.22 01:06:12.482,0.97252,0.97272,1.50,1.50
2011.06.22 01:06:23.362,0.97253,0.97271,1.50,1.50
2011.06.22 01:06:48.014,0.97253,0.97272,1.50,1.50
2011.06.22 01:06:48.343,0.97253,0.97272,1.50,1.50
2011.06.22 01:06:48.563,0.97253,0.97272,1.50,1.50
2011.06.22 01:06:49.113,0.97254,0.97273,1.50,1.35
2011.06.22 01:06:53.712,0.97254,0.97272,1.50,2.25
2011.06.22 01:06:54.922,0.97255,0.97273,2.25,1.35
2011.06.22 01:06:56.372,0.97256,0.97273,1.50,1.35
2011.06.22 01:06:59.413,0.97256,0.97273,1.50,1.35
2011.06.22 01:06:59.527,0.97258,0.97277,1.50,2.63
2011.06.22 01:06:59.866,0.97267,0.97282,1.35,3.00
2011.06.22 01:06:59.986,0.97267,0.97282,1.35,2.25
2011.06.22 01:07:00.106,0.97274,0.97291,1.50,2.85
2011.06.22 01:07:00.226,0.97274,0.97293,1.50,2.63
2011.06.22 01:07:03.224,0.97272,0.9729,1.50,1.50
2011.06.22 01:07:09.585,0.97272,0.9729,1.50,1.73
2011.06.22 01:07:10.109,0.97272,0.97288,1.50,2.10
2011.06.22 01:07:10.229,0.97267,0.97287,1.50,3.38
2011.06.22 01:07:10.344,0.97267,0.97287,1.50,2.10
2011.06.22 01:07:10.454,0.97267,0.97287,1.50,2.85
2011.06.22 01:07:10.764,0.97267,0.97287,1.50,2.10
2011.06.22 01:07:10.888,0.97267,0.97287,1.50,1.05
2011.06.22 01:07:11.333,0.97268,0.9729,1.50,2.48
2011.06.22 01:07:11.992,0.9727,0.97291,1.50,2.25
2011.06.22 01:07:22.712,0.9727,0.97293,1.50,2.85
2011.06.22 01:07:23.261,0.97273,0.97293,1.50,2.85
2011.06.22 01:07:23.592,0.97273,0.97293,1.50,2.85
2011.06.22 01:07:24.363,0.9727,0.97291,1.50,1.50
2011.06.22 01:07:24.583,0.97269,0.97285,1.50,1.50
2011.06.22 01:07:25.022,0.97269,0.9729,1.50,1.13
2011.06.22 01:07:25.563,0.97269,0.9729,1.50,1.13
2011.06.22 01:07:26.173,0.97269,0.97291,1.50,1.50
2011.06.22 01:07:32.951,0.97269,0.97291,1.50,2.10
2011.06.22 01:08:01.302,0.97269,0.97291,1.50,2.48
2011.06.22 01:08:03.683,0.97271,0.97292,1.88,1.50
2011.06.22 01:08:04.014,0.97274,0.97293,2.25,2.25
2011.06.22 01:08:04.341,0.97277,0.97298,1.50,2.25
2011.06.22 01:08:04.891,0.97277,0.97298,1.50,2.63
2011.06.22 01:08:09.033,0.97277,0.97298,1.50,2.63
2011.06.22 01:08:11.023,0.97277,0.97298,1.50,2.63
2011.06.22 01:08:13.006,0.97277,0.97298,1.50,1.50
2011.06.22 01:08:13.564,0.97277,0.97298,1.50,1.50
2011.06.22 01:08:13.674,0.97279,0.97299,1.35,1.50
2011.06.22 01:08:14.222,0.9728,0.97298,1.50,1.50
2011.06.22 01:08:15.382,0.9728,0.97298,1.50,1.50
2011.06.22 01:08:15.714,0.97278,0.97295,1.50,1.50
2011.06.22 01:08:16.042,0.97275,0.97293,1.50,3.23
2011.06.22 01:08:22.852,0.97277,0.97293,1.50,2.10
2011.06.22 01:08:24.362,0.97277,0.97293,1.50,2.85
2011.06.22 01:08:24.583,0.97274,0.97289,1.50,1.50
2011.06.22 01:08:24.801,0.97271,0.97289,1.50,2.25
2011.06.22 01:08:24.912,0.9727,0.97289,1.50,1.50
2011.06.22 01:08:25.571,0.9727,0.97289,1.50,1.50
2011.06.22 01:08:26.516,0.9727,0.97287,1.50,1.35
2011.06.22 01:08:27.004,0.97265,0.97285,1.50,1.50
2011.06.22 01:08:27.116,0.97263,0.97285,2.10,2.25
2011.06.22 01:08:27.234,0.97264,0.97285,1.50,2.25
2011.06.22 01:08:27.344,0.97268,0.97285,1.35,1.50
2011.06.22 01:08:27.893,0.97268,0.97286,2.10,1.50
2011.06.22 01:08:28.005,0.97269,0.97287,1.50,1.50
2011.06.22 01:08:28.114,0.97269,0.9729,3.00,1.50
2011.06.22 01:08:29.703,0.97269,0.97289,2.25,1.50
2011.06.22 01:08:34.522,0.97269,0.9729,1.50,1.50
2011.06.22 01:08:34.743,0.97269,0.9729,2.25,2.25
2011.06.22 01:08:39.952,0.97269,0.97288,1.50,1.50
2011.06.22 01:08:48.314,0.97268,0.97285,2.10,1.13
2011.06.22 01:08:48.424,0.97266,0.97283,1.13,1.35
2011.06.22 01:08:48.645,0.97261,0.97282,1.50,1.50
2011.06.22 01:08:49.191,0.9726,0.97282,2.25,1.50
2011.06.22 01:08:53.393,0.97267,0.97282,1.35,1.50
2011.06.22 01:08:53.502,0.97267,0.97282,1.35,1.50
2011.06.22 01:08:54.052,0.97268,0.9729,1.35,1.50
2011.06.22 01:09:05.593,0.97269,0.97286,1.50,1.35
2011.06.22 01:09:06.361,0.9727,0.97288,1.35,1.50
2011.06.22 01:09:22.923,0.9727,0.97292,2.10,1.50
2011.06.22 01:09:23.252,0.97273,0.97294,1.35,3.38
2011.06.22 01:09:23.691,0.97274,0.97294,1.35,3.38
2011.06.22 01:09:24.248,0.97271,0.97289,1.50,1.50
2011.06.22 01:09:24.362,0.9727,0.97289,1.50,1.50
2011.06.22 01:09:26.123,0.97271,0.9729,1.35,1.50
2011.06.22 01:09:26.562,0.97272,0.97289,1.35,1.50
2011.06.22 01:09:26.673,0.97269,0.97289,2.25,1.50
2011.06.22 01:09:27.321,0.97269,0.97289,1.50,1.50
2011.06.22 01:09:42.053,0.97265,0.97285,2.25,1.50
2011.06.22 01:10:03.572,0.97266,0.97285,2.10,1.50
2011.06.22 01:10:09.602,0.97266,0.97285,1.50,1.50
2011.06.22 01:10:12.984,0.97265,0.97285,2.63,1.50
2011.06.22 01:10:14.758,0.97266,0.97285,1.50,1.50
2011.06.22 01:10:15.315,0.97265,0.97285,3.38,1.50
2011.06.22 01:10:23.494,0.97265,0.97285,1.50,1.50
2011.06.22 01:10:24.154,0.97265,0.97285,2.25,1.50
2011.06.22 01:10:24.705,0.97269,0.97285,1.50,1.50
2011.06.22 01:10:25.253,0.97267,0.97286,1.35,2.63
2011.06.22 01:10:28.774,0.9727,0.97286,1.13,1.50
2011.06.22 01:10:29.512,0.97269,0.97286,1.88,1.50
2011.06.22 01:10:30.064,0.97269,0.97286,1.50,1.50
2011.06.22 01:10:32.674,0.97269,0.97287,1.50,3.38
2011.06.22 01:10:33.245,0.97269,0.97287,1.88,3.38
2011.06.22 01:10:33.853,0.97269,0.97287,1.50,3.38
2011.06.22 01:10:35.204,0.97269,0.97287,1.50,3.38
2011.06.22 01:10:35.747,0.97269,0.97287,1.88,3.38
2011.06.22 01:10:55.714,0.97269,0.97287,1.50,3.38
2011.06.22 01:10:56.374,0.97269,0.97287,1.50,3.38
2011.06.22 01:10:56.704,0.9727,0.97287,1.88,3.38
2011.06.22 01:10:56.818,0.9727,0.97287,1.58,1.50
2011.06.22 01:10:57.048,0.97275,0.97293,2.55,2.25
2011.06.22 01:10:57.167,0.97277,0.97293,1.50,1.50
2011.06.22 01:10:57.276,0.97278,0.97297,1.50,1.50
2011.06.22 01:10:57.386,0.9728,0.97299,1.50,1.50
2011.06.22 01:10:57.826,0.97281,0.97302,2.25,1.50
2011.06.22 01:10:58.044,0.97281,0.97302,1.50,1.35
2011.06.22 01:10:58.525,0.97281,0.97302,1.50,2.10
2011.06.22 01:10:58.746,0.97278,0.97294,1.50,2.10
2011.06.22 01:10:58.855,0.97277,0.97293,1.50,1.50
2011.06.22 01:10:59.472,0.97274,0.97292,1.50,1.50
2011.06.22 01:11:38.024,0.97274,0.97293,1.50,1.50
2011.06.22 01:11:53.734,0.97274,0.97293,1.50,1.50
2011.06.22 01:12:09.526,0.97274,0.97292,2.25,1.50
2011.06.22 01:12:21.154,0.97276,0.97293,1.50,1.50
2011.06.22 01:12:25.894,0.97276,0.97294,1.50,1.50
2011.06.22 01:12:26.114,0.97277,0.97297,1.50,1.55
2011.06.22 01:12:26.664,0.97277,0.97296,1.50,1.55
2011.06.22 01:12:27.765,0.97278,0.97297,1.50,2.30
2011.06.22 01:12:27.875,0.9728,0.97297,2.10,2.30
2011.06.22 01:12:28.205,0.97286,0.97303,1.50,1.50
2011.06.22 01:12:28.316,0.97287,0.97307,1.50,1.50
2011.06.22 01:12:29.675,0.97288,0.97309,2.25,1.50
2011.06.22 01:12:29.785,0.97288,0.97309,2.25,1.50
2011.06.22 01:12:30.335,0.97289,0.97309,1.50,1.50
2011.06.22 01:12:33.566,0.97288,0.97306,1.50,1.50
2011.06.22 01:12:33.895,0.97284,0.97303,3.00,1.50
2011.06.22 01:12:34.693,0.97285,0.97303,1.50,1.50
2011.06.22 01:12:38.595,0.97285,0.97303,1.50,1.50
2011.06.22 01:12:38.924,0.97288,0.97303,1.13,1.50
2011.06.22 01:12:39.145,0.97295,0.97313,1.50,1.06
2011.06.22 01:12:40.239,0.97295,0.97313,3.00,1.50
2011.06.22 01:12:40.796,0.97296,0.97313,1.50,1.50
2011.06.22 01:12:41.345,0.97297,0.97314,1.50,1.50
2011.06.22 01:12:41.455,0.97297,0.97314,2.10,1.50
2011.06.22 01:12:41.674,0.973,0.97318,1.50,1.50
2011.06.22 01:12:42.225,0.973,0.97319,2.25,1.50
2011.06.22 01:12:45.784,0.97299,0.97319,1.50,2.25
2011.06.22 01:12:46.005,0.97297,0.97317,3.00,2.63
2011.06.22 01:12:47.427,0.97297,0.97313,1.50,1.50
2011.06.22 01:12:47.647,0.97297,0.97309,1.50,1.35
2011.06.22 01:12:47.868,0.9729,0.97306,1.50,1.50
2011.06.22 01:12:47.985,0.97288,0.97306,1.50,1.50
2011.06.22 01:12:48.095,0.97287,0.97305,2.25,1.13
2011.06.22 01:12:49.896,0.97287,0.97307,2.25,1.13
2011.06.22 01:12:50.116,0.97287,0.97308,2.25,2.25
2011.06.22 01:12:50.225,0.97287,0.97308,2.25,2.25
2011.06.22 01:12:50.774,0.9729,0.97308,1.50,1.50
2011.06.22 01:12:51.874,0.9729,0.97308,1.50,1.50
2011.06.22 01:12:55.134,0.97289,0.97308,2.10,1.50
2011.06.22 01:13:04.979,0.97289,0.97308,1.50,1.88
2011.06.22 01:13:27.864,0.9729,0.97309,2.10,1.88
2011.06.22 01:13:34.185,0.9729,0.97309,1.35,1.88
2011.06.22 01:13:39.995,0.9729,0.97309,1.35,1.13
2011.06.22 01:13:40.641,0.9729,0.97309,2.10,1.88
2011.06.22 01:13:42.964,0.9729,0.97309,1.35,1.88
2011.06.22 01:13:46.715,0.97291,0.97309,1.50,1.50
2011.06.22 01:13:46.825,0.97291,0.97309,1.50,1.50
2011.06.22 01:13:48.494,0.97292,0.97311,1.50,1.50
2011.06.22 01:13:49.386,0.97292,0.97311,1.50,1.50
2011.06.22 01:13:53.073,0.97292,0.9731,1.50,1.50
2011.06.22 01:13:58.321,0.97292,0.9731,1.50,1.50
2011.06.22 01:14:00.408,0.97287,0.97307,1.50,2.63
2011.06.22 01:14:04.315,0.97287,0.97306,1.50,2.63
2011.06.22 01:14:14.845,0.97287,0.97297,3.00,1.13
2011.06.22 01:14:15.066,0.97285,0.97304,1.50,1.50
2011.06.22 01:14:15.174,0.97285,0.97304,1.50,1.50
2011.06.22 01:14:15.395,0.97288,0.97305,1.35,1.13
2011.06.22 01:14:16.016,0.97293,0.97309,1.50,1.50
2011.06.22 01:14:16.233,0.97293,0.97311,1.50,1.88
2011.06.22 01:14:17.457,0.97295,0.97312,1.50,1.13
2011.06.22 01:14:17.784,0.97296,0.97313,1.50,1.13
2011.06.22 01:14:20.815,0.97298,0.97314,1.50,1.50
2011.06.22 01:14:21.034,0.97299,0.97318,1.50,1.88
2011.06.22 01:14:21.145,0.97298,0.97316,2.25,1.50
2011.06.22 01:14:21.364,0.97298,0.97316,1.50,1.13
2011.06.22 01:14:21.915,0.973,0.97323,1.50,3.60
2011.06.22 01:14:22.025,0.973,0.97318,1.50,1.50
2011.06.22 01:14:22.135,0.97299,0.97315,1.50,1.50
2011.06.22 01:14:22.574,0.97295,0.97314,1.50,1.88
2011.06.22 01:14:32.656,0.97295,0.97312,1.50,1.13
2011.06.22 01:14:32.987,0.97291,0.97308,1.50,1.50
2011.06.22 01:14:33.205,0.97293,0.97311,2.10,1.13
2011.06.22 01:14:33.315,0.97293,0.97313,2.85,2.25
2011.06.22 01:14:33.535,0.97293,0.97313,2.10,1.50
2011.06.22 01:14:36.896,0.97292,0.97309,1.50,1.35
2011.06.22 01:14:37.225,0.9729,0.97307,1.50,2.25
2011.06.22 01:14:37.774,0.97289,0.97307,1.50,2.63
2011.06.22 01:14:39.034,0.97289,0.97307,1.50,2.63
2011.06.22 01:14:39.667,0.97289,0.97307,1.50,1.88
2011.06.22 01:14:41.114,0.97289,0.97307,1.50,2.63
2011.06.22 01:14:41.664,0.97289,0.97306,1.50,1.13
2011.06.22 01:14:42.214,0.97287,0.97306,3.00,2.25
2011.06.22 01:14:43.866,0.9729,0.97308,2.85,1.88
2011.06.22 01:14:43.975,0.97292,0.97311,1.73,1.50
2011.06.22 01:14:44.087,0.97296,0.97312,1.50,1.13
2011.06.22 01:14:57.945,0.97296,0.97317,1.50,2.18
2011.06.22 01:14:58.056,0.97298,0.97317,1.50,1.35
2011.06.22 01:14:58.604,0.97298,0.97317,1.50,1.35
2011.06.22 01:14:59.375,0.97298,0.97316,1.50,1.50
2011.06.22 01:14:59.595,0.97296,0.97313,2.25,1.50
2011.06.22 01:15:00.144,0.97296,0.97313,1.50,1.50
2011.06.22 01:15:04.780,0.97296,0.97313,1.50,1.50
2011.06.22 01:15:05.334,0.97294,0.97311,1.50,1.88
2011.06.22 01:15:15.995,0.97296,0.97313,1.50,1.13
2011.06.22 01:15:16.104,0.97296,0.97313,1.50,1.13
2011.06.22 01:15:26.695,0.97295,0.97313,1.50,1.50
2011.06.22 01:15:27.024,0.97294,0.97313,1.50,1.88
2011.06.22 01:15:27.134,0.97294,0.97313,1.50,1.88
2011.06.22 01:15:30.267,0.97294,0.97313,1.50,1.13
2011.06.22 01:15:32.530,0.97295,0.97313,1.50,1.13
2011.06.22 01:15:32.755,0.9729,0.97307,1.35,2.25
2011.06.22 01:15:32.864,0.9729,0.97307,1.35,2.25
2011.06.22 01:15:33.193,0.97288,0.97306,2.25,2.25
2011.06.22 01:15:34.095,0.97288,0.97307,1.50,2.25
2011.06.22 01:15:44.263,0.97287,0.97304,1.50,1.50
2011.06.22 01:15:47.115,0.97285,0.97302,1.50,1.35
2011.06.22 01:15:47.226,0.97283,0.97299,1.50,1.50
2011.06.22 01:15:47.336,0.97282,0.97299,1.88,1.50
2011.06.22 01:15:47.944,0.97281,0.97299,1.50,1.50
2011.06.22 01:15:51.438,0.97283,0.97301,2.85,1.88
2011.06.22 01:15:51.558,0.97283,0.97303,2.85,1.50
2011.06.22 01:15:51.675,0.97283,0.97302,1.50,1.50
2011.06.22 01:15:54.006,0.97283,0.973,1.50,1.13
2011.06.22 01:15:54.115,0.97283,0.973,1.50,1.13
2011.06.22 01:15:54.664,0.97281,0.973,1.50,1.88
2011.06.22 01:15:56.996,0.97281,0.97299,1.50,1.80
2011.06.22 01:15:57.325,0.97278,0.97296,2.25,1.13
2011.06.22 01:15:57.437,0.97277,0.97296,1.50,1.13
2011.06.22 01:15:57.986,0.97276,0.97296,2.25,1.50
2011.06.22 01:15:58.536,0.97276,0.97294,1.50,1.50
2011.06.22 01:15:59.658,0.97276,0.97294,1.50,2.63
2011.06.22 01:16:00.265,0.97271,0.97293,2.85,1.50
2011.06.22 01:16:00.818,0.97271,0.97289,2.85,1.50
2011.06.22 01:16:03.905,0.9727,0.97289,2.10,1.13
2011.06.22 01:16:04.018,0.9727,0.97291,3.23,1.50
2011.06.22 01:16:10.285,0.97274,0.97293,1.50,1.50
2011.06.22 01:16:10.618,0.97271,0.97293,2.25,2.25
2011.06.22 01:16:11.175,0.97271,0.97289,1.50,1.50
2011.06.22 01:16:15.775,0.9727,0.9729,1.50,1.88
2011.06.22 01:16:16.263,0.97273,0.97292,1.50,1.50
2011.06.22 01:16:21.544,0.97273,0.97292,1.50,1.50
2011.06.22 01:16:21.764,0.97272,0.97292,2.10,1.50
2011.06.22 01:16:22.317,0.97272,0.97289,2.10,1.13
2011.06.22 01:16:25.966,0.97272,0.97292,1.35,2.25
2011.06.22 01:16:26.295,0.97273,0.97292,2.10,1.50
2011.06.22 01:16:28.615,0.97275,0.97292,1.50,1.50
2011.06.22 01:16:28.944,0.97275,0.97293,1.50,1.13
2011.06.22 01:16:29.809,0.97273,0.97292,2.18,1.50
2011.06.22 01:16:49.185,0.97275,0.97297,2.25,1.95
2011.06.22 01:16:49.295,0.97277,0.97297,1.50,1.20
2011.06.22 01:16:49.519,0.97277,0.97298,1.50,2.63
2011.06.22 01:16:49.636,0.97278,0.97298,1.50,1.13
2011.06.22 01:16:49.857,0.97282,0.97303,1.50,1.50
2011.06.22 01:16:49.967,0.97282,0.97305,2.18,1.50
2011.06.22 01:16:50.078,0.97285,0.97304,1.50,1.50
2011.06.22 01:16:50.197,0.97288,0.97308,1.73,1.50
2011.06.22 01:16:50.318,0.97292,0.97312,1.35,1.88
2011.06.22 01:16:50.547,0.97293,0.97312,1.50,1.88
2011.06.22 01:16:52.528,0.97292,0.97312,2.85,1.88
2011.06.22 01:16:52.760,0.97292,0.97309,1.50,1.88
2011.06.22 01:16:53.098,0.97288,0.97304,1.50,1.88
2011.06.22 01:16:53.218,0.97286,0.97302,1.50,1.88
2011.06.22 01:16:53.325,0.97285,0.97302,1.50,1.50
2011.06.22 01:16:53.545,0.97284,0.97301,1.50,1.50
2011.06.22 01:16:53.656,0.97283,0.97299,1.50,1.50
2011.06.22 01:16:53.765,0.9728,0.97299,1.13,1.50
2011.06.22 01:16:55.127,0.97279,0.97294,1.50,1.50
2011.06.22 01:16:55.345,0.97276,0.97294,1.50,1.88
2011.06.22 01:16:56.090,0.97276,0.97294,1.50,1.13
2011.06.22 01:16:58.955,0.97276,0.97297,2.85,1.13
2011.06.22 01:16:59.175,0.97278,0.97299,1.50,2.25
2011.06.22 01:16:59.754,0.97278,0.97298,1.50,1.50
2011.06.22 01:16:59.865,0.97279,0.973,2.85,1.13
2011.06.22 01:17:00.414,0.97282,0.97301,1.50,1.50
2011.06.22 01:17:00.764,0.9728,0.97298,1.50,2.48
2011.06.22 01:17:00.988,0.97277,0.97293,1.50,2.25
2011.06.22 01:17:01.326,0.97275,0.97293,1.50,1.50
2011.06.22 01:17:02.094,0.97275,0.97293,1.50,1.50
2011.06.22 01:17:02.426,0.97277,0.97295,1.50,2.25
2011.06.22 01:17:06.108,0.97278,0.97298,3.00,1.35
2011.06.22 01:17:06.337,0.97279,0.973,1.88,1.50
2011.06.22 01:17:06.447,0.97281,0.97301,2.25,1.35
2011.06.22 01:17:07.096,0.97281,0.97301,1.50,1.35
2011.06.22 01:17:11.075,0.97281,0.97297,2.25,1.50
2011.06.22 01:17:11.406,0.97269,0.97284,2.25,2.25
2011.06.22 01:17:11.516,0.9727,0.97282,1.50,1.50
2011.06.22 01:17:11.735,0.97261,0.9728,1.50,2.10
2011.06.22 01:17:11.844,0.97261,0.9728,2.25,2.10
2011.06.22 01:17:12.176,0.97266,0.97286,2.25,1.50
2011.06.22 01:17:12.677,0.97267,0.97289,2.25,1.35
2011.06.22 01:17:12.791,0.97269,0.97291,2.10,1.50
2011.06.22 01:17:12.906,0.9727,0.97291,1.50,1.50
2011.06.22 01:17:14.494,0.97271,0.97292,1.50,1.50
2011.06.22 01:17:23.987,0.97273,0.97292,1.50,1.50
2011.06.22 01:17:24.109,0.97274,0.97293,1.50,1.50
2011.06.22 01:17:24.224,0.97274,0.97293,1.50,1.50
2011.06.22 01:17:30.387,0.97273,0.97289,1.50,1.35
2011.06.22 01:17:30.716,0.97269,0.97289,1.50,1.43
2011.06.22 01:17:31.156,0.97264,0.97283,1.88,1.35
2011.06.22 01:17:31.376,0.97263,0.97283,1.50,1.50
2011.06.22 01:17:39.966,0.97265,0.97285,2.25,2.25
2011.06.22 01:17:40.514,0.97265,0.97285,2.25,1.50
2011.06.22 01:17:43.135,0.97268,0.97285,1.35,1.50
2011.06.22 01:17:43.722,0.9727,0.9729,1.35,2.25
2011.06.22 01:17:45.386,0.97269,0.97288,1.50,1.35
2011.06.22 01:17:45.823,0.97269,0.97288,1.50,1.35
2011.06.22 01:17:46.915,0.97268,0.97285,1.50,2.10
2011.06.22 01:17:47.135,0.97265,0.97283,1.50,1.50
2011.06.22 01:17:47.685,0.97264,0.97283,1.50,1.50
2011.06.22 01:17:49.045,0.97264,0.97283,1.50,1.50
2011.06.22 01:17:52.165,0.97264,0.97283,1.50,1.50
2011.06.22 01:17:56.265,0.97264,0.97283,1.50,1.50
2011.06.22 01:17:58.245,0.97264,0.97283,1.50,1.50
2011.06.22 01:17:59.698,0.97266,0.97283,2.10,1.50
2011.06.22 01:18:00.134,0.97266,0.97288,1.88,1.50
2011.06.22 01:18:00.795,0.97268,0.97287,1.50,1.50
2011.06.22 01:18:08.187,0.97271,0.97292,1.50,3.90
2011.06.22 01:18:25.656,0.97269,0.97289,1.50,1.58
2011.06.22 01:18:26.224,0.97269,0.97288,1.50,1.73
2011.06.22 01:18:27.164,0.97268,0.97287,3.00,1.73
2011.06.22 01:18:27.275,0.97268,0.97286,2.25,1.20
2011.06.22 01:18:27.499,0.97265,0.97283,1.50,1.50
2011.06.22 01:18:27.615,0.97265,0.97283,1.50,1.50
2011.06.22 01:18:56.293,0.97265,0.97283,1.50,1.50
2011.06.22 01:18:59.616,0.97265,0.97283,2.25,1.50
2011.06.22 01:19:06.657,0.97267,0.97285,1.50,1.13
2011.06.22 01:19:31.505,0.97267,0.97288,1.50,2.25
2011.06.22 01:19:31.834,0.97267,0.97288,1.50,2.25
2011.06.22 01:19:36.375,0.97268,0.97288,1.50,1.88
2011.06.22 01:19:37.475,0.97269,0.97289,1.50,1.50
2011.06.22 01:19:37.804,0.9727,0.97291,1.50,1.35
2011.06.22 01:20:00.326,0.97275,0.97293,1.50,1.50
2011.06.22 01:20:00.875,0.97276,0.97295,1.50,1.81
2011.06.22 01:20:02.536,0.97274,0.97293,2.10,1.50
2011.06.22 01:20:03.260,0.97274,0.97292,1.50,1.50
2011.06.22 01:20:03.384,0.97272,0.97291,1.50,1.50
2011.06.22 01:20:03.936,0.97272,0.97292,1.50,2.25
2011.06.22 01:20:05.585,0.97272,0.97292,1.50,3.00
2011.06.22 01:20:06.134,0.97272,0.97292,1.50,3.38
2011.06.22 01:20:06.686,0.97272,0.97292,1.50,3.38
2011.06.22 01:20:07.235,0.97272,0.97292,1.50,3.38
2011.06.22 01:20:07.638,0.97272,0.97292,1.50,3.38
2011.06.22 01:20:07.759,0.97272,0.97292,1.50,3.38
2011.06.22 01:20:09.445,0.97272,0.97292,1.50,3.00
2011.06.22 01:20:09.885,0.97272,0.97289,1.50,1.13
2011.06.22 01:20:10.105,0.97272,0.97291,1.50,1.88
2011.06.22 01:20:11.425,0.97272,0.97291,1.50,1.50
2011.06.22 01:20:12.004,0.97272,0.97291,1.50,1.88
2011.06.22 01:20:12.555,0.97272,0.97291,1.50,1.50
2011.06.22 01:20:13.077,0.97272,0.97291,1.50,1.50
2011.06.22 01:20:15.626,0.97272,0.97291,1.50,1.50
2011.06.22 01:20:16.397,0.97272,0.97291,1.50,1.50
2011.06.22 01:20:21.947,0.97272,0.97291,1.50,1.88
2011.06.22 01:20:29.285,0.97272,0.97291,1.50,1.88
2011.06.22 01:20:33.678,0.97272,0.97291,1.50,1.88
2011.06.22 01:20:35.375,0.97272,0.97291,1.50,1.50
2011.06.22 01:20:35.925,0.97272,0.9729,1.50,1.50
2011.06.22 01:20:36.804,0.97272,0.9729,1.50,1.50
2011.06.22 01:20:37.354,0.97272,0.97291,1.50,1.50
2011.06.22 01:20:43.186,0.97272,0.9729,1.50,1.88
2011.06.22 01:20:43.736,0.97272,0.9729,1.50,1.88
2011.06.22 01:20:44.286,0.97272,0.9729,1.50,1.88
2011.06.22 01:20:45.825,0.97272,0.9729,1.50,1.88
2011.06.22 01:20:45.937,0.97272,0.9729,1.50,1.50
2011.06.22 01:20:46.374,0.97272,0.9729,1.50,1.50
2011.06.22 01:21:03.842,0.97272,0.97293,1.50,2.25
2011.06.22 01:21:04.397,0.97272,0.97293,1.50,2.25
2011.06.22 01:21:11.454,0.97273,0.97293,1.50,2.25
2011.06.22 01:21:12.815,0.97273,0.97293,1.50,2.25
2011.06.22 01:21:21.224,0.97273,0.97295,1.50,3.16
2011.06.22 01:21:23.195,0.97274,0.97294,1.88,1.06
2011.06.22 01:21:24.296,0.97278,0.97295,1.50,2.56
2011.06.22 01:21:24.846,0.97277,0.97295,1.50,1.81
2011.06.22 01:21:25.395,0.97277,0.97295,1.50,2.56
2011.06.22 01:21:26.796,0.97277,0.97295,1.50,1.81
2011.06.22 01:21:28.310,0.97278,0.97295,1.50,2.56
2011.06.22 01:21:28.434,0.97281,0.97296,2.63,1.06
2011.06.22 01:21:29.099,0.97281,0.97295,2.63,1.06
2011.06.22 01:21:29.655,0.97281,0.97296,3.23,1.06
2011.06.22 01:21:30.207,0.97277,0.97295,2.10,1.81
2011.06.22 01:21:30.535,0.97275,0.97294,1.50,2.25
2011.06.22 01:21:30.646,0.97273,0.97292,1.50,1.50
2011.06.22 01:21:44.467,0.97274,0.97292,1.88,1.50
2011.06.22 01:21:45.015,0.97275,0.97292,1.88,1.50
2011.06.22 01:21:45.563,0.97274,0.97292,1.50,1.50
2011.06.22 01:21:45.785,0.97273,0.97292,1.50,1.50
2011.06.22 01:21:48.136,0.97275,0.97294,1.50,1.50
2011.06.22 01:21:48.465,0.97275,0.97294,2.25,1.50
2011.06.22 01:21:49.014,0.97275,0.97296,2.25,1.35
2011.06.22 01:21:49.896,0.97288,0.97299,1.35,1.88
2011.06.22 01:21:50.117,0.97298,0.97313,1.35,1.28
2011.06.22 01:21:50.337,0.97301,0.97318,1.35,1.50
2011.06.22 01:21:50.556,0.97301,0.9732,1.35,2.25
2011.06.22 01:21:51.107,0.97297,0.9731,1.50,2.10
2011.06.22 01:21:51.436,0.97277,0.97305,1.50,1.50
2011.06.22 01:21:52.266,0.97272,0.97302,2.25,1.35
2011.06.22 01:21:52.390,0.97272,0.97296,1.50,1.35
2011.06.22 01:22:06.797,0.97277,0.97298,1.50,3.00
2011.06.22 01:22:07.235,0.97278,0.97297,1.50,1.35
2011.06.22 01:22:07.347,0.97277,0.97298,1.50,2.10
2011.06.22 01:22:07.895,0.97278,0.97298,1.50,1.35
2011.06.22 01:22:09.575,0.97283,0.97299,2.10,1.50
2011.06.22 01:22:09.906,0.97286,0.97306,1.35,1.58
2011.06.22 01:22:10.752,0.97286,0.97306,1.35,2.63
2011.06.22 01:22:11.341,0.97287,0.97306,1.50,2.63
2011.06.22 01:22:12.226,0.97287,0.97306,1.50,1.88
2011.06.22 01:22:12.666,0.97287,0.97306,1.50,1.13
2011.06.22 01:22:12.886,0.97287,0.97306,1.50,1.88
2011.06.22 01:22:13.435,0.97287,0.97305,1.50,1.88
2011.06.22 01:22:14.675,0.97287,0.97305,1.50,1.88
2011.06.22 01:22:15.007,0.97285,0.97301,1.50,1.88
2011.06.22 01:22:15.115,0.97283,0.973,1.50,1.13
2011.06.22 01:22:15.225,0.97282,0.97299,1.50,1.13
2011.06.22 01:22:17.725,0.97279,0.973,2.10,1.50
2011.06.22 01:22:18.274,0.97281,0.973,1.50,1.50
2011.06.22 01:22:21.246,0.97281,0.973,1.50,1.50
2011.06.22 01:22:26.165,0.97281,0.973,1.50,1.13
2011.06.22 01:22:26.275,0.97281,0.97301,1.50,1.13
2011.06.22 01:22:26.605,0.97284,0.97303,1.50,2.25
2011.06.22 01:22:27.155,0.97283,0.97303,1.50,2.25
2011.06.22 01:22:30.765,0.97286,0.97304,2.10,1.88
2011.06.22 01:22:31.206,0.97284,0.97303,2.25,1.88
2011.06.22 01:22:37.473,0.97283,0.97301,1.50,1.50
2011.06.22 01:22:43.395,0.97282,0.973,1.50,1.13
2011.06.22 01:22:44.416,0.97279,0.97299,1.50,1.88
2011.06.22 01:22:45.987,0.97279,0.97295,1.50,1.50
2011.06.22 01:22:46.851,0.97277,0.97298,2.25,1.50
2011.06.22 01:22:47.185,0.97277,0.973,2.25,3.23
2011.06.22 01:23:06.336,0.97278,0.97299,1.50,1.13
2011.06.22 01:23:06.885,0.97278,0.973,1.50,2.85
2011.06.22 01:23:08.067,0.97278,0.973,1.50,2.10
2011.06.22 01:23:10.355,0.97281,0.973,1.50,1.13
2011.06.22 01:23:10.795,0.97282,0.97302,1.50,3.00
2011.06.22 01:23:11.016,0.97284,0.97302,1.35,2.25
2011.06.22 01:23:11.565,0.97287,0.97303,1.50,1.50
2011.06.22 01:23:12.176,0.97287,0.97304,1.50,1.50
2011.06.22 01:23:13.176,0.97287,0.97305,3.60,1.13
2011.06.22 01:23:13.397,0.97291,0.97309,2.10,1.13
2011.06.22 01:23:13.616,0.97292,0.97312,1.50,1.50
2011.06.22 01:23:16.377,0.97293,0.97311,1.50,1.50
2011.06.22 01:23:16.488,0.97293,0.9731,1.50,1.50
2011.06.22 01:23:16.815,0.9729,0.97306,1.50,1.88
2011.06.22 01:23:17.365,0.9729,0.97306,1.50,1.50
2011.06.22 01:23:21.314,0.9729,0.97306,1.50,1.13
2011.06.22 01:23:21.645,0.9729,0.97309,1.50,1.13
2011.06.22 01:23:24.446,0.97292,0.97309,1.50,1.13
2011.06.22 01:23:27.415,0.97292,0.9731,1.50,1.88
2011.06.22 01:23:30.636,0.97292,0.97309,1.50,1.13
2011.06.22 01:23:33.926,0.97292,0.9731,1.50,1.88
2011.06.22 01:23:34.146,0.97293,0.97312,1.50,1.13
2011.06.22 01:23:34.695,0.97293,0.97313,1.50,1.88
2011.06.22 01:23:39.656,0.97293,0.97313,1.50,1.06
2011.06.22 01:23:44.426,0.97293,0.97313,1.50,1.50
2011.06.22 01:23:46.315,0.97293,0.97313,1.50,2.19
2011.06.22 01:23:46.756,0.97295,0.97315,1.50,2.56
2011.06.22 01:23:47.305,0.97295,0.97314,1.50,1.06
2011.06.22 01:23:47.855,0.97295,0.97314,1.50,1.06
2011.06.22 01:23:50.565,0.97295,0.97314,1.50,1.06
2011.06.22 01:23:51.187,0.97294,0.97313,1.50,1.50
2011.06.22 01:23:55.376,0.97294,0.9731,1.50,1.50
2011.06.22 01:23:55.925,0.97293,0.9731,1.50,1.50
2011.06.22 01:23:56.475,0.97293,0.97311,1.50,1.50
2011.06.22 01:23:58.716,0.97293,0.9731,1.50,1.88
2011.06.22 01:24:07.148,0.9729,0.97309,1.35,1.88
2011.06.22 01:24:07.366,0.97289,0.97307,1.50,1.50
2011.06.22 01:24:11.745,0.97289,0.97307,1.50,1.13
2011.06.22 01:24:12.292,0.97289,0.97307,2.10,1.13
2011.06.22 01:24:12.411,0.97289,0.97307,1.50,1.50
2011.06.22 01:24:14.054,0.97284,0.973,1.13,1.35
2011.06.22 01:24:14.399,0.97282,0.973,1.50,1.13
2011.06.22 01:24:14.955,0.97281,0.973,1.50,1.50
2011.06.22 01:24:15.615,0.97281,0.97301,1.50,1.13
2011.06.22 01:24:15.946,0.97284,0.97302,1.50,1.50
2011.06.22 01:24:16.166,0.97284,0.97301,1.50,1.13
2011.06.22 01:24:25.178,0.97284,0.973,1.50,1.35
2011.06.22 01:24:25.517,0.97278,0.97295,1.50,1.13
2011.06.22 01:24:25.736,0.97275,0.97294,2.25,2.85
2011.06.22 01:24:30.055,0.97276,0.97295,1.50,2.63
2011.06.22 01:24:30.607,0.97277,0.97296,1.50,1.95
2011.06.22 01:24:31.528,0.97277,0.97294,1.50,1.50
2011.06.22 01:24:32.086,0.97277,0.97295,1.50,1.88
2011.06.22 01:24:32.746,0.97277,0.97295,1.50,1.50
2011.06.22 01:24:33.515,0.97277,0.97295,1.50,1.50
2011.06.22 01:24:34.835,0.97277,0.97295,1.50,1.50
2011.06.22 01:24:35.384,0.97277,0.97294,1.50,1.13
2011.06.22 01:24:40.346,0.97277,0.97295,1.50,1.88
2011.06.22 01:24:41.005,0.97277,0.97295,1.50,1.88
2011.06.22 01:24:42.875,0.97277,0.97295,1.50,1.88
2011.06.22 01:24:47.440,0.97277,0.97294,1.50,1.50
2011.06.22 01:24:50.615,0.97278,0.97294,1.50,1.50
2011.06.22 01:24:51.165,0.97277,0.97294,1.50,1.50
2011.06.22 01:24:53.925,0.97277,0.97294,1.50,1.50
2011.06.22 01:24:55.086,0.97277,0.97294,1.50,1.50
2011.06.22 01:24:57.576,0.97277,0.97294,1.50,1.50
2011.06.22 01:24:58.127,0.97277,0.97296,1.50,1.95
2011.06.22 01:24:59.587,0.97277,0.97297,1.50,1.73
2011.06.22 01:24:59.915,0.97281,0.97299,1.50,2.85
2011.06.22 01:25:00.805,0.9728,0.97297,1.50,1.35
2011.06.22 01:25:01.027,0.97281,0.973,1.50,2.10
2011.06.22 01:25:01.465,0.97282,0.973,1.50,1.50
2011.06.22 01:25:01.994,0.97282,0.973,1.50,1.50
2011.06.22 01:25:06.484,0.97282,0.973,1.50,1.50
2011.06.22 01:25:07.728,0.97282,0.97301,1.50,1.88
2011.06.22 01:25:15.930,0.97285,0.97304,1.50,1.06
2011.06.22 01:25:16.047,0.97287,0.97306,1.50,1.74
2011.06.22 01:25:16.704,0.97287,0.97306,1.50,1.14
2011.06.22 01:25:17.257,0.97287,0.97306,1.50,1.89
2011.06.22 01:25:18.987,0.97287,0.97306,1.50,1.89
2011.06.22 01:25:23.416,0.97288,0.97306,1.50,1.14
2011.06.22 01:25:24.836,0.97288,0.97306,1.50,1.14
2011.06.22 01:25:27.496,0.97288,0.97306,1.50,1.14
2011.06.22 01:25:28.071,0.97288,0.97307,1.50,1.89
2011.06.22 01:25:28.837,0.97288,0.97307,1.50,1.14
2011.06.22 01:25:29.386,0.97288,0.97307,1.50,1.14
2011.06.22 01:25:30.542,0.97288,0.97307,1.50,1.14
2011.06.22 01:25:31.095,0.97288,0.97307,1.50,1.14
2011.06.22 01:25:32.745,0.97288,0.97307,1.50,1.14
2011.06.22 01:25:37.566,0.97288,0.97307,2.25,1.50
2011.06.22 01:25:37.677,0.9729,0.97308,1.35,1.13
2011.06.22 01:25:37.899,0.97297,0.97316,1.50,1.88
2011.06.22 01:25:38.016,0.97298,0.97316,1.50,1.13
2011.06.22 01:25:38.126,0.973,0.97318,2.25,2.85
2011.06.22 01:25:39.706,0.97297,0.97314,1.50,1.50
2011.06.22 01:25:40.147,0.973,0.97317,1.50,1.50
2011.06.22 01:25:40.695,0.973,0.97318,2.25,3.60
2011.06.22 01:25:42.318,0.973,0.97317,2.25,1.50
2011.06.22 01:25:42.647,0.97296,0.9731,1.50,2.10
2011.06.22 01:25:42.758,0.97293,0.9731,2.25,1.73
2011.06.22 01:25:42.977,0.97291,0.97309,2.25,1.50
2011.06.22 01:25:43.197,0.97291,0.97309,1.50,1.50
2011.06.22 01:25:55.465,0.9729,0.97312,2.10,1.50
2011.06.22 01:25:55.576,0.97292,0.97313,1.50,1.13
2011.06.22 01:25:55.906,0.97297,0.97315,1.50,1.73
2011.06.22 01:25:58.666,0.97297,0.97316,1.50,1.35
2011.06.22 01:25:59.256,0.97302,0.97318,1.50,2.85
2011.06.22 01:26:01.031,0.97302,0.97318,1.50,1.50
2011.06.22 01:26:01.366,0.97298,0.97317,1.50,1.50
2011.06.22 01:26:05.225,0.97298,0.97317,1.50,2.25
2011.06.22 01:26:14.058,0.97297,0.97317,1.50,2.48
2011.06.22 01:26:14.606,0.97301,0.97318,1.50,1.50
2011.06.22 01:26:16.257,0.97301,0.97319,1.50,2.63
2011.06.22 01:26:16.806,0.97303,0.97322,1.50,2.85
2011.06.22 01:26:18.566,0.97304,0.97322,1.50,1.35
2011.06.22 01:26:19.431,0.97304,0.97322,1.50,1.35
2011.06.22 01:26:19.988,0.97304,0.97323,1.50,1.73
2011.06.22 01:26:20.537,0.97304,0.97322,1.50,1.35
2011.06.22 01:26:21.085,0.97304,0.97322,1.50,1.73
2011.06.22 01:26:21.304,0.97304,0.97321,1.50,1.13
2011.06.22 01:26:22.075,0.97304,0.97322,1.50,1.73
2011.06.22 01:26:23.087,0.97304,0.97323,1.50,2.04
2011.06.22 01:26:23.632,0.97304,0.97321,1.50,1.13
2011.06.22 01:26:24.186,0.97304,0.97321,1.50,1.13
2011.06.22 01:26:25.284,0.97304,0.97321,1.50,1.13
2011.06.22 01:26:25.616,0.97304,0.97321,1.50,1.88
2011.06.22 01:26:26.165,0.97304,0.97321,1.50,1.50
2011.06.22 01:26:26.714,0.97304,0.97321,1.50,1.88
2011.06.22 01:26:28.393,0.97304,0.9732,1.50,1.13
2011.06.22 01:26:29.004,0.97304,0.9732,1.50,1.13
2011.06.22 01:26:29.116,0.97304,0.9732,1.50,1.13
2011.06.22 01:26:30.455,0.97304,0.9732,1.50,1.13
2011.06.22 01:26:32.266,0.97304,0.9732,1.50,1.13
2011.06.22 01:26:32.815,0.97304,0.97321,1.50,1.13
2011.06.22 01:26:36.374,0.97304,0.97321,1.50,1.13
2011.06.22 01:26:37.436,0.97304,0.97321,1.50,1.13
2011.06.22 01:26:40.224,0.97304,0.97319,1.50,1.13
2011.06.22 01:26:42.535,0.97304,0.97321,1.50,1.13
2011.06.22 01:26:43.855,0.97304,0.97322,1.50,2.48
2011.06.22 01:26:44.795,0.97304,0.97322,1.50,1.35
2011.06.22 01:26:44.905,0.97304,0.97322,1.50,1.35
2011.06.22 01:26:48.676,0.97304,0.97322,1.50,3.23
2011.06.22 01:26:49.118,0.97304,0.97322,1.50,2.10
2011.06.22 01:26:49.236,0.97304,0.97322,1.50,2.48
2011.06.22 01:26:52.788,0.97304,0.97322,1.50,2.48
2011.06.22 01:26:53.338,0.97306,0.97327,1.50,2.25
2011.06.22 01:26:53.671,0.97311,0.97325,1.50,1.13
2011.06.22 01:26:53.788,0.97307,0.97324,1.50,1.50
2011.06.22 01:26:53.898,0.97307,0.97324,1.50,1.50
2011.06.22 01:26:54.007,0.97304,0.97322,2.25,1.88
2011.06.22 01:26:54.118,0.97304,0.97322,1.50,1.88
2011.06.22 01:26:54.666,0.97302,0.97322,2.85,1.13
2011.06.22 01:26:55.306,0.97302,0.97322,2.85,1.13
2011.06.22 01:26:55.856,0.97302,0.97322,2.85,1.13
2011.06.22 01:26:57.446,0.97302,0.97322,2.85,1.88
2011.06.22 01:26:57.666,0.97302,0.97322,2.85,2.63
2011.06.22 01:26:57.996,0.97302,0.9732,2.85,1.88
2011.06.22 01:26:59.095,0.97301,0.97318,1.50,1.50
2011.06.22 01:27:00.786,0.97301,0.97318,1.50,1.50
2011.06.22 01:27:02.125,0.97301,0.97318,1.50,1.50
2011.06.22 01:27:02.675,0.97301,0.97318,1.50,1.50
2011.06.22 01:27:12.590,0.97302,0.97318,1.50,2.25
2011.06.22 01:27:13.147,0.973,0.97318,2.25,1.50
2011.06.22 01:27:14.577,0.97302,0.97318,1.50,1.50
2011.06.22 01:27:14.799,0.97297,0.97315,2.85,1.50
2011.06.22 01:27:15.461,0.97297,0.97316,2.85,1.88
2011.06.22 01:27:20.564,0.97297,0.97313,1.50,1.50
2011.06.22 01:27:21.120,0.97297,0.97314,1.50,2.25
2011.06.22 01:27:21.452,0.97296,0.97309,1.50,1.50
2011.06.22 01:27:21.571,0.97292,0.97309,2.25,1.50
2011.06.22 01:27:21.792,0.9729,0.97306,1.50,1.50
2011.06.22 01:27:23.482,0.97288,0.97305,1.50,2.25
2011.06.22 01:27:25.660,0.97288,0.97303,1.50,1.50
2011.06.22 01:27:25.770,0.97287,0.97303,1.50,2.25
2011.06.22 01:27:25.989,0.97285,0.97302,1.50,1.50
2011.06.22 01:27:30.660,0.97283,0.97302,1.50,1.13
2011.06.22 01:27:30.878,0.97283,0.97302,1.50,1.13
2011.06.22 01:27:31.888,0.97283,0.97303,1.50,1.13
2011.06.22 01:27:36.779,0.97283,0.97302,1.50,1.88
2011.06.22 01:27:37.329,0.97283,0.97303,1.50,1.50
2011.06.22 01:27:37.442,0.97283,0.97304,1.50,2.85
2011.06.22 01:27:37.999,0.97287,0.97304,1.50,1.13
2011.06.22 01:27:39.883,0.97288,0.97307,1.50,1.13
2011.06.22 01:27:40.002,0.97297,0.9731,1.50,1.35
2011.06.22 01:27:40.229,0.97292,0.97309,2.25,1.35
2011.06.22 01:27:40.343,0.97292,0.97309,1.50,1.73
2011.06.22 01:27:40.460,0.9729,0.97307,1.50,2.10
2011.06.22 01:27:41.898,0.97289,0.97306,1.50,1.88
2011.06.22 01:27:42.889,0.97289,0.97307,1.50,2.48
2011.06.22 01:27:47.180,0.97292,0.97308,1.50,1.13
2011.06.22 01:27:57.230,0.97292,0.97308,1.50,1.20
2011.06.22 01:27:57.779,0.97292,0.97308,1.50,1.95
2011.06.22 01:28:01.332,0.97291,0.97312,1.50,2.63
2011.06.22 01:28:01.888,0.97295,0.97313,1.50,1.88
2011.06.22 01:28:04.819,0.97295,0.97313,1.50,1.88
2011.06.22 01:28:04.931,0.97295,0.97312,1.50,2.25
2011.06.22 01:28:05.150,0.97293,0.9731,2.25,1.88
2011.06.22 01:28:06.549,0.97291,0.97309,1.50,1.50
2011.06.22 01:28:11.418,0.9729,0.97309,1.50,1.50
2011.06.22 01:28:14.958,0.9729,0.97309,1.50,1.50
2011.06.22 01:28:15.288,0.9729,0.97309,1.50,1.58
2011.06.22 01:28:15.949,0.9729,0.97307,1.50,1.58
2011.06.22 01:28:16.280,0.97287,0.97305,1.50,1.95
2011.06.22 01:28:16.389,0.97287,0.97302,1.50,1.50
2011.06.22 01:28:16.501,0.97284,0.973,2.25,1.13
2011.06.22 01:28:16.610,0.97284,0.973,1.50,1.88
2011.06.22 01:28:16.721,0.97279,0.97297,2.25,2.18
2011.06.22 01:28:16.830,0.97279,0.97297,2.25,3.45
2011.06.22 01:28:16.938,0.97278,0.97296,1.50,1.50
2011.06.22 01:28:17.489,0.97277,0.97296,1.50,1.20
2011.06.22 01:28:18.149,0.97277,0.97294,1.50,2.10
2011.06.22 01:28:22.109,0.97277,0.97296,1.50,2.10
2011.06.22 01:28:23.098,0.97277,0.97297,1.50,1.50
2011.06.22 01:28:24.598,0.97278,0.97298,1.50,1.43
2011.06.22 01:28:25.919,0.97277,0.97297,1.50,2.25
2011.06.22 01:28:26.472,0.97279,0.97296,1.50,1.13
2011.06.22 01:28:27.469,0.97276,0.97296,1.50,1.88
2011.06.22 01:28:28.018,0.97276,0.97296,1.50,1.13
2011.06.22 01:28:29.010,0.97277,0.97295,1.50,2.63
2011.06.22 01:28:29.230,0.97274,0.97294,2.10,1.50
2011.06.22 01:28:29.339,0.97274,0.97294,2.10,1.50
2011.06.22 01:28:37.080,0.97274,0.97294,2.10,1.50
2011.06.22 01:28:37.519,0.97275,0.97297,2.63,2.48
2011.06.22 01:28:37.973,0.97275,0.97297,1.50,2.85
2011.06.22 01:28:38.529,0.97275,0.97294,1.50,1.50
2011.06.22 01:28:39.078,0.97275,0.97293,1.50,1.50
2011.06.22 01:28:39.630,0.97275,0.97295,1.50,1.50
2011.06.22 01:28:41.139,0.97275,0.97296,1.50,2.40
2011.06.22 01:28:42.459,0.97275,0.97297,1.50,2.40
2011.06.22 01:28:47.199,0.97275,0.97296,1.50,1.65
2011.06.22 01:28:49.309,0.97275,0.97294,1.50,2.25
2011.06.22 01:28:51.199,0.97274,0.97294,1.35,1.50
2011.06.22 01:28:51.749,0.97274,0.97292,1.35,1.50
2011.06.22 01:28:52.190,0.9727,0.9729,1.50,1.50
2011.06.22 01:28:52.298,0.9727,0.9729,1.50,1.50
2011.06.22 01:28:54.460,0.9727,0.97291,2.25,1.50
2011.06.22 01:28:55.009,0.97271,0.97292,1.50,1.13
2011.06.22 01:28:56.408,0.97271,0.97293,1.88,1.88
2011.06.22 01:28:56.960,0.97271,0.97293,1.50,1.88
2011.06.22 01:28:57.510,0.97271,0.97293,1.88,1.88
2011.06.22 01:28:58.060,0.97271,0.97292,1.50,1.13
2011.06.22 01:28:58.169,0.97273,0.97292,1.35,1.13
2011.06.22 01:28:59.861,0.97274,0.97295,1.50,1.50
2011.06.22 01:29:02.068,0.97274,0.97295,1.50,1.13
2011.06.22 01:29:02.179,0.97276,0.97295,1.50,1.13
2011.06.22 01:29:02.728,0.97276,0.97296,2.25,1.43
2011.06.22 01:29:03.530,0.97276,0.97295,1.50,1.13
2011.06.22 01:29:05.709,0.97276,0.97296,1.50,2.25
2011.06.22 01:29:07.029,0.97279,0.97295,2.10,1.50
2011.06.22 01:29:09.721,0.97279,0.97295,2.10,2.25
2011.06.22 01:29:09.941,0.97279,0.97297,2.10,2.18
2011.06.22 01:29:10.160,0.9728,0.973,1.35,2.63
2011.06.22 01:29:10.710,0.97283,0.97301,2.10,3.00
2011.06.22 01:29:21.350,0.97281,0.97298,2.85,1.58
2011.06.22 01:29:21.898,0.97281,0.97296,2.10,1.58
2011.06.22 01:29:23.841,0.97281,0.97295,2.10,1.13
2011.06.22 01:29:24.058,0.97281,0.97295,1.35,1.50
2011.06.22 01:29:28.349,0.9728,0.97296,1.35,1.35
2011.06.22 01:29:29.340,0.97282,0.97296,1.35,1.35
2011.06.22 01:29:30.619,0.9728,0.97294,1.50,1.50
2011.06.22 01:29:30.729,0.97279,0.97294,1.35,1.50
2011.06.22 01:29:31.281,0.97278,0.97294,1.35,1.50
2011.06.22 01:29:47.159,0.97276,0.97295,1.50,1.13
2011.06.22 01:29:47.379,0.97278,0.97296,1.50,1.05
2011.06.22 01:29:47.709,0.97281,0.97297,1.50,1.65
2011.06.22 01:29:47.931,0.97281,0.973,1.50,1.13
2011.06.22 01:29:48.458,0.97283,0.97304,2.25,1.81
2011.06.22 01:29:48.571,0.97286,0.97304,2.85,1.50
2011.06.22 01:29:48.790,0.97287,0.97305,1.50,1.13
2011.06.22 01:30:03.419,0.97287,0.97305,1.50,1.50
2011.06.22 01:30:04.289,0.97286,0.97305,2.10,1.50
2011.06.22 01:30:34.031,0.97286,0.97303,1.35,1.50
2011.06.22 01:30:34.469,0.97285,0.97302,2.25,1.50
2011.06.22 01:30:34.581,0.97285,0.97302,1.50,2.63
2011.06.22 01:30:34.909,0.9728,0.97299,2.25,1.50
2011.06.22 01:30:35.019,0.9728,0.97299,1.50,1.50
2011.06.22 01:30:37.509,0.97279,0.97298,1.50,1.73
2011.06.22 01:30:40.390,0.97279,0.97299,2.10,2.25
2011.06.22 01:30:40.969,0.9728,0.97299,1.50,2.25
2011.06.22 01:30:54.750,0.97283,0.97298,1.50,1.50
2011.06.22 01:30:54.970,0.9728,0.97298,2.25,1.50
2011.06.22 01:31:22.520,0.97282,0.97303,1.50,4.35
2011.06.22 01:31:23.152,0.97282,0.97303,2.25,4.35
2011.06.22 01:31:23.592,0.97283,0.97304,2.10,3.69
2011.06.22 01:31:23.810,0.97286,0.97307,1.50,1.50
2011.06.22 01:31:24.029,0.97286,0.97308,2.25,2.25
2011.06.22 01:31:45.689,0.97289,0.97306,1.50,1.50
2011.06.22 01:31:46.021,0.97302,0.97315,1.35,1.50
2011.06.22 01:31:46.239,0.97303,0.9732,1.50,2.63
2011.06.22 01:31:46.788,0.97303,0.9732,1.50,2.63
2011.06.22 01:31:47.338,0.97302,0.9732,2.10,2.63
2011.06.22 01:31:48.755,0.97302,0.9732,1.35,2.63
2011.06.22 01:31:51.557,0.97302,0.9732,2.10,2.25
2011.06.22 01:31:51.890,0.9731,0.97329,1.35,1.65
2011.06.22 01:31:52.109,0.9731,0.97329,1.35,1.50
2011.06.22 01:31:52.668,0.97311,0.97329,1.50,1.50
2011.06.22 01:31:53.306,0.97311,0.97329,1.50,1.50
2011.06.22 01:31:53.771,0.97307,0.97328,3.00,1.50
2011.06.22 01:31:54.098,0.9731,0.97331,1.35,1.50
2011.06.22 01:31:54.319,0.97312,0.97331,1.50,1.50
2011.06.22 01:31:55.429,0.97308,0.97326,1.50,1.50
2011.06.22 01:31:55.762,0.97309,0.97331,2.85,2.40
2011.06.22 01:31:55.869,0.9731,0.97332,1.35,1.50
2011.06.22 01:31:56.528,0.97311,0.97332,1.35,1.50
2011.06.22 01:32:02.149,0.97313,0.97331,1.50,1.50
2011.06.22 01:32:02.809,0.97313,0.97331,2.25,1.50
2011.06.22 01:32:03.139,0.97317,0.97333,2.25,2.25
2011.06.22 01:32:03.469,0.97318,0.97338,1.50,1.88
2011.06.22 01:32:08.390,0.97323,0.97339,1.35,1.50
2011.06.22 01:32:08.502,0.97323,0.9734,3.00,1.50
2011.06.22 01:32:08.950,0.97324,0.97344,1.50,1.88
2011.06.22 01:32:09.499,0.97323,0.97345,2.85,2.25
2011.06.22 01:32:09.721,0.97323,0.97343,2.10,2.25
2011.06.22 01:32:09.940,0.97323,0.97343,1.35,2.25
2011.06.22 01:32:10.051,0.97323,0.97343,1.35,4.13
2011.06.22 01:32:10.989,0.9732,0.97338,1.50,1.50
2011.06.22 01:32:14.679,0.9732,0.97339,1.50,1.50
2011.06.22 01:32:14.789,0.97319,0.97339,2.10,1.50
2011.06.22 01:32:17.910,0.97319,0.97335,1.50,1.50
2011.06.22 01:32:18.019,0.97317,0.97335,1.50,1.50
2011.06.22 01:32:18.130,0.97315,0.97334,1.50,2.25
2011.06.22 01:32:18.680,0.97315,0.97334,1.50,2.25
2011.06.22 01:32:20.198,0.97314,0.97334,3.00,2.63
2011.06.22 01:32:20.748,0.97315,0.97334,1.50,2.63
2011.06.22 01:32:21.000,0.97316,0.97334,1.50,1.88
2011.06.22 01:32:21.548,0.97316,0.97334,1.50,1.88
2011.06.22 01:32:22.889,0.97316,0.97331,1.50,1.35
2011.06.22 01:32:23.221,0.9731,0.97326,1.50,1.50
2011.06.22 01:32:23.331,0.97312,0.97327,1.50,1.50
2011.06.22 01:32:23.662,0.97319,0.97331,1.35,1.13
2011.06.22 01:32:23.990,0.97318,0.97338,2.25,1.50
2011.06.22 01:32:24.531,0.97318,0.97338,1.50,1.88
2011.06.22 01:32:24.651,0.9732,0.97339,1.50,1.13
2011.06.22 01:32:26.079,0.97317,0.97338,2.85,1.88
2011.06.22 01:32:33.481,0.97317,0.97338,2.93,2.63
2011.06.22 01:32:34.029,0.97321,0.97341,1.58,2.63
2011.06.22 01:32:34.799,0.97321,0.97341,1.50,1.50
2011.06.22 01:32:38.669,0.97321,0.97339,1.50,1.50
2011.06.22 01:32:40.344,0.97321,0.97339,1.50,1.88
2011.06.22 01:32:50.528,0.97321,0.97339,1.50,1.50
2011.06.22 01:32:50.860,0.97321,0.97342,2.10,1.13
2011.06.22 01:32:51.188,0.97323,0.97343,1.50,1.50
2011.06.22 01:32:51.299,0.97323,0.97343,1.50,1.50
2011.06.22 01:32:54.899,0.97327,0.97344,2.25,1.13
2011.06.22 01:32:55.010,0.97327,0.97348,3.00,3.38
2011.06.22 01:32:55.120,0.97331,0.97348,1.35,2.63
2011.06.22 01:32:55.450,0.97331,0.97352,2.10,1.06
2011.06.22 01:32:56.083,0.97331,0.97353,2.85,1.06
2011.06.22 01:32:57.209,0.97331,0.97352,2.10,1.06
2011.06.22 01:32:57.979,0.97331,0.97352,2.10,1.06
2011.06.22 01:32:58.390,0.97337,0.97354,2.25,1.44
2011.06.22 01:32:58.720,0.97338,0.97357,1.50,3.00
2011.06.22 01:32:59.269,0.97341,0.97357,1.50,2.63
2011.06.22 01:32:59.490,0.97343,0.97362,1.35,1.06
2011.06.22 01:32:59.819,0.9734,0.9736,1.35,1.50
2011.06.22 01:33:01.270,0.97338,0.97357,2.10,2.25
2011.06.22 01:33:01.490,0.97336,0.97357,3.75,2.63
2011.06.22 01:33:01.598,0.97338,0.97357,1.35,2.63
2011.06.22 01:33:01.820,0.97339,0.97357,2.10,1.50
2011.06.22 01:33:02.370,0.97339,0.97361,1.35,3.00
2011.06.22 01:33:04.248,0.9734,0.97358,2.25,1.50
2011.06.22 01:33:04.364,0.9734,0.97361,1.50,1.06
2011.06.22 01:33:07.068,0.97339,0.97358,1.50,1.50
2011.06.22 01:33:07.181,0.97338,0.97357,1.50,2.25
2011.06.22 01:33:07.729,0.97338,0.97357,1.50,1.50
2011.06.22 01:33:07.950,0.97336,0.97356,2.10,1.50
2011.06.22 01:33:08.060,0.97335,0.97356,1.35,1.88
2011.06.22 01:33:08.391,0.97333,0.97353,1.50,2.25
2011.06.22 01:33:08.939,0.97332,0.97352,1.50,1.50
2011.06.22 01:33:09.490,0.97331,0.97352,3.45,1.50
2011.06.22 01:33:10.038,0.97332,0.97353,1.58,3.38
2011.06.22 01:33:10.564,0.97332,0.97353,1.50,4.13
2011.06.22 01:33:16.171,0.97333,0.97353,1.50,3.38
2011.06.22 01:33:16.719,0.97333,0.97355,1.50,2.48
2011.06.22 01:33:17.602,0.97333,0.97355,2.63,1.35
2011.06.22 01:33:17.713,0.97337,0.97355,1.50,1.35
2011.06.22 01:33:18.271,0.97338,0.9736,1.50,2.10
2011.06.22 01:33:19.370,0.97338,0.97359,1.50,1.50
2011.06.22 01:33:19.919,0.97338,0.97357,1.50,1.50
2011.06.22 01:33:24.402,0.97344,0.97358,1.50,1.50
2011.06.22 01:33:24.620,0.97345,0.97362,1.50,1.88
2011.06.22 01:33:24.731,0.97348,0.97366,1.50,2.03
2011.06.22 01:33:25.059,0.9735,0.97366,1.35,1.13
2011.06.22 01:33:25.279,0.97353,0.9737,1.50,1.06
2011.06.22 01:33:25.720,0.97349,0.97368,1.50,1.50
2011.06.22 01:33:26.269,0.97348,0.97368,1.50,1.50
2011.06.22 01:33:26.600,0.97351,0.97369,1.35,1.13
2011.06.22 01:33:26.930,0.97352,0.97375,2.48,1.50
2011.06.22 01:33:27.153,0.97356,0.97377,1.50,1.13
2011.06.22 01:33:27.490,0.97359,0.9738,1.35,2.94
2011.06.22 01:33:28.038,0.97357,0.97379,1.50,1.88
2011.06.22 01:33:28.886,0.97359,0.97379,1.50,1.13
2011.06.22 01:33:29.990,0.9736,0.97379,1.50,1.13
2011.06.22 01:33:30.210,0.97359,0.97379,2.63,1.50
2011.06.22 01:33:31.641,0.97363,0.97381,1.50,1.06
2011.06.22 01:33:31.970,0.97364,0.97383,1.35,3.38
2011.06.22 01:33:32.080,0.97367,0.97386,1.50,2.25
2011.06.22 01:33:32.190,0.97366,0.97386,1.50,1.65
2011.06.22 01:33:32.520,0.97363,0.97379,1.88,1.50
2011.06.22 01:33:32.740,0.97359,0.97379,2.25,1.88
2011.06.22 01:33:32.961,0.97356,0.97374,1.50,1.50
2011.06.22 01:33:33.069,0.97356,0.97374,1.50,1.50
2011.06.22 01:33:33.619,0.97354,0.97374,1.50,1.50
2011.06.22 01:33:35.078,0.97354,0.9737,1.50,1.50
2011.06.22 01:33:35.702,0.97352,0.97369,1.50,1.88
2011.06.22 01:33:35.815,0.97351,0.97369,1.50,1.50
2011.06.22 01:33:37.144,0.97352,0.97371,1.50,1.13
2011.06.22 01:33:37.483,0.97365,0.97382,1.13,1.50
2011.06.22 01:33:37.604,0.97366,0.97385,1.50,1.50
2011.06.22 01:33:38.051,0.97364,0.97387,1.50,2.10
2011.06.22 01:33:38.903,0.97363,0.97385,1.50,2.10
2011.06.22 01:33:41.880,0.97364,0.97385,1.50,1.35
2011.06.22 01:33:42.471,0.97363,0.97385,2.25,2.10
2011.06.22 01:33:43.581,0.97362,0.97381,1.50,1.50
2011.06.22 01:33:43.800,0.97361,0.97381,1.35,1.50
2011.06.22 01:33:48.699,0.97359,0.97379,1.50,1.88
2011.06.22 01:33:49.140,0.97358,0.97376,1.50,1.50
2011.06.22 01:33:49.469,0.97356,0.97373,1.35,1.50
2011.06.22 01:33:49.689,0.97353,0.97373,3.00,1.50
2011.06.22 01:33:50.239,0.97353,0.97373,3.00,1.50
2011.06.22 01:34:00.712,0.97355,0.97376,2.85,1.88
2011.06.22 01:34:00.930,0.97358,0.97377,1.50,1.50
2011.06.22 01:34:07.411,0.97359,0.9738,1.50,1.50
2011.06.22 01:34:11.219,0.9736,0.97381,1.73,2.25
2011.06.22 01:34:11.553,0.97368,0.97381,1.50,1.50
2011.06.22 01:34:11.672,0.97368,0.97389,2.25,1.28
2011.06.22 01:34:13.045,0.97369,0.9739,1.50,2.41
2011.06.22 01:34:13.598,0.97369,0.9739,1.50,2.10
2011.06.22 01:34:17.111,0.97369,0.9739,1.88,1.35
2011.06.22 01:34:17.441,0.97375,0.97393,1.35,1.50
2011.06.22 01:34:17.553,0.97378,0.974,1.50,1.50
2011.06.22 01:34:17.671,0.97378,0.97397,2.25,1.50
2011.06.22 01:34:18.113,0.97378,0.97399,2.33,2.10
2011.06.22 01:34:18.342,0.97381,0.97399,1.05,2.10
2011.06.22 01:34:18.891,0.97381,0.97399,1.05,2.10
2011.06.22 01:34:20.489,0.97378,0.97397,1.50,1.50
2011.06.22 01:34:23.476,0.97383,0.97398,1.35,1.13
2011.06.22 01:34:23.593,0.97383,0.97401,1.35,1.88
2011.06.22 01:34:23.821,0.97381,0.97399,1.05,1.50
2011.06.22 01:34:25.473,0.97378,0.97398,2.18,1.13
2011.06.22 01:34:29.462,0.97378,0.97398,2.18,1.50
2011.06.22 01:34:30.229,0.97382,0.974,1.05,1.88
2011.06.22 01:34:31.302,0.97381,0.97399,1.05,2.63
2011.06.22 01:34:32.840,0.97381,0.97399,1.35,1.13
2011.06.22 01:34:33.391,0.97382,0.97399,1.13,1.88
2011.06.22 01:34:33.719,0.97382,0.97399,1.13,1.13
2011.06.22 01:34:33.940,0.97378,0.97399,2.85,2.25
2011.06.22 01:34:36.859,0.97378,0.97396,1.43,1.50
2011.06.22 01:34:38.239,0.97378,0.97399,2.55,1.88
2011.06.22 01:34:39.121,0.97381,0.97399,1.05,1.88
2011.06.22 01:34:43.020,0.97378,0.97399,1.35,2.63
2011.06.22 01:34:43.350,0.97378,0.97396,1.35,1.50
2011.06.22 01:34:43.679,0.97372,0.97394,1.50,1.50
2011.06.22 01:34:45.193,0.97371,0.97392,1.43,1.50
2011.06.22 01:34:45.410,0.97371,0.97392,1.58,2.85
2011.06.22 01:34:45.740,0.9737,0.97391,1.58,2.10
2011.06.22 01:34:46.533,0.9737,0.97388,1.50,1.50
2011.06.22 01:34:54.379,0.97366,0.97387,2.25,1.50
2011.06.22 01:34:54.599,0.97366,0.97387,2.25,1.50
2011.06.22 01:34:55.730,0.97366,0.97386,2.25,1.50
2011.06.22 01:34:56.062,0.97366,0.97385,2.25,1.50
2011.06.22 01:34:56.170,0.97366,0.97385,1.50,1.50
2011.06.22 01:34:56.502,0.97365,0.9738,1.50,1.13
2011.06.22 01:34:56.610,0.97359,0.97379,2.40,1.50
2011.06.22 01:34:57.052,0.97361,0.97382,2.25,1.50
2011.06.22 01:34:57.270,0.97362,0.9738,1.50,1.50
2011.06.22 01:34:57.381,0.9736,0.9738,2.10,1.50
2011.06.22 01:34:57.929,0.9736,0.9738,2.10,1.50
2011.06.22 01:34:58.150,0.97361,0.97379,1.58,1.50
2011.06.22 01:34:58.810,0.97361,0.97378,1.50,1.50
2011.06.22 01:34:59.545,0.9736,0.97378,1.50,1.50
2011.06.22 01:35:03.726,0.9736,0.97378,1.50,1.65
2011.06.22 01:35:04.064,0.97358,0.97369,1.50,1.35
2011.06.22 01:35:04.184,0.9735,0.97367,2.25,1.35
2011.06.22 01:35:04.303,0.97351,0.9737,1.50,1.50
2011.06.22 01:35:04.421,0.9735,0.97368,1.50,1.35
2011.06.22 01:35:04.640,0.97348,0.97368,1.50,1.13
2011.06.22 01:35:04.750,0.97345,0.97367,2.85,1.13
2011.06.22 01:35:04.860,0.97349,0.97368,1.35,1.88
2011.06.22 01:35:05.081,0.97349,0.97371,2.10,1.50
2011.06.22 01:35:05.190,0.97349,0.97371,2.85,1.50
2011.06.22 01:35:06.159,0.97349,0.9737,1.50,1.50
2011.06.22 01:35:06.270,0.97349,0.97369,1.50,1.50
2011.06.22 01:35:17.070,0.97347,0.97368,2.25,1.50
2011.06.22 01:35:21.016,0.97345,0.97365,2.25,1.50
2011.06.22 01:35:21.131,0.97344,0.97365,1.50,2.10
2011.06.22 01:35:21.245,0.97343,0.97361,1.50,1.50
2011.06.22 01:35:21.579,0.97342,0.97359,1.50,1.50
2011.06.22 01:35:22.130,0.97341,0.97359,1.50,1.50
2011.06.22 01:35:24.531,0.97342,0.97362,1.50,1.50
2011.06.22 01:35:24.751,0.97343,0.97362,1.73,1.50
2011.06.22 01:35:25.079,0.97345,0.97364,1.50,1.88
2011.06.22 01:35:28.171,0.97347,0.97365,2.10,1.13
2011.06.22 01:35:28.280,0.97348,0.97365,1.50,1.13
2011.06.22 01:35:28.815,0.97347,0.97366,2.85,1.50
2011.06.22 01:35:30.252,0.97347,0.97365,2.85,1.50
2011.06.22 01:35:34.370,0.97348,0.97367,1.50,1.88
2011.06.22 01:35:34.481,0.97351,0.97368,1.50,1.13
2011.06.22 01:35:34.590,0.97351,0.97371,1.50,1.06
2011.06.22 01:35:34.700,0.97351,0.9737,1.50,1.06
2011.06.22 01:35:36.990,0.9735,0.97371,1.50,1.06
2011.06.22 01:35:37.540,0.9735,0.9737,1.50,1.06
2011.06.22 01:36:01.025,0.97348,0.97366,1.50,2.25
2011.06.22 01:36:01.140,0.97347,0.97365,1.35,1.50
2011.06.22 01:36:01.801,0.97347,0.97363,1.35,1.13
2011.06.22 01:36:03.494,0.97345,0.9736,1.35,1.13
2011.06.22 01:36:03.722,0.97337,0.97358,1.50,1.50
2011.06.22 01:36:04.271,0.97337,0.97358,1.50,1.50
2011.06.22 01:36:36.271,0.9734,0.97359,1.50,1.50
2011.06.22 01:36:36.603,0.97341,0.97361,1.58,1.35
2011.06.22 01:36:37.360,0.97351,0.97367,1.35,2.25
2011.06.22 01:36:37.489,0.97354,0.97375,1.50,1.50
2011.06.22 01:36:38.890,0.97354,0.97375,2.10,1.50
2011.06.22 01:36:39.110,0.97355,0.97375,1.35,1.50
2011.06.22 01:36:41.312,0.97359,0.97377,1.35,1.50
2011.06.22 01:36:41.420,0.9736,0.97377,1.50,1.50
2011.06.22 01:36:41.750,0.97362,0.9738,1.50,1.06
2011.06.22 01:36:45.371,0.97362,0.9738,1.50,1.50
2011.06.22 01:36:46.989,0.9736,0.97378,2.25,1.50
2011.06.22 01:36:52.080,0.9736,0.97381,2.25,1.66
2011.06.22 01:37:09.063,0.97361,0.97381,2.25,1.66
2011.06.22 01:37:09.282,0.97361,0.97381,2.25,1.35
2011.06.22 01:37:09.610,0.97364,0.97384,2.10,1.13
2011.06.22 01:37:09.720,0.97364,0.97384,2.10,1.13
2011.06.22 01:37:33.183,0.97364,0.9738,2.25,1.13
2011.06.22 01:37:33.521,0.97359,0.97378,2.25,2.25
2011.06.22 01:37:35.064,0.97359,0.9738,2.25,1.50
2011.06.22 01:37:35.767,0.97363,0.97383,1.50,2.25
2011.06.22 01:37:36.216,0.97361,0.97378,1.35,1.50
2011.06.22 01:37:36.332,0.97359,0.97378,1.50,1.50
2011.06.22 01:37:39.180,0.9736,0.97381,1.35,2.25
2011.06.22 01:37:39.291,0.97362,0.97382,1.35,5.25
2011.06.22 01:37:39.731,0.97366,0.97382,1.50,1.13
2011.06.22 01:37:39.841,0.97367,0.97387,1.50,2.25
2011.06.22 01:37:40.482,0.97367,0.97387,2.25,1.50
2011.06.22 01:37:42.679,0.97367,0.97385,2.25,1.50
2011.06.22 01:37:42.899,0.97367,0.97385,2.25,1.50
2011.06.22 01:37:43.581,0.97367,0.97385,1.50,1.50
2011.06.22 01:37:44.131,0.97367,0.97385,2.25,2.63
2011.06.22 01:37:44.241,0.97367,0.97381,2.25,1.50
2011.06.22 01:37:44.353,0.97362,0.9738,1.50,1.50
2011.06.22 01:37:44.463,0.97362,0.9738,1.50,2.25
2011.06.22 01:37:44.580,0.97359,0.97377,1.50,1.50
2011.06.22 01:37:44.804,0.97357,0.97375,1.50,1.50
2011.06.22 01:37:45.143,0.97354,0.9737,2.25,1.50
2011.06.22 01:37:45.883,0.97347,0.97367,1.50,1.50
2011.06.22 01:37:46.111,0.97348,0.9737,3.00,2.10
2011.06.22 01:37:46.330,0.97348,0.9737,3.00,2.10
2011.06.22 01:37:46.550,0.97349,0.97372,2.10,2.63
2011.06.22 01:37:47.099,0.9735,0.97372,1.50,1.50
2011.06.22 01:37:47.321,0.9735,0.97372,2.25,2.25
2011.06.22 01:37:47.652,0.97355,0.97377,2.10,1.50
2011.06.22 01:37:47.764,0.97357,0.97377,1.35,1.50
2011.06.22 01:37:47.993,0.9736,0.97381,3.23,1.50
2011.06.22 01:37:48.111,0.97364,0.97383,1.50,1.50
2011.06.22 01:37:49.102,0.97363,0.97379,1.50,1.35
2011.06.22 01:37:49.773,0.97358,0.97378,2.25,1.50
2011.06.22 01:37:53.764,0.97357,0.97375,1.50,1.50
2011.06.22 01:37:53.991,0.97355,0.97373,2.10,1.50
2011.06.22 01:37:55.232,0.97354,0.97373,1.50,2.10
2011.06.22 01:37:55.348,0.97346,0.97367,2.25,1.13
2011.06.22 01:37:55.461,0.97346,0.97369,1.50,2.63
2011.06.22 01:37:55.900,0.97349,0.97368,1.50,1.50
2011.06.22 01:37:59.430,0.97348,0.97367,2.25,1.50
2011.06.22 01:37:59.763,0.97345,0.97366,1.50,1.50
2011.06.22 01:38:00.503,0.97344,0.97367,3.60,1.13
2011.06.22 01:38:30.222,0.97348,0.97369,1.50,1.50
2011.06.22 01:38:30.661,0.9735,0.97371,1.13,1.50
2011.06.22 01:38:31.210,0.97349,0.97371,1.88,1.50
2011.06.22 01:38:31.834,0.9735,0.97371,1.13,1.50
2011.06.22 01:38:32.431,0.97349,0.97371,1.88,1.50
2011.06.22 01:38:42.290,0.9735,0.97371,1.50,1.50
2011.06.22 01:38:42.840,0.97352,0.97372,1.50,1.50
2011.06.22 01:38:42.951,0.97353,0.97376,2.10,2.40
2011.06.22 01:38:43.537,0.97353,0.97376,2.10,2.40
2011.06.22 01:38:44.312,0.97354,0.97376,1.50,1.50
2011.06.22 01:38:44.641,0.97355,0.97378,2.85,2.25
2011.06.22 01:38:58.101,0.97354,0.97371,1.50,1.50
2011.06.22 01:38:58.320,0.97352,0.97371,1.50,1.50
2011.06.22 01:39:01.025,0.9735,0.97372,2.25,3.38
2011.06.22 01:39:01.470,0.9735,0.97372,2.25,2.63
2011.06.22 01:39:02.020,0.97351,0.97372,1.50,1.50
2011.06.22 01:39:07.951,0.97351,0.9737,1.50,1.50
2011.06.22 01:39:08.063,0.9735,0.97369,1.50,1.35
2011.06.22 01:39:08.888,0.9735,0.97371,1.50,1.13
2011.06.22 01:39:09.005,0.97353,0.97372,1.50,1.50
2011.06.22 01:39:13.302,0.97354,0.97373,2.25,1.50
2011.06.22 01:39:13.411,0.97354,0.97374,2.85,1.13
2011.06.22 01:39:13.970,0.97355,0.97374,1.35,1.50
2011.06.22 01:39:21.491,0.97356,0.97378,3.60,2.63
2011.06.22 01:39:22.581,0.9736,0.9738,1.50,1.35
2011.06.22 01:39:23.130,0.9736,0.9738,1.50,2.41
2011.06.22 01:39:26.421,0.9736,0.9738,1.50,2.41
2011.06.22 01:39:27.631,0.9736,0.9738,2.25,1.35
2011.06.22 01:39:27.962,0.97362,0.97383,1.50,1.50
2011.06.22 01:39:29.289,0.97363,0.97384,2.25,1.50
2011.06.22 01:39:40.645,0.97363,0.97382,1.50,1.50
2011.06.22 01:39:40.762,0.97359,0.97378,2.25,1.50
2011.06.22 01:39:40.980,0.97359,0.97378,1.50,1.50
2011.06.22 01:40:03.710,0.97357,0.97378,2.25,1.50
2011.06.22 01:40:03.931,0.97357,0.97376,1.50,1.50
2011.06.22 01:40:04.261,0.97353,0.97373,2.25,1.50
2011.06.22 01:40:04.591,0.97352,0.97372,1.50,2.25
2011.06.22 01:40:04.700,0.97352,0.97372,1.50,2.25
2011.06.22 01:40:05.274,0.97352,0.97372,1.50,2.25
2011.06.22 01:40:05.860,0.97352,0.97372,1.50,1.88
2011.06.22 01:40:06.459,0.97352,0.97371,1.50,1.88
2011.06.22 01:40:07.451,0.97353,0.97372,1.50,1.50
2011.06.22 01:40:08.000,0.97354,0.97373,1.35,1.50
2011.06.22 01:40:13.339,0.97351,0.97371,1.50,1.88
2011.06.22 01:40:13.450,0.97351,0.97371,2.25,1.88
2011.06.22 01:40:13.671,0.97351,0.97369,1.50,1.50
2011.06.22 01:40:14.002,0.97348,0.97365,2.25,1.13
2011.06.22 01:40:14.112,0.97345,0.97365,2.25,1.88
2011.06.22 01:40:14.660,0.97345,0.97363,1.50,1.50
2011.06.22 01:40:17.773,0.97345,0.97364,1.50,1.50
2011.06.22 01:40:25.220,0.97341,0.97359,1.35,1.88
2011.06.22 01:40:34.201,0.97342,0.97362,1.50,3.00
2011.06.22 01:40:34.313,0.97344,0.97362,1.50,1.50
2011.06.22 01:40:37.102,0.97344,0.97367,2.25,3.38
2011.06.22 01:40:37.650,0.97344,0.97367,2.63,2.25
2011.06.22 01:40:44.600,0.97344,0.97366,2.25,1.50
2011.06.22 01:40:44.821,0.97348,0.97367,1.50,1.50
2011.06.22 01:40:45.370,0.97351,0.9737,1.50,1.50
2011.06.22 01:40:45.700,0.97354,0.97372,1.50,1.50
2011.06.22 01:40:46.251,0.97355,0.97375,1.50,1.50
2011.06.22 01:40:57.951,0.97355,0.9737,1.50,1.50
2011.06.22 01:40:58.281,0.9735,0.97369,1.50,2.10
2011.06.22 01:40:58.500,0.97349,0.97369,1.50,1.35
2011.06.22 01:40:59.970,0.97348,0.97369,2.25,1.49
2011.06.22 01:41:03.190,0.9735,0.97371,1.50,1.64
2011.06.22 01:41:03.299,0.9735,0.97372,1.50,3.89
2011.06.22 01:41:05.980,0.97352,0.97372,1.50,1.64
2011.06.22 01:41:06.310,0.97354,0.97374,1.35,1.64
2011.06.22 01:41:06.861,0.97355,0.97375,1.50,1.64
2011.06.22 01:41:15.830,0.97354,0.97376,1.35,1.99
2011.06.22 01:41:24.592,0.97354,0.97374,1.35,1.64
2011.06.22 01:41:25.031,0.97353,0.97371,1.35,1.64
2011.06.22 01:41:25.252,0.97353,0.97372,1.35,2.39
2011.06.22 01:41:25.910,0.97351,0.97372,1.88,1.64
2011.06.22 01:41:26.512,0.97351,0.97372,1.50,1.64
2011.06.22 01:41:28.230,0.97351,0.97372,1.50,1.64
2011.06.22 01:41:29.840,0.97351,0.97372,2.25,1.64
2011.06.22 01:41:29.952,0.97353,0.97372,1.35,1.64
2011.06.22 01:41:30.280,0.97354,0.97375,2.10,1.64
2011.06.22 01:41:37.061,0.97355,0.97376,1.50,1.88
2011.06.22 01:41:45.962,0.97355,0.97377,1.50,2.10
2011.06.22 01:41:51.563,0.97354,0.9737,2.25,1.04
2011.06.22 01:41:51.681,0.97352,0.97367,1.50,1.04
2011.06.22 01:41:51.901,0.9735,0.97366,1.50,1.04
2011.06.22 01:41:52.450,0.97348,0.97366,2.25,1.04
2011.06.22 01:41:54.430,0.97351,0.97367,1.35,1.04
2011.06.22 01:41:55.308,0.97353,0.97371,2.25,1.04
2011.06.22 01:41:55.426,0.97354,0.97375,1.35,1.50
2011.06.22 01:41:55.980,0.97356,0.97379,1.35,2.25
2011.06.22 01:42:09.142,0.97357,0.9738,3.60,1.50
2011.06.22 01:42:09.250,0.97359,0.9738,1.50,1.50
2011.06.22 01:42:12.240,0.97359,0.9738,1.50,1.50
2011.06.22 01:42:13.077,0.97353,0.97374,2.25,2.10
2011.06.22 01:42:13.193,0.97353,0.97371,1.50,1.35
2011.06.22 01:42:13.314,0.97349,0.9737,3.00,1.35
2011.06.22 01:42:13.760,0.97348,0.97368,1.50,1.50
2011.06.22 01:42:20.300,0.97348,0.97367,1.50,1.50
2011.06.22 01:42:20.520,0.97348,0.97366,1.50,1.50
2011.06.22 01:42:22.429,0.97348,0.97367,1.50,1.50
2011.06.22 01:42:22.979,0.97349,0.9737,1.88,1.35
2011.06.22 01:42:23.529,0.9735,0.9737,1.50,1.35
2011.06.22 01:42:27.761,0.9735,0.9737,1.88,1.35
2011.06.22 01:42:32.039,0.97351,0.97373,2.85,3.00
2011.06.22 01:42:32.708,0.97352,0.97373,1.50,2.25
2011.06.22 01:42:32.830,0.97355,0.97375,2.25,1.35
2011.06.22 01:42:34.803,0.97355,0.97375,1.50,1.50
2011.06.22 01:42:35.135,0.97353,0.97371,2.85,1.50
2011.06.22 01:42:35.473,0.97348,0.97366,2.25,1.50
2011.06.22 01:42:35.801,0.97346,0.97366,1.50,1.50
2011.06.22 01:42:47.590,0.97347,0.97369,1.50,1.35
2011.06.22 01:42:48.164,0.97347,0.97369,3.38,1.35
2011.06.22 01:42:48.277,0.97347,0.97369,3.75,2.10
2011.06.22 01:42:48.939,0.97347,0.97369,4.35,2.10
2011.06.22 01:42:49.272,0.97353,0.97373,2.48,1.50
2011.06.22 01:42:49.381,0.97354,0.97373,1.13,1.50
2011.06.22 01:42:49.602,0.97351,0.97367,1.50,1.50
2011.06.22 01:42:49.933,0.97354,0.97373,1.35,2.25
2011.06.22 01:42:50.161,0.97355,0.97377,1.50,1.58
2011.06.22 01:42:51.151,0.97355,0.97373,1.50,2.25
2011.06.22 01:42:51.699,0.97355,0.97373,2.25,3.00
2011.06.22 01:43:00.031,0.97356,0.97373,1.50,1.50
2011.06.22 01:43:00.250,0.97357,0.97378,1.50,2.10
2011.06.22 01:43:00.361,0.97357,0.97378,1.50,1.35
2011.06.22 01:43:00.689,0.9736,0.9738,1.50,2.41
2011.06.22 01:43:01.130,0.9736,0.97381,1.50,2.94
2011.06.22 01:43:01.679,0.97361,0.97381,1.50,2.94
2011.06.22 01:43:03.120,0.97361,0.97381,1.50,1.81
2011.06.22 01:43:03.670,0.97361,0.97381,1.50,2.56
2011.06.22 01:43:04.440,0.97361,0.97381,1.50,2.56
2011.06.22 01:43:05.412,0.97361,0.97381,1.50,2.56
2011.06.22 01:43:05.963,0.97361,0.97381,1.50,2.56
2011.06.22 01:43:07.570,0.97361,0.97381,1.50,2.56
2011.06.22 01:43:08.409,0.97361,0.97381,1.50,2.56
2011.06.22 01:43:09.401,0.97361,0.97381,1.50,1.81
2011.06.22 01:43:09.949,0.97361,0.97381,1.50,1.81
2011.06.22 01:43:10.500,0.97361,0.97381,1.50,1.81
2011.06.22 01:43:11.329,0.97361,0.97381,1.50,2.56
2011.06.22 01:43:11.881,0.97361,0.97381,1.50,2.56
2011.06.22 01:43:12.664,0.97361,0.97381,1.50,2.56
2011.06.22 01:43:13.210,0.97361,0.97381,1.50,1.81
2011.06.22 01:43:13.759,0.97361,0.9738,1.50,1.06
2011.06.22 01:43:14.420,0.97361,0.97381,1.50,1.81
2011.06.22 01:43:14.969,0.97361,0.97381,1.50,2.56
2011.06.22 01:43:15.682,0.97361,0.97381,1.50,2.56
2011.06.22 01:43:16.578,0.97361,0.97381,1.50,2.56
2011.06.22 01:43:17.250,0.97361,0.97381,1.50,2.56
2011.06.22 01:43:17.910,0.97361,0.97381,1.50,2.56
2011.06.22 01:43:19.690,0.97361,0.97381,1.50,1.81
2011.06.22 01:43:20.840,0.97361,0.97381,1.50,1.81
2011.06.22 01:43:22.181,0.97361,0.97381,1.50,2.56
2011.06.22 01:43:23.610,0.97361,0.97381,1.50,2.56
2011.06.22 01:43:24.223,0.97361,0.97381,1.50,2.56
2011.06.22 01:43:24.341,0.97361,0.9738,1.50,1.06
2011.06.22 01:43:24.889,0.97361,0.9738,1.50,1.88
2011.06.22 01:43:25.440,0.97361,0.9738,1.50,1.81
2011.06.22 01:43:30.910,0.97361,0.9738,1.50,1.50
2011.06.22 01:43:31.589,0.97361,0.97379,1.50,1.13
2011.06.22 01:43:32.470,0.97361,0.9738,1.50,1.50
2011.06.22 01:43:33.020,0.97361,0.9738,1.50,1.81
2011.06.22 01:43:37.548,0.97361,0.97379,1.50,1.13
2011.06.22 01:43:38.212,0.97357,0.97377,1.50,1.50
2011.06.22 01:43:39.312,0.97357,0.97378,1.50,2.10
2011.06.22 01:43:39.640,0.97357,0.97378,2.25,1.35
2011.06.22 01:43:42.130,0.97359,0.97378,1.50,1.35
2011.06.22 01:43:42.462,0.97357,0.9737,1.50,2.10
2011.06.22 01:43:42.572,0.97347,0.97367,3.00,1.50
2011.06.22 01:43:42.792,0.97344,0.97363,1.35,1.35
2011.06.22 01:43:43.227,0.97343,0.97363,1.73,1.35
2011.06.22 01:43:45.047,0.97344,0.97365,1.35,1.50
2011.06.22 01:43:45.160,0.97346,0.97365,1.50,1.50
2011.06.22 01:43:45.491,0.97352,0.97372,1.35,1.50
2011.06.22 01:43:45.602,0.97354,0.97376,1.50,2.25
2011.06.22 01:43:45.820,0.97355,0.97376,1.50,1.88
2011.06.22 01:43:46.151,0.97357,0.97377,1.50,1.50
2011.06.22 01:43:46.371,0.97357,0.97379,2.25,2.10
2011.06.22 01:43:50.150,0.97358,0.97379,1.50,1.50
2011.06.22 01:43:50.482,0.97356,0.97379,1.50,3.38
2011.06.22 01:44:03.923,0.97358,0.97379,1.50,2.10
2011.06.22 01:44:04.037,0.97359,0.97379,1.50,1.35
2011.06.22 01:44:09.601,0.97361,0.97382,2.25,1.50
2011.06.22 01:44:09.931,0.97365,0.97384,1.50,1.50
2011.06.22 01:44:11.472,0.97364,0.97384,1.65,1.50
2011.06.22 01:44:12.029,0.97363,0.97383,1.50,1.50
2011.06.22 01:44:16.641,0.97365,0.97383,2.48,1.50
2011.06.22 01:44:17.192,0.97366,0.97385,1.50,1.50
2011.06.22 01:44:19.577,0.97367,0.97385,1.50,1.50
2011.06.22 01:44:19.907,0.9737,0.97392,1.50,2.25
2011.06.22 01:44:20.677,0.97371,0.97392,1.50,1.50
2011.06.22 01:44:25.036,0.97371,0.97392,1.50,1.50
2011.06.22 01:44:32.930,0.97371,0.97392,1.50,1.50
2011.06.22 01:44:40.237,0.97371,0.97392,1.50,1.50
2011.06.22 01:44:53.637,0.97371,0.97391,1.50,1.50
2011.06.22 01:44:54.187,0.97371,0.97392,1.50,2.25
2011.06.22 01:45:27.078,0.97371,0.97391,1.50,1.50
2011.06.22 01:45:27.409,0.97368,0.97379,1.50,1.50
2011.06.22 01:45:27.520,0.97366,0.97378,1.50,2.25
2011.06.22 01:45:27.628,0.97362,0.97378,1.50,2.25
2011.06.22 01:45:27.740,0.97358,0.97377,2.25,3.60
2011.06.22 01:45:28.288,0.97358,0.97376,1.50,1.35
2011.06.22 01:45:33.045,0.97358,0.97377,2.25,1.35
2011.06.22 01:45:33.158,0.97358,0.97378,2.85,2.25
2011.06.22 01:45:33.597,0.97363,0.97382,1.50,2.85
2011.06.22 01:45:34.037,0.97362,0.97382,1.50,2.25
2011.06.22 01:45:41.349,0.97362,0.97382,1.50,2.25
2011.06.22 01:45:41.899,0.97363,0.97382,1.50,2.25
2011.06.22 01:45:42.449,0.97364,0.97382,1.50,1.50
2011.06.22 01:45:44.279,0.97364,0.97382,1.50,1.50
2011.06.22 01:45:44.827,0.97365,0.97382,1.50,1.50
2011.06.22 01:45:58.909,0.97365,0.97384,1.50,1.50
2011.06.22 01:46:14.400,0.97368,0.97387,1.50,1.43
2011.06.22 01:46:14.731,0.97371,0.97389,1.92,1.50
2011.06.22 01:46:15.170,0.97372,0.97392,1.50,2.10
2011.06.22 01:46:15.388,0.97373,0.97392,1.50,2.10
2011.06.22 01:46:15.611,0.97375,0.97393,2.25,1.50
2011.06.22 01:46:15.719,0.97375,0.97395,2.25,1.50
2011.06.22 01:46:19.890,0.97373,0.97394,1.50,1.50
2011.06.22 01:46:20.003,0.97371,0.97392,2.25,1.50
2011.06.22 01:46:20.558,0.97372,0.97393,1.50,2.25
2011.06.22 01:46:20.778,0.97373,0.97393,1.50,1.50
2011.06.22 01:46:21.000,0.97373,0.97392,1.50,1.50
2011.06.22 01:46:21.218,0.97372,0.97392,1.50,1.50
2011.06.22 01:46:21.548,0.97372,0.97392,1.50,1.50
2011.06.22 01:46:22.140,0.97373,0.97392,1.50,1.50
2011.06.22 01:46:23.440,0.97371,0.97387,1.50,2.25
2011.06.22 01:46:23.550,0.97369,0.97385,1.50,1.50
2011.06.22 01:46:23.772,0.97364,0.97383,1.92,1.35
2011.06.22 01:46:23.887,0.97364,0.97383,1.50,2.48
2011.06.22 01:46:25.477,0.97363,0.97383,1.50,1.50
2011.06.22 01:46:25.807,0.97364,0.97384,1.50,2.10
2011.06.22 01:46:26.028,0.97364,0.97384,1.50,2.10
2011.06.22 01:46:34.027,0.97365,0.97384,1.50,1.35
2011.06.22 01:46:34.248,0.97367,0.97387,1.50,1.88
2011.06.22 01:46:34.468,0.97369,0.97389,1.50,1.50
2011.06.22 01:46:44.567,0.97369,0.97389,2.25,1.50
2011.06.22 01:46:45.128,0.97369,0.97389,2.25,1.13
2011.06.22 01:46:51.139,0.97369,0.97389,2.25,2.48
2011.06.22 01:46:51.468,0.97366,0.97386,1.50,1.50
2011.06.22 01:46:55.428,0.97365,0.97386,2.25,2.10
2011.06.22 01:46:56.639,0.97366,0.97386,1.50,1.35
2011.06.22 01:46:56.748,0.97368,0.97388,1.50,1.50
2011.06.22 01:46:57.188,0.9737,0.9739,1.88,1.50
2011.06.22 01:46:59.408,0.97368,0.97386,1.88,1.35
2011.06.22 01:46:59.518,0.97368,0.97386,1.50,1.35
2011.06.22 01:46:59.739,0.97365,0.97384,1.50,1.35
2011.06.22 01:46:59.847,0.97364,0.97384,1.50,1.35
2011.06.22 01:47:00.405,0.97363,0.97384,1.50,1.35
2011.06.22 01:47:02.448,0.97365,0.97387,1.50,3.75
2011.06.22 01:47:02.557,0.97365,0.97387,2.25,2.25
2011.06.22 01:47:03.107,0.97365,0.97386,1.50,1.50
2011.06.22 01:47:05.447,0.97365,0.97387,3.00,1.50
2011.06.22 01:47:08.198,0.97366,0.97387,1.50,1.50
2011.06.22 01:47:11.108,0.97365,0.97387,1.50,2.10
2011.06.22 01:47:11.759,0.97365,0.97387,2.25,2.85
2011.06.22 01:47:14.731,0.97365,0.97386,1.50,1.50
2011.06.22 01:47:17.388,0.97365,0.97386,3.00,1.58
2011.06.22 01:47:21.697,0.97365,0.97387,2.25,1.43
2011.06.22 01:47:24.618,0.97365,0.97387,2.25,1.35
2011.06.22 01:47:28.459,0.97369,0.97388,1.50,1.50
2011.06.22 01:47:29.007,0.97371,0.9739,1.50,1.81
2011.06.22 01:47:35.108,0.97368,0.97382,1.50,1.35
2011.06.22 01:47:35.439,0.97368,0.97387,2.25,1.50
2011.06.22 01:47:35.877,0.97369,0.97388,1.50,1.50
2011.06.22 01:47:37.169,0.97368,0.97387,1.50,1.35
2011.06.22 01:47:37.867,0.97365,0.97387,2.63,1.35
2011.06.22 01:47:38.417,0.97366,0.97386,2.25,1.50
2011.06.22 01:47:40.067,0.97366,0.97386,2.25,1.50
2011.06.22 01:47:46.918,0.97367,0.97386,1.13,1.50
2011.06.22 01:47:47.469,0.97366,0.97386,2.25,1.50
2011.06.22 01:47:48.314,0.97366,0.97386,1.50,1.50
2011.06.22 01:47:48.757,0.97366,0.97386,3.38,1.50
2011.06.22 01:47:51.970,0.97371,0.97389,1.50,1.35
2011.06.22 01:47:52.517,0.97372,0.97393,2.25,1.50
2011.06.22 01:47:54.938,0.97375,0.97394,1.88,1.50
2011.06.22 01:47:55.378,0.97378,0.97397,1.50,1.50
2011.06.22 01:47:57.389,0.97378,0.97391,1.50,1.35
2011.06.22 01:47:57.720,0.97375,0.97394,1.50,1.50
2011.06.22 01:47:57.828,0.97375,0.97394,1.50,1.50
2011.06.22 01:47:58.049,0.97375,0.97394,1.50,1.50
2011.06.22 01:47:58.378,0.97373,0.97393,1.50,1.50
2011.06.22 01:47:59.033,0.97373,0.97393,1.50,1.50
2011.06.22 01:48:09.418,0.97375,0.97395,1.50,2.10
2011.06.22 01:48:09.987,0.97375,0.97395,1.50,2.10
2011.06.22 01:48:14.979,0.97373,0.97392,2.10,1.50
2011.06.22 01:48:15.308,0.97373,0.97389,2.10,1.50
2011.06.22 01:48:15.857,0.97372,0.97391,1.35,2.63
2011.06.22 01:48:17.630,0.97371,0.97392,2.33,1.50
2011.06.22 01:48:21.590,0.9737,0.97389,2.25,1.50
2011.06.22 01:48:24.138,0.97373,0.97391,1.35,2.25
2011.06.22 01:48:24.248,0.97373,0.97393,1.35,3.00
2011.06.22 01:48:24.468,0.97372,0.97393,1.50,1.35
2011.06.22 01:48:24.578,0.97372,0.97392,1.50,2.25
2011.06.22 01:48:24.801,0.97371,0.97392,1.50,2.25
2011.06.22 01:48:27.809,0.9737,0.9739,1.50,2.25
2011.06.22 01:48:28.139,0.97368,0.97388,1.50,3.23
2011.06.22 01:48:28.248,0.97366,0.97387,1.50,1.50
2011.06.22 01:48:29.129,0.97365,0.97386,1.50,1.88
2011.06.22 01:48:32.283,0.97365,0.97386,3.38,1.50
2011.06.22 01:48:32.948,0.97367,0.97386,1.13,1.50
2011.06.22 01:48:33.281,0.97369,0.97387,1.50,2.10
2011.06.22 01:48:33.608,0.97371,0.97389,1.50,1.50
2011.06.22 01:48:37.043,0.9737,0.97388,2.25,1.50
2011.06.22 01:48:37.488,0.97366,0.97385,1.50,1.35
2011.06.22 01:48:41.989,0.97366,0.97385,1.88,1.35
2011.06.22 01:48:42.916,0.97365,0.97386,2.63,1.50
2011.06.22 01:48:43.036,0.97369,0.97387,1.50,1.50
2011.06.22 01:48:43.368,0.97372,0.97393,1.50,3.00
2011.06.22 01:48:45.129,0.9737,0.9739,2.25,1.50
2011.06.22 01:48:45.678,0.97366,0.97387,2.25,1.35
2011.06.22 01:48:46.008,0.97366,0.97387,2.25,1.35
2011.06.22 01:48:46.558,0.97366,0.97387,2.25,1.35
2011.06.22 01:48:49.267,0.97366,0.97387,2.25,1.35
2011.06.22 01:48:53.139,0.97362,0.97383,2.63,1.88
2011.06.22 01:48:53.689,0.97363,0.97382,1.50,1.50
2011.06.22 01:48:53.910,0.97364,0.97383,1.50,1.88
2011.06.22 01:48:54.019,0.97362,0.97381,3.00,1.50
2011.06.22 01:48:54.349,0.97362,0.9738,1.50,1.35
2011.06.22 01:48:55.131,0.9736,0.9738,2.25,1.35
2011.06.22 01:48:55.460,0.97361,0.97383,2.85,3.00
2011.06.22 01:48:55.790,0.97365,0.97383,1.13,2.25
2011.06.22 01:48:55.899,0.97366,0.97385,1.50,1.35
2011.06.22 01:48:56.010,0.97368,0.97386,1.50,2.10
2011.06.22 01:48:56.120,0.97368,0.97386,2.25,1.50
2011.06.22 01:48:56.338,0.9737,0.9739,2.25,1.50
2011.06.22 01:48:56.887,0.97371,0.97392,1.50,2.25
2011.06.22 01:48:57.769,0.9737,0.97392,2.85,2.25
2011.06.22 01:48:58.677,0.97371,0.97392,1.50,1.50
2011.06.22 01:48:59.669,0.97371,0.97389,1.50,1.50
2011.06.22 01:48:59.891,0.97368,0.97387,3.00,1.50
2011.06.22 01:49:00.346,0.97366,0.97386,2.25,1.13
2011.06.22 01:49:00.463,0.97365,0.97384,1.50,1.35
2011.06.22 01:49:01.127,0.97365,0.97385,2.25,1.50
2011.06.22 01:49:05.104,0.97365,0.97385,2.63,1.50
2011.06.22 01:49:05.548,0.97367,0.97386,1.13,1.35
2011.06.22 01:49:05.878,0.97369,0.97387,1.50,1.35
2011.06.22 01:49:06.098,0.97369,0.9739,1.88,1.50
2011.06.22 01:49:08.417,0.97371,0.97392,3.60,1.50
2011.06.22 01:49:12.918,0.97371,0.9739,1.50,1.35
2011.06.22 01:49:13.578,0.97369,0.9739,1.50,2.85
2011.06.22 01:49:13.908,0.97367,0.97385,1.50,1.35
2011.06.22 01:49:14.684,0.97365,0.97385,1.50,1.35
2011.06.22 01:49:17.129,0.97365,0.97385,2.63,1.35
2011.06.22 01:49:17.678,0.97365,0.97385,2.25,1.35
2011.06.22 01:49:18.558,0.97365,0.97385,3.00,1.35
2011.06.22 01:49:21.358,0.97365,0.97385,2.25,1.35
2011.06.22 01:49:22.237,0.97365,0.97385,3.00,1.35
2011.06.22 01:49:23.998,0.97365,0.97385,2.63,1.35
2011.06.22 01:49:24.221,0.97365,0.97385,2.63,1.35
2011.06.22 01:49:25.649,0.97365,0.97385,3.38,1.35
2011.06.22 01:49:26.656,0.97367,0.97389,3.00,1.50
2011.06.22 01:49:26.773,0.97371,0.9739,1.50,1.50
2011.06.22 01:49:31.558,0.9737,0.97388,2.10,1.50
2011.06.22 01:49:31.888,0.97366,0.97386,1.50,2.25
2011.06.22 01:49:32.000,0.97366,0.97385,1.50,1.50
2011.06.22 01:49:39.870,0.97366,0.97386,1.50,1.50
2011.06.22 01:49:40.417,0.97366,0.97386,1.50,1.50
2011.06.22 01:49:40.974,0.97366,0.97386,1.50,1.50
2011.06.22 01:49:44.698,0.97366,0.97386,1.88,1.50
2011.06.22 01:49:53.139,0.97366,0.97386,1.50,1.50
2011.06.22 01:49:53.249,0.97368,0.97387,1.50,1.35
2011.06.22 01:49:53.471,0.9737,0.97392,1.50,2.10
2011.06.22 01:49:53.589,0.9737,0.97392,1.50,2.10
2011.06.22 01:50:18.009,0.97368,0.97388,1.50,1.50
2011.06.22 01:50:18.338,0.97366,0.97387,1.50,1.50
2011.06.22 01:50:32.789,0.97367,0.97388,3.00,2.10
2011.06.22 01:50:32.899,0.97368,0.97389,2.10,1.50
2011.06.22 01:50:33.448,0.97368,0.9739,2.48,1.50
2011.06.22 01:50:36.908,0.97369,0.9739,1.50,2.10
2011.06.22 01:50:37.458,0.97368,0.9739,1.50,2.10
2011.06.22 01:50:38.008,0.97369,0.9739,1.88,2.10
2011.06.22 01:50:38.559,0.97371,0.97393,2.25,2.25
2011.06.22 01:50:41.597,0.9737,0.9739,1.50,1.35
2011.06.22 01:50:41.820,0.97366,0.97388,1.50,3.75
2011.06.22 01:50:42.040,0.97365,0.97388,1.50,3.00
2011.06.22 01:50:45.961,0.97364,0.97382,2.10,1.50
2011.06.22 01:50:46.192,0.97363,0.97378,2.25,1.50
2011.06.22 01:50:46.832,0.97362,0.97382,1.50,1.50
2011.06.22 01:50:46.953,0.97362,0.97382,1.50,1.50
2011.06.22 01:50:47.288,0.97363,0.97385,1.50,1.50
2011.06.22 01:50:47.793,0.97363,0.97386,1.50,2.10
2011.06.22 01:50:51.488,0.97363,0.97386,1.50,2.85
2011.06.22 01:50:51.817,0.97363,0.97383,1.50,1.50
2011.06.22 01:51:05.218,0.97362,0.97382,1.50,1.50
2011.06.22 01:51:20.780,0.97361,0.97379,1.88,1.50
2011.06.22 01:51:20.904,0.97359,0.97379,1.50,1.50
2011.06.22 01:51:21.459,0.97358,0.97379,2.25,2.25
2011.06.22 01:51:23.658,0.97358,0.9738,2.25,1.35
2011.06.22 01:51:48.618,0.9736,0.9738,1.13,1.35
2011.06.22 01:51:53.207,0.97359,0.9738,2.63,1.35
2011.06.22 01:51:53.757,0.97359,0.9738,2.25,1.35
2011.06.22 01:52:01.932,0.97359,0.9738,1.50,1.35
2011.06.22 01:52:02.488,0.97358,0.97379,2.25,1.50
2011.06.22 01:52:08.971,0.97358,0.97374,2.25,1.50
2011.06.22 01:52:09.309,0.97353,0.9737,1.50,1.50
2011.06.22 01:52:09.858,0.97353,0.9737,2.25,1.50
2011.06.22 01:52:10.892,0.97353,0.97372,1.50,1.50
2011.06.22 01:52:11.646,0.97352,0.97371,1.50,1.06
2011.06.22 01:52:19.880,0.97352,0.97371,1.50,1.06
2011.06.22 01:52:20.430,0.97353,0.97372,1.50,1.50
2011.06.22 01:52:20.538,0.97355,0.97372,1.50,1.50
2011.06.22 01:52:20.649,0.97359,0.97374,1.13,2.25
2011.06.22 01:52:20.760,0.97359,0.97377,1.13,3.60
2011.06.22 01:52:20.868,0.97359,0.97377,2.10,1.50
2011.06.22 01:52:21.199,0.97363,0.97382,1.50,1.50
2011.06.22 01:52:21.313,0.97363,0.97382,2.63,1.50
2011.06.22 01:52:21.868,0.97363,0.97385,2.25,2.10
2011.06.22 01:52:54.649,0.97361,0.97382,1.50,1.50
2011.06.22 01:52:55.197,0.9736,0.97383,2.25,3.38
2011.06.22 01:52:58.678,0.97361,0.97382,2.25,1.50
2011.06.22 01:52:58.790,0.97364,0.97382,1.50,1.50
2011.06.22 01:52:59.348,0.97364,0.97382,1.50,1.50
2011.06.22 01:53:21.559,0.97361,0.97382,2.25,1.50
2011.06.22 01:53:21.779,0.97361,0.97382,2.25,1.50
2011.06.22 01:53:22.396,0.97356,0.9737,1.13,1.50
2011.06.22 01:53:22.517,0.97346,0.97367,3.00,1.50
2011.06.22 01:53:23.069,0.97347,0.97367,1.50,1.50
2011.06.22 01:53:24.099,0.97349,0.97367,1.35,1.50
2011.06.22 01:53:24.209,0.97351,0.9737,1.35,1.50
2011.06.22 01:53:24.650,0.97354,0.97374,2.10,1.50
2011.06.22 01:53:24.869,0.97355,0.97377,1.50,1.50
2011.06.22 01:53:25.088,0.97354,0.97377,2.85,1.50
2011.06.22 01:53:30.186,0.97355,0.97376,1.50,1.50
2011.06.22 01:53:30.522,0.97355,0.97372,1.50,2.63
2011.06.22 01:53:31.078,0.97354,0.97372,1.50,2.63
2011.06.22 01:53:38.629,0.97351,0.97364,1.50,1.35
2011.06.22 01:53:38.850,0.97348,0.97364,1.50,1.35
2011.06.22 01:53:38.959,0.97345,0.97362,1.50,1.35
2011.06.22 01:53:39.069,0.97342,0.97362,1.50,1.35
2011.06.22 01:53:39.617,0.97341,0.97362,1.50,1.35
2011.06.22 01:53:43.559,0.97341,0.97362,1.50,1.35
2011.06.22 01:53:50.850,0.97341,0.97362,1.50,1.35
2011.06.22 01:53:51.399,0.97341,0.97362,2.25,1.35
2011.06.22 01:53:51.619,0.97341,0.97362,2.25,1.35
2011.06.22 01:53:59.268,0.97341,0.97362,1.50,2.10
2011.06.22 01:53:59.928,0.97341,0.97362,2.25,2.10
2011.06.22 01:54:03.808,0.97341,0.97362,1.50,1.35
2011.06.22 01:54:07.105,0.97341,0.97362,1.50,1.35
2011.06.22 01:54:10.128,0.97341,0.97362,1.50,2.10
2011.06.22 01:54:11.117,0.97342,0.97362,1.50,2.10
2011.06.22 01:54:11.667,0.97342,0.97362,1.50,2.10
2011.06.22 01:54:12.108,0.97343,0.97362,1.50,2.10
2011.06.22 01:54:12.657,0.97343,0.97362,1.50,1.35
2011.06.22 01:54:15.688,0.97343,0.97362,1.50,1.35
2011.06.22 01:54:17.709,0.97345,0.97363,2.25,1.50
2011.06.22 01:54:17.819,0.97345,0.97363,2.25,1.50
2011.06.22 01:54:18.149,0.9735,0.9737,1.35,1.50
2011.06.22 01:54:21.289,0.97348,0.97368,1.50,1.50
2011.06.22 01:54:21.509,0.97348,0.97367,1.50,1.50
2011.06.22 01:54:25.788,0.97348,0.97368,1.50,2.25
2011.06.22 01:54:25.898,0.97347,0.97367,1.50,1.50
2011.06.22 01:54:26.537,0.97345,0.97367,3.00,1.50
2011.06.22 01:55:05.909,0.97347,0.97368,2.25,2.25
2011.06.22 01:55:06.240,0.97348,0.9737,1.50,2.25
2011.06.22 01:55:11.699,0.97346,0.97368,1.50,1.35
2011.06.22 01:55:12.248,0.97346,0.97368,2.25,1.35
2011.06.22 01:55:20.258,0.97348,0.97368,1.50,1.35
2011.06.22 01:55:20.808,0.97347,0.9737,3.75,1.50
2011.06.22 01:55:36.558,0.97348,0.97369,2.25,1.50
2011.06.22 01:55:40.649,0.97348,0.97369,1.88,1.50
2011.06.22 01:55:41.626,0.97349,0.9737,1.13,1.50
2011.06.22 01:55:42.068,0.97352,0.97372,1.50,1.50
2011.06.22 01:55:42.295,0.97353,0.97375,2.25,2.10
2011.06.22 01:55:42.850,0.97354,0.97375,1.13,1.35
2011.06.22 01:55:48.650,0.97355,0.97375,1.50,1.35
2011.06.22 01:55:48.762,0.97357,0.97379,1.50,1.50
2011.06.22 01:55:48.991,0.97357,0.97379,2.25,1.50
2011.06.22 01:55:49.321,0.97359,0.9738,1.50,1.66
2011.06.22 01:55:51.089,0.97358,0.97377,1.13,2.48
2011.06.22 01:55:51.199,0.97359,0.97374,1.50,1.50
2011.06.22 01:55:51.529,0.97354,0.97373,1.50,2.25
2011.06.22 01:55:51.639,0.97353,0.97373,1.50,1.50
2011.06.22 01:55:51.750,0.97353,0.97375,1.50,2.33
2011.06.22 01:55:51.968,0.97352,0.97372,1.50,1.50
2011.06.22 01:56:03.565,0.97352,0.97373,1.50,1.50
2011.06.22 01:56:03.902,0.97344,0.97361,1.50,3.75
2011.06.22 01:56:04.023,0.97345,0.97362,1.50,2.25
2011.06.22 01:56:04.251,0.97344,0.97369,1.50,3.15
2011.06.22 01:56:04.359,0.97342,0.97367,1.50,1.50
2011.06.22 01:56:04.580,0.97342,0.97367,2.25,1.50
2011.06.22 01:56:04.798,0.97343,0.97367,1.50,1.50
2011.06.22 01:56:10.138,0.97342,0.97363,2.25,1.50
2011.06.22 01:56:10.468,0.97344,0.97356,1.50,1.42
2011.06.22 01:56:10.579,0.97344,0.97362,1.88,1.89
2011.06.22 01:56:10.799,0.97338,0.97356,1.84,2.29
2011.06.22 01:56:11.020,0.97335,0.97353,1.50,1.50
2011.06.22 01:56:11.239,0.97334,0.97353,1.50,2.25
2011.06.22 01:56:12.071,0.97338,0.97353,2.10,1.50
2011.06.22 01:56:12.401,0.97343,0.97359,1.73,1.50
2011.06.22 01:56:12.509,0.97344,0.97362,1.50,1.06
2011.06.22 01:56:13.095,0.97344,0.97363,1.50,1.06
2011.06.22 01:56:13.647,0.97344,0.97363,1.50,1.06
2011.06.22 01:56:15.619,0.97344,0.97359,1.50,1.35
2011.06.22 01:56:15.729,0.97338,0.97357,3.75,1.35
2011.06.22 01:56:16.058,0.97337,0.97354,1.88,1.35
2011.06.22 01:56:16.173,0.97333,0.97352,2.25,2.10
2011.06.22 01:56:16.398,0.97333,0.97352,1.50,2.85
2011.06.22 01:56:16.948,0.97332,0.97352,2.25,2.85
2011.06.22 01:56:26.919,0.97335,0.97352,1.50,1.50
2011.06.22 01:56:27.138,0.97335,0.97355,2.25,3.23
2011.06.22 01:56:27.711,0.97335,0.97354,1.50,1.50
2011.06.22 01:56:34.689,0.97337,0.97356,1.50,2.70
2011.06.22 01:56:36.029,0.97337,0.97356,1.50,1.50
2011.06.22 01:56:42.068,0.97337,0.97354,1.50,1.35
2011.06.22 01:56:42.618,0.97337,0.97354,1.50,1.35
2011.06.22 01:56:47.800,0.97337,0.97354,1.50,1.50
2011.06.22 01:56:48.868,0.97336,0.97354,1.50,1.50
2011.06.22 01:56:49.419,0.97336,0.97354,1.50,1.50
2011.06.22 01:56:50.198,0.97336,0.97354,1.50,1.50
2011.06.22 01:56:50.858,0.97336,0.97354,1.50,1.50
2011.06.22 01:56:51.298,0.97336,0.97354,1.50,1.50
2011.06.22 01:56:57.128,0.97337,0.97356,1.50,1.73
2011.06.22 01:56:57.458,0.9734,0.97357,1.88,1.50
2011.06.22 01:56:57.899,0.97341,0.97362,1.50,2.25
2011.06.22 01:56:58.009,0.97343,0.97362,1.50,1.50
2011.06.22 01:56:58.339,0.9735,0.97369,1.50,1.35
2011.06.22 01:56:58.898,0.9735,0.97369,1.50,2.10
2011.06.22 01:57:02.390,0.97349,0.97367,1.13,2.10
2011.06.22 01:57:02.502,0.97347,0.97365,2.63,1.35
2011.06.22 01:57:03.058,0.97347,0.97366,1.88,1.35
2011.06.22 01:57:04.882,0.97351,0.97367,1.35,3.00
2011.06.22 01:57:05.220,0.97353,0.97374,1.50,2.85
2011.06.22 01:57:05.438,0.97352,0.97372,1.50,2.25
2011.06.22 01:57:05.987,0.97352,0.97372,1.50,2.25
2011.06.22 01:57:07.740,0.97351,0.97371,1.50,1.50
2011.06.22 01:57:08.289,0.9735,0.9737,1.50,1.50
2011.06.22 01:57:08.839,0.9735,0.97371,2.25,1.50
2011.06.22 01:57:10.702,0.9735,0.9737,1.50,1.50
2011.06.22 01:57:11.210,0.9735,0.9737,2.10,1.50
2011.06.22 01:57:11.442,0.97348,0.97369,3.00,1.35
2011.06.22 01:57:11.670,0.9735,0.97368,1.50,1.50
2011.06.22 01:57:11.889,0.97349,0.9737,1.88,2.10
2011.06.22 01:57:12.438,0.97349,0.9737,1.50,2.85
2011.06.22 01:57:13.870,0.97352,0.97369,1.35,1.50
2011.06.22 01:57:14.199,0.97354,0.97373,1.50,1.50
2011.06.22 01:57:14.309,0.97355,0.97375,1.50,3.00
2011.06.22 01:57:14.904,0.97354,0.97374,2.25,2.25
2011.06.22 01:57:15.023,0.97354,0.97374,2.25,2.25
2011.06.22 01:57:15.578,0.97354,0.97374,2.25,1.50
2011.06.22 01:57:20.878,0.97355,0.97374,2.10,2.25
2011.06.22 01:57:21.449,0.97356,0.97374,1.50,1.50
2011.06.22 01:57:22.328,0.97355,0.97374,1.35,2.25
2011.06.22 01:57:24.539,0.97355,0.97374,1.35,2.25
2011.06.22 01:57:25.088,0.97355,0.97374,1.35,3.00
2011.06.22 01:57:25.878,0.97355,0.97374,1.35,3.00
2011.06.22 01:57:26.651,0.97355,0.97374,1.35,2.25
2011.06.22 01:57:27.838,0.97357,0.97374,1.50,1.50
2011.06.22 01:57:28.388,0.97358,0.97376,1.50,2.25
2011.06.22 01:57:32.819,0.97358,0.97376,2.25,1.50
2011.06.22 01:57:39.870,0.97358,0.97375,1.88,1.50
2011.06.22 01:57:42.068,0.97354,0.97375,2.63,4.13
2011.06.22 01:57:43.178,0.97354,0.97375,2.63,4.13
2011.06.22 01:57:43.398,0.97354,0.97374,2.63,1.50
2011.06.22 01:57:43.619,0.97354,0.97375,2.63,3.38
2011.06.22 01:57:44.168,0.97354,0.97374,2.63,1.50
2011.06.22 01:57:44.718,0.97356,0.97375,1.50,3.38
2011.06.22 01:57:45.374,0.97356,0.97375,1.50,4.13
2011.06.22 01:57:46.162,0.97356,0.97375,1.50,3.38
2011.06.22 01:57:47.670,0.97356,0.97375,1.50,4.13
2011.06.22 01:57:52.887,0.97356,0.97375,1.50,3.38
2011.06.22 01:57:54.779,0.97355,0.97375,1.35,3.38
2011.06.22 01:57:55.348,0.97355,0.97375,1.35,4.13
2011.06.22 01:57:57.650,0.97354,0.97373,1.88,1.50
2011.06.22 01:57:57.869,0.97353,0.97371,1.50,2.10
2011.06.22 01:57:58.488,0.97351,0.97369,1.50,1.35
2011.06.22 01:58:00.440,0.97349,0.97369,1.50,2.85
2011.06.22 01:58:01.210,0.9735,0.97369,1.50,2.10
2011.06.22 01:58:01.918,0.97352,0.97369,1.13,1.50
2011.06.22 01:58:03.467,0.97352,0.97369,1.88,1.50
2011.06.22 01:58:04.019,0.97352,0.9737,1.50,1.50
2011.06.22 01:58:08.339,0.97352,0.9737,1.50,1.50
2011.06.22 01:58:11.628,0.97352,0.9737,1.50,1.50
2011.06.22 01:58:12.483,0.97352,0.9737,1.88,1.50
2011.06.22 01:58:13.037,0.97352,0.9737,1.88,1.50
2011.06.22 01:58:14.808,0.97352,0.9737,1.88,1.50
2011.06.22 01:58:15.309,0.97352,0.9737,1.88,1.50
2011.06.22 01:58:17.049,0.97352,0.9737,1.88,1.50
2011.06.22 01:58:18.739,0.97352,0.9737,1.88,1.50
2011.06.22 01:58:18.960,0.97352,0.97371,1.50,2.85
2011.06.22 01:58:19.509,0.97352,0.9737,1.50,1.50
2011.06.22 01:58:21.579,0.97352,0.97371,1.50,2.85
2011.06.22 01:58:23.209,0.97352,0.97371,1.88,2.85
2011.06.22 01:58:23.760,0.97352,0.97371,1.88,2.10
2011.06.22 01:58:27.173,0.97352,0.9737,1.88,1.50
2011.06.22 01:58:27.730,0.97352,0.9737,1.88,1.50
2011.06.22 01:58:28.389,0.97352,0.9737,1.50,2.25
2011.06.22 01:58:28.898,0.97352,0.9737,1.50,1.50
2011.06.22 01:58:31.138,0.97352,0.9737,1.50,1.50
2011.06.22 01:58:31.688,0.97352,0.9737,1.50,1.50
2011.06.22 01:58:33.488,0.97352,0.9737,1.50,1.50
2011.06.22 01:58:36.020,0.97352,0.9737,1.50,2.25
2011.06.22 01:58:36.569,0.97352,0.9737,1.50,1.50
2011.06.22 01:58:37.118,0.97352,0.9737,1.50,1.50
2011.06.22 01:58:37.620,0.97352,0.9737,1.50,1.50
2011.06.22 01:58:39.531,0.97352,0.97371,1.88,2.10
2011.06.22 01:58:39.861,0.97355,0.97372,1.13,1.50
2011.06.22 01:58:40.192,0.97352,0.97369,1.88,1.50
2011.06.22 01:58:40.749,0.97351,0.97369,1.88,1.50
2011.06.22 01:58:41.317,0.97352,0.97369,1.13,1.50
2011.06.22 01:58:41.869,0.97351,0.97369,1.50,1.50
2011.06.22 01:58:42.749,0.97351,0.97369,1.50,2.25
2011.06.22 01:58:43.298,0.9735,0.97368,1.50,1.50
2011.06.22 01:58:43.520,0.97352,0.97369,1.50,1.50
2011.06.22 01:58:44.318,0.97351,0.97369,1.13,2.25
2011.06.22 01:58:45.776,0.9735,0.97369,1.50,1.50
2011.06.22 01:58:46.332,0.9735,0.97369,1.50,2.25
2011.06.22 01:58:47.030,0.97351,0.97369,1.88,1.50
2011.06.22 01:58:47.578,0.97352,0.97369,1.50,2.25
2011.06.22 01:58:47.798,0.97352,0.97369,1.50,1.50
2011.06.22 01:58:49.838,0.97352,0.97369,1.50,1.50
2011.06.22 01:58:50.389,0.97352,0.97369,1.50,1.50
2011.06.22 01:58:50.981,0.97352,0.97369,1.50,2.25
2011.06.22 01:58:52.079,0.97352,0.97369,1.50,1.50
2011.06.22 01:58:52.627,0.97352,0.97369,1.50,1.50
2011.06.22 01:58:54.649,0.97352,0.97369,1.50,2.25
2011.06.22 01:58:56.284,0.97352,0.97369,1.50,1.50
2011.06.22 01:58:56.401,0.97351,0.97369,1.13,2.10
2011.06.22 01:58:56.513,0.97348,0.97367,2.25,1.35
2011.06.22 01:58:56.630,0.97347,0.97364,1.13,1.35
2011.06.22 01:58:56.849,0.97346,0.97364,1.50,2.10
2011.06.22 01:58:57.288,0.97346,0.97363,1.50,2.63
2011.06.22 01:59:02.118,0.97346,0.97363,1.50,3.38
2011.06.22 01:59:05.420,0.97346,0.97362,1.50,1.50
2011.06.22 01:59:06.382,0.97343,0.97362,2.25,1.50
2011.06.22 01:59:20.910,0.97342,0.9736,2.25,1.35
2011.06.22 01:59:21.458,0.97341,0.97358,1.13,1.35
2011.06.22 01:59:23.132,0.97341,0.97357,1.13,2.10
2011.06.22 01:59:23.793,0.97338,0.97355,1.88,3.00
2011.06.22 01:59:23.910,0.97338,0.97353,1.84,1.50
2011.06.22 01:59:24.239,0.97337,0.97353,1.50,1.50
2011.06.22 01:59:24.666,0.97334,0.97351,2.25,1.50
2011.06.22 01:59:24.784,0.97333,0.9735,2.25,1.50
2011.06.22 01:59:25.359,0.97333,0.97351,2.25,1.50
2011.06.22 01:59:26.560,0.97333,0.9735,2.25,1.50
2011.06.22 01:59:28.722,0.97337,0.97352,1.50,2.56
2011.06.22 01:59:29.049,0.97337,0.97352,1.50,1.06
2011.06.22 01:59:29.658,0.97336,0.97354,1.88,3.16
2011.06.22 01:59:30.260,0.97336,0.97354,1.88,2.41
2011.06.22 01:59:30.868,0.97336,0.97354,1.88,2.56
2011.06.22 01:59:31.089,0.97337,0.97354,1.50,1.50
2011.06.22 01:59:31.683,0.97337,0.97355,1.50,1.50
2011.06.22 01:59:32.349,0.97337,0.97355,2.25,1.50
2011.06.22 01:59:32.680,0.97337,0.97354,2.25,1.50
2011.06.22 01:59:33.013,0.97332,0.97349,2.25,1.50
2011.06.22 01:59:33.569,0.97332,0.9735,2.63,2.25
2011.06.22 01:59:34.098,0.97332,0.9735,2.63,1.50
2011.06.22 01:59:34.778,0.97332,0.9735,2.63,2.25
2011.06.22 01:59:35.699,0.97332,0.9735,2.63,2.25
2011.06.22 01:59:36.212,0.97332,0.9735,2.63,2.25
2011.06.22 01:59:36.649,0.97332,0.97347,2.63,1.50
2011.06.22 01:59:37.431,0.97332,0.97349,2.63,1.50
2011.06.22 01:59:38.398,0.97332,0.97349,2.63,1.50
2011.06.22 01:59:38.990,0.97332,0.9735,2.63,2.25
2011.06.22 01:59:39.649,0.97332,0.9735,2.63,1.50
2011.06.22 01:59:39.871,0.97337,0.97353,1.50,1.50
2011.06.22 01:59:40.089,0.97337,0.97354,1.50,1.50
2011.06.22 01:59:41.060,0.97337,0.97355,1.50,3.75
2011.06.22 01:59:41.610,0.97337,0.97356,1.50,1.50
2011.06.22 01:59:41.719,0.97341,0.97357,1.13,1.50
2011.06.22 01:59:41.830,0.97341,0.97357,1.88,1.50
2011.06.22 01:59:42.049,0.97341,0.9736,1.88,1.50
2011.06.22 01:59:43.961,0.97338,0.97358,3.38,1.35
2011.06.22 01:59:44.400,0.97339,0.97357,1.50,1.50
2011.06.22 01:59:44.510,0.97341,0.97358,1.50,2.10
2011.06.22 01:59:44.840,0.97341,0.97359,1.50,1.35
2011.06.22 01:59:54.830,0.97341,0.97359,1.50,1.35
