2015.01.23 02:00:02.319,1.23838,1.23857,1.25,1.09
2015.01.23 02:00:02.868,1.23839,1.23857,1.00,1.09
2015.01.23 02:00:03.880,1.2384,1.23857,1.00,1.09
2015.01.23 02:00:04.398,1.23839,1.23857,1.50,1.09
2015.01.23 02:00:05.334,1.23839,1.23855,1.00,1.01
2015.01.23 02:00:05.637,1.23838,1.23853,1.00,1.01
2015.01.23 02:00:05.688,1.23836,1.23853,1.00,1.01
2015.01.23 02:00:06.216,1.23836,1.23853,1.00,1.31
2015.01.23 02:00:20.388,1.23836,1.23854,1.00,1.31
2015.01.23 02:00:20.894,1.23836,1.23853,1.00,1.31
2015.01.23 02:00:23.270,1.23837,1.23854,1.00,1.31
2015.01.23 02:00:27.774,1.23834,1.23854,1.17,1.31
2015.01.23 02:00:28.291,1.23834,1.23854,1.17,1.69
2015.01.23 02:00:28.494,1.23838,1.23854,1.00,1.69
2015.01.23 02:00:28.657,1.23838,1.23856,1.00,2.06
2015.01.23 02:00:30.723,1.23838,1.23856,1.00,1.94
2015.01.23 02:00:31.794,1.2384,1.23856,1.00,2.00
2015.01.23 02:00:31.896,1.23838,1.23856,1.10,2.00
2015.01.23 02:00:32.428,1.23838,1.23856,1.10,1.75
2015.01.23 02:00:35.771,1.23837,1.23856,1.00,2.15
2015.01.23 02:00:36.761,1.23837,1.23853,1.00,1.27
2015.01.23 02:00:36.862,1.23833,1.23852,1.07,1.37
2015.01.23 02:00:39.846,1.23833,1.23852,1.10,1.55
2015.01.23 02:00:40.174,1.23833,1.23852,1.10,1.27
2015.01.23 02:00:43.329,1.23836,1.23852,1.00,1.12
2015.01.23 02:00:43.869,1.23836,1.23854,1.00,1.84
2015.01.23 02:00:48.707,1.23833,1.23851,1.07,1.26
2015.01.23 02:00:49.209,1.23835,1.23854,1.00,1.84
2015.01.23 02:00:49.733,1.23836,1.23854,1.00,1.09
2015.01.23 02:00:49.867,1.23834,1.23854,1.00,1.84
2015.01.23 02:00:50.457,1.23833,1.23851,1.10,1.07
2015.01.23 02:00:52.211,1.23835,1.23854,1.00,1.84
2015.01.23 02:00:54.378,1.23833,1.23854,1.57,1.84
2015.01.23 02:00:54.989,1.23835,1.23854,1.00,1.84
2015.01.23 02:00:58.705,1.23832,1.23853,1.00,1.01
2015.01.23 02:00:58.756,1.23832,1.23854,1.10,1.09
2015.01.23 02:00:59.303,1.23833,1.23852,1.00,1.62
2015.01.23 02:01:01.209,1.23833,1.23852,1.07,1.31
2015.01.23 02:01:03.675,1.23835,1.23852,1.00,1.31
2015.01.23 02:01:20.240,1.23834,1.23853,1.10,1.69
2015.01.23 02:01:29.358,1.23835,1.23855,1.50,1.94
2015.01.23 02:01:29.459,1.23835,1.23855,1.50,1.94
2015.01.23 02:01:29.987,1.23835,1.23855,1.50,1.94
2015.01.23 02:01:36.389,1.23835,1.23854,1.10,1.01
2015.01.23 02:01:36.491,1.23837,1.23854,1.00,1.01
2015.01.23 02:01:36.592,1.23835,1.23852,1.50,1.12
2015.01.23 02:01:36.642,1.23838,1.23848,1.00,1.10
2015.01.23 02:02:13.449,1.23838,1.23848,1.00,1.20
2015.01.23 02:02:21.053,1.23838,1.23848,1.00,1.20
2015.01.23 02:02:21.570,1.23838,1.23848,1.00,1.12
2015.01.23 02:02:28.084,1.23839,1.23848,1.00,1.12
2015.01.23 02:02:28.589,1.23838,1.23848,1.00,1.12
2015.01.23 02:02:29.168,1.23839,1.23851,1.00,1.37
2015.01.23 02:02:29.388,1.23839,1.23851,1.00,1.37
2015.01.23 02:02:29.894,1.23838,1.2385,1.00,1.12
2015.01.23 02:02:44.075,1.23837,1.23849,1.00,1.00
2015.01.23 02:02:44.630,1.23835,1.23847,1.50,1.00
2015.01.23 02:02:51.198,1.23837,1.23849,1.00,1.32
2015.01.23 02:02:58.129,1.23838,1.2385,1.00,1.27
2015.01.23 02:02:58.698,1.23838,1.2385,1.00,1.27
2015.01.23 02:02:59.355,1.23837,1.23849,1.00,1.10
2015.01.23 02:03:07.189,1.23837,1.23848,1.00,1.00
2015.01.23 02:03:20.127,1.23838,1.23849,1.00,1.10
2015.01.23 02:03:43.095,1.23838,1.23849,1.00,1.37
2015.01.23 02:03:48.708,1.23838,1.23849,1.00,1.50
2015.01.23 02:03:50.304,1.23838,1.23847,1.00,1.57
2015.01.23 02:03:50.406,1.23829,1.23845,1.07,1.50
2015.01.23 02:03:50.457,1.23827,1.23845,1.07,1.95
2015.01.23 02:03:50.814,1.23827,1.23841,1.10,1.07
2015.01.23 02:03:52.597,1.23829,1.23843,1.00,1.12
2015.01.23 02:03:52.901,1.23831,1.2384,1.00,1.10
2015.01.23 02:03:53.104,1.23832,1.23843,1.00,1.07
2015.01.23 02:04:03.153,1.2383,1.23841,1.00,1.00
2015.01.23 02:04:08.420,1.23833,1.23842,1.00,1.10
2015.01.23 02:04:08.774,1.23837,1.23846,1.00,1.10
2015.01.23 02:04:09.078,1.23838,1.23849,1.00,1.20
2015.01.23 02:04:21.608,1.23838,1.23849,1.00,1.10
2015.01.23 02:04:21.660,1.23837,1.23847,1.00,1.00
2015.01.23 02:04:21.865,1.23835,1.23853,1.00,2.36
2015.01.23 02:04:22.275,1.23833,1.23853,1.65,2.36
2015.01.23 02:04:25.993,1.23833,1.23852,1.12,1.84
2015.01.23 02:04:46.918,1.23832,1.23851,1.12,1.09
2015.01.23 02:05:11.199,1.2383,1.23849,1.57,1.09
2015.01.23 02:05:12.866,1.2383,1.23849,1.87,1.09
2015.01.23 02:05:13.881,1.2383,1.23849,1.87,1.20
2015.01.23 02:05:14.185,1.23827,1.23846,1.20,1.50
2015.01.23 02:05:14.287,1.23827,1.23846,1.07,1.50
2015.01.23 02:05:14.642,1.23825,1.23846,1.07,1.76
2015.01.23 02:05:15.056,1.23825,1.23846,1.12,1.84
2015.01.23 02:05:15.849,1.23822,1.23848,1.55,1.77
2015.01.23 02:05:16.051,1.23824,1.23849,1.55,1.84
2015.01.23 02:05:20.564,1.23824,1.2385,1.55,1.09
2015.01.23 02:05:37.742,1.23826,1.23848,1.46,1.01
2015.01.23 02:05:39.579,1.23826,1.23847,1.25,1.75
2015.01.23 02:05:46.002,1.23826,1.23848,1.20,1.32
2015.01.23 02:05:49.805,1.23826,1.23848,1.47,1.07
2015.01.23 02:05:56.740,1.23826,1.23844,1.52,1.12
2015.01.23 02:05:56.994,1.2382,1.23846,1.71,1.52
2015.01.23 02:05:57.095,1.2382,1.23846,1.84,1.27
2015.01.23 02:05:58.519,1.2382,1.23848,2.21,1.84
2015.01.23 02:06:06.641,1.23823,1.23846,1.44,1.77
2015.01.23 02:06:10.742,1.23822,1.23846,1.46,1.77
2015.01.23 02:06:11.855,1.23821,1.2384,1.62,1.00
2015.01.23 02:06:12.058,1.23821,1.2384,1.32,1.12
2015.01.23 02:06:17.750,1.23817,1.23841,1.09,1.47
2015.01.23 02:06:18.253,1.23818,1.23841,1.01,1.16
2015.01.23 02:06:18.819,1.23817,1.23841,1.01,1.25
2015.01.23 02:06:19.174,1.23815,1.23839,1.76,1.22
2015.01.23 02:06:19.528,1.2382,1.23839,1.10,2.02
2015.01.23 02:06:20.648,1.2382,1.23839,1.07,1.72
2015.01.23 02:06:21.103,1.23823,1.23833,1.00,1.00
2015.01.23 02:06:21.306,1.23817,1.23838,1.12,2.02
2015.01.23 02:06:21.812,1.23817,1.23836,1.87,1.22
2015.01.23 02:06:27.593,1.23821,1.23832,1.10,1.00
2015.01.23 02:06:29.125,1.23823,1.23834,1.00,1.00
2015.01.23 02:06:30.076,1.23823,1.23834,1.00,1.45
2015.01.23 02:06:30.398,1.23822,1.23831,1.00,1.00
2015.01.23 02:06:40.549,1.23822,1.23834,1.00,1.32
2015.01.23 02:06:41.056,1.23822,1.23834,1.00,1.25
2015.01.23 02:06:45.580,1.23822,1.23834,1.00,1.07
2015.01.23 02:06:46.266,1.23822,1.23834,1.00,1.07
2015.01.23 02:06:46.684,1.23822,1.23834,1.00,1.10
2015.01.23 02:06:50.006,1.23825,1.23834,1.00,1.00
2015.01.23 02:07:02.025,1.23823,1.23834,1.00,1.10
2015.01.23 02:07:02.126,1.23823,1.23832,1.00,1.00
2015.01.23 02:07:02.330,1.2382,1.23831,1.00,1.00
2015.01.23 02:07:02.913,1.23819,1.23829,1.00,1.00
2015.01.23 02:07:03.014,1.23816,1.23827,1.00,1.00
2015.01.23 02:07:04.225,1.23812,1.23823,1.07,1.00
2015.01.23 02:07:05.953,1.23813,1.23824,1.07,1.00
2015.01.23 02:07:11.019,1.23816,1.23825,1.00,1.00
2015.01.23 02:07:23.163,1.23815,1.23827,1.00,1.00
2015.01.23 02:07:24.245,1.23813,1.23825,1.07,1.00
2015.01.23 02:07:24.802,1.23813,1.23825,1.10,1.00
2015.01.23 02:07:28.837,1.23812,1.23824,1.07,1.00
2015.01.23 02:07:34.216,1.23812,1.23824,1.10,1.00
2015.01.23 02:07:34.725,1.23812,1.23824,1.07,1.00
2015.01.23 02:07:44.249,1.23813,1.23825,1.10,1.00
2015.01.23 02:08:11.458,1.23813,1.23823,1.00,1.00
2015.01.23 02:08:23.668,1.23813,1.23825,1.00,1.00
2015.01.23 02:08:36.405,1.23815,1.23827,1.00,1.00
2015.01.23 02:08:51.130,1.23816,1.23827,1.00,1.00
2015.01.23 02:08:51.333,1.23816,1.23829,1.50,1.00
2015.01.23 02:08:51.536,1.23819,1.23829,1.00,1.00
2015.01.23 02:08:52.042,1.23819,1.2383,1.00,1.00
2015.01.23 02:08:57.207,1.23822,1.23832,1.00,1.45
2015.01.23 02:08:57.712,1.23822,1.23832,1.00,1.12
2015.01.23 02:08:58.217,1.23822,1.23832,1.00,1.47
2015.01.23 02:08:59.815,1.23822,1.23832,1.00,1.47
2015.01.23 02:09:01.874,1.23822,1.23832,1.50,1.37
2015.01.23 02:09:03.161,1.23823,1.23834,1.00,1.37
2015.01.23 02:09:03.313,1.23823,1.23834,1.50,1.47
2015.01.23 02:09:03.819,1.23822,1.23832,1.00,1.47
2015.01.23 02:09:04.388,1.23821,1.23832,1.00,1.37
2015.01.23 02:09:08.271,1.2382,1.23832,1.00,1.37
2015.01.23 02:09:08.777,1.23819,1.23829,1.00,1.37
2015.01.23 02:09:11.161,1.23817,1.23827,1.00,1.00
2015.01.23 02:09:11.262,1.23815,1.23826,1.00,1.00
2015.01.23 02:09:11.515,1.23814,1.23824,1.00,1.00
2015.01.23 02:09:12.286,1.23811,1.23823,1.07,1.00
2015.01.23 02:09:38.761,1.23811,1.23823,1.00,1.00
2015.01.23 02:09:44.593,1.23811,1.23823,1.00,1.37
2015.01.23 02:09:45.048,1.23807,1.2382,1.20,1.00
2015.01.23 02:09:45.356,1.23806,1.23818,1.76,1.00
2015.01.23 02:09:45.863,1.23806,1.23818,1.10,1.00
2015.01.23 02:09:46.403,1.23806,1.23817,1.00,1.00
2015.01.23 02:09:46.825,1.23805,1.23815,1.00,1.00
2015.01.23 02:09:47.128,1.23802,1.23812,1.04,1.00
2015.01.23 02:09:47.685,1.23802,1.23812,1.04,1.00
2015.01.23 02:09:49.597,1.23802,1.23812,1.00,1.00
2015.01.23 02:09:50.146,1.23802,1.23812,1.04,1.00
2015.01.23 02:09:53.547,1.23802,1.23812,1.04,1.00
2015.01.23 02:09:54.058,1.23802,1.23812,1.04,1.00
2015.01.23 02:09:55.438,1.23802,1.23812,1.04,1.00
2015.01.23 02:09:57.575,1.23802,1.23812,1.04,1.00
2015.01.23 02:09:59.499,1.23802,1.23812,1.04,1.00
2015.01.23 02:10:00.004,1.23802,1.23812,1.04,1.00
2015.01.23 02:10:06.172,1.23804,1.23814,1.05,1.00
2015.01.23 02:10:23.571,1.23806,1.23815,1.00,1.07
2015.01.23 02:10:24.126,1.23806,1.23815,1.00,1.10
2015.01.23 02:10:32.421,1.23806,1.23815,1.00,1.07
2015.01.23 02:10:32.923,1.23806,1.23815,1.00,1.00
2015.01.23 02:10:40.618,1.23808,1.23817,1.00,1.00
2015.01.23 02:10:58.726,1.23809,1.23818,1.00,1.00
2015.01.23 02:10:59.029,1.23811,1.2382,1.00,1.00
2015.01.23 02:11:37.912,1.23808,1.23819,1.10,1.00
2015.01.23 02:11:39.526,1.23808,1.23819,1.07,1.00
2015.01.23 02:11:39.627,1.2381,1.23821,1.00,1.10
2015.01.23 02:11:45.923,1.23808,1.23819,1.07,1.00
2015.01.23 02:11:47.561,1.23808,1.23819,1.00,1.00
2015.01.23 02:11:48.639,1.23807,1.23816,1.00,1.00
2015.01.23 02:11:54.287,1.23804,1.23813,1.12,1.00
2015.01.23 02:11:54.361,1.23804,1.23813,1.00,1.00
2015.01.23 02:11:54.464,1.238,1.2381,1.12,1.00
2015.01.23 02:11:54.515,1.238,1.2381,1.00,1.00
2015.01.23 02:11:54.718,1.23798,1.23807,1.07,1.00
2015.01.23 02:11:54.920,1.23792,1.2381,2.66,1.72
2015.01.23 02:11:55.022,1.23792,1.2381,2.29,2.02
2015.01.23 02:11:55.275,1.2379,1.23808,1.00,1.37
2015.01.23 02:11:55.579,1.23794,1.23803,1.00,1.00
2015.01.23 02:11:57.103,1.23788,1.23809,1.95,2.02
2015.01.23 02:11:57.613,1.23788,1.23808,1.32,1.27
2015.01.23 02:12:18.802,1.23788,1.23807,1.32,1.37
2015.01.23 02:12:26.278,1.23788,1.23807,1.31,1.07
2015.01.23 02:12:40.888,1.23788,1.2381,1.41,1.62
2015.01.23 02:12:41.344,1.23788,1.2381,1.41,1.62
2015.01.23 02:12:42.327,1.23788,1.2381,1.41,1.62
2015.01.23 02:12:44.347,1.23788,1.2381,1.41,1.56
2015.01.23 02:12:46.353,1.23788,1.2381,1.41,1.37
2015.01.23 02:12:46.730,1.23787,1.23811,1.84,1.09
2015.01.23 02:12:52.025,1.2379,1.23813,1.44,1.01
2015.01.23 02:13:02.578,1.23788,1.23813,1.46,1.01
2015.01.23 02:13:05.986,1.23789,1.23808,1.27,1.12
2015.01.23 02:13:06.565,1.23788,1.23808,1.09,1.95
2015.01.23 02:13:08.509,1.23787,1.23808,1.25,1.47
2015.01.23 02:13:09.957,1.23788,1.23808,1.17,1.95
2015.01.23 02:13:15.317,1.23785,1.23805,1.39,1.07
2015.01.23 02:13:35.267,1.2379,1.2381,1.00,1.37
2015.01.23 02:13:35.369,1.23787,1.23813,1.09,1.71
2015.01.23 02:13:35.572,1.23793,1.23815,1.00,2.21
2015.01.23 02:13:35.875,1.23793,1.23815,1.10,2.51
2015.01.23 02:13:36.129,1.23793,1.23814,1.10,1.37
2015.01.23 02:13:39.504,1.23793,1.23815,1.29,1.66
2015.01.23 02:13:43.274,1.23791,1.23813,1.84,1.37
2015.01.23 02:13:43.783,1.23791,1.23813,1.84,1.37
2015.01.23 02:13:44.287,1.23791,1.23813,1.36,1.55
2015.01.23 02:13:46.689,1.23789,1.23808,1.27,1.07
2015.01.23 02:13:46.790,1.23788,1.23808,1.65,1.20
2015.01.23 02:13:49.872,1.23788,1.23808,1.22,1.12
2015.01.23 02:13:52.006,1.2379,1.2381,1.17,1.37
2015.01.23 02:13:52.056,1.23791,1.23811,1.20,1.37
2015.01.23 02:13:52.209,1.23793,1.23813,1.00,1.39
2015.01.23 02:13:52.732,1.23794,1.23816,1.10,1.84
2015.01.23 02:13:52.833,1.23796,1.23817,1.00,1.66
2015.01.23 02:13:53.050,1.23792,1.23813,1.76,2.02
2015.01.23 02:13:53.202,1.23792,1.23811,1.29,1.12
2015.01.23 02:13:53.607,1.2379,1.23811,1.20,1.37
2015.01.23 02:13:54.112,1.23787,1.23807,1.34,1.07
2015.01.23 02:13:54.264,1.23785,1.23807,2.21,1.37
2015.01.23 02:14:01.672,1.23785,1.23807,1.36,1.74
2015.01.23 02:14:03.658,1.23785,1.23807,1.17,1.55
2015.01.23 02:14:07.710,1.23785,1.23807,1.36,1.46
2015.01.23 02:14:10.544,1.23785,1.23807,1.39,1.46
2015.01.23 02:14:36.948,1.23783,1.23808,1.55,1.27
2015.01.23 02:14:37.492,1.23783,1.23808,1.55,1.22
2015.01.23 02:14:38.008,1.23785,1.23807,1.95,1.27
2015.01.23 02:14:38.268,1.23785,1.23805,1.20,1.17
2015.01.23 02:14:45.971,1.23785,1.23805,1.76,1.46
2015.01.23 02:14:57.286,1.23786,1.23806,2.02,1.69
2015.01.23 02:14:57.540,1.23789,1.23808,1.00,2.51
2015.01.23 02:14:57.742,1.23786,1.23808,3.64,2.51
2015.01.23 02:14:59.743,1.23787,1.23808,1.39,1.15
2015.01.23 02:15:00.735,1.23786,1.23806,2.44,1.30
2015.01.23 02:15:03.572,1.23786,1.23806,2.25,1.49
2015.01.23 02:15:04.592,1.23786,1.23806,2.25,1.16
2015.01.23 02:15:06.479,1.23785,1.23805,2.06,1.00
2015.01.23 02:15:06.581,1.23785,1.23805,1.87,1.17
2015.01.23 02:15:10.382,1.23789,1.23799,1.00,1.00
2015.01.23 02:15:10.635,1.23787,1.23798,1.10,1.00
2015.01.23 02:15:10.837,1.2378,1.238,1.12,1.54
2015.01.23 02:15:10.888,1.23779,1.23798,1.37,1.15
2015.01.23 02:15:10.939,1.23778,1.23798,1.12,1.22
2015.01.23 02:15:11.040,1.23775,1.23798,1.22,1.65
2015.01.23 02:15:11.192,1.23774,1.23796,1.72,1.52
2015.01.23 02:15:11.294,1.23773,1.23794,1.07,1.46
2015.01.23 02:15:11.395,1.2377,1.23792,1.87,1.27
2015.01.23 02:15:11.699,1.23768,1.2379,1.95,1.20
2015.01.23 02:15:16.539,1.23769,1.23792,1.31,2.59
2015.01.23 02:15:21.755,1.23769,1.23792,1.77,2.21
2015.01.23 02:15:27.693,1.23777,1.23789,1.00,1.10
2015.01.23 02:15:27.996,1.23777,1.23789,1.07,1.00
2015.01.23 02:15:28.097,1.23778,1.23792,1.07,1.00
2015.01.23 02:15:28.439,1.23783,1.23793,1.00,1.00
2015.01.23 02:15:28.895,1.23779,1.23801,2.02,1.76
2015.01.23 02:15:29.098,1.23776,1.23799,2.21,1.26
2015.01.23 02:15:29.614,1.23775,1.23801,3.82,1.30
2015.01.23 02:15:37.591,1.23778,1.238,2.40,1.84
2015.01.23 02:15:37.895,1.2378,1.238,1.57,1.01
2015.01.23 02:15:40.208,1.23779,1.238,1.01,1.10
2015.01.23 02:15:40.665,1.23775,1.23801,4.76,1.34
2015.01.23 02:15:40.766,1.23775,1.23801,2.15,1.54
2015.01.23 02:15:40.968,1.23773,1.23801,1.09,1.84
2015.01.23 02:15:44.037,1.23772,1.238,1.84,1.09
2015.01.23 02:15:47.387,1.23774,1.23797,1.01,1.44
2015.01.23 02:15:58.893,1.2378,1.23801,1.20,1.45
2015.01.23 02:15:59.045,1.2378,1.23801,2.40,1.20
2015.01.23 02:16:00.992,1.2378,1.23801,1.57,1.20
2015.01.23 02:16:04.796,1.23783,1.23802,1.25,1.69
2015.01.23 02:16:05.099,1.23786,1.23807,1.72,1.53
2015.01.23 02:16:05.622,1.23788,1.23808,1.17,2.18
2015.01.23 02:16:07.296,1.23785,1.23804,1.72,1.07
2015.01.23 02:16:08.383,1.23785,1.23804,1.25,1.37
2015.01.23 02:16:08.939,1.23785,1.23804,1.20,1.37
2015.01.23 02:16:10.002,1.23785,1.23804,1.17,1.37
2015.01.23 02:16:10.816,1.23787,1.23806,2.40,1.87
2015.01.23 02:16:11.019,1.23789,1.2381,1.15,1.37
2015.01.23 02:16:11.222,1.23794,1.23813,1.00,1.62
2015.01.23 02:16:11.529,1.23795,1.23816,1.17,1.01
2015.01.23 02:16:13.650,1.23793,1.23814,1.25,1.47
2015.01.23 02:16:16.795,1.23794,1.23815,1.05,1.74
2015.01.23 02:16:17.099,1.238,1.23818,1.17,1.69
2015.01.23 02:16:22.919,1.23801,1.23818,1.20,1.69
2015.01.23 02:16:23.021,1.23802,1.23818,1.10,1.37
2015.01.23 02:16:23.426,1.23802,1.23818,1.17,1.37
2015.01.23 02:16:27.858,1.23804,1.23818,1.00,1.37
2015.01.23 02:16:28.061,1.23804,1.23821,1.00,2.44
2015.01.23 02:16:28.581,1.23803,1.2382,1.57,1.20
2015.01.23 02:16:28.631,1.23805,1.2382,1.00,1.20
2015.01.23 02:16:28.935,1.23807,1.23821,1.00,2.00
2015.01.23 02:16:29.138,1.23803,1.23823,1.80,1.56
2015.01.23 02:16:30.793,1.23803,1.23824,2.63,1.69
2015.01.23 02:16:34.885,1.23804,1.23823,1.44,1.62
2015.01.23 02:16:36.720,1.23804,1.23823,1.44,1.37
2015.01.23 02:16:37.714,1.23804,1.23823,1.44,1.56
2015.01.23 02:16:38.319,1.23804,1.23823,1.44,1.56
2015.01.23 02:16:39.052,1.23804,1.23823,1.44,1.56
2015.01.23 02:16:39.640,1.23804,1.23823,1.44,1.56
2015.01.23 02:16:40.301,1.23804,1.23823,1.44,1.62
2015.01.23 02:16:40.887,1.23805,1.23823,1.02,1.39
2015.01.23 02:16:41.241,1.23805,1.23824,1.02,1.56
2015.01.23 02:16:41.793,1.23805,1.23824,1.02,1.56
2015.01.23 02:16:42.047,1.23805,1.23824,1.02,1.56
2015.01.23 02:16:42.937,1.23805,1.23824,1.02,1.69
2015.01.23 02:16:43.739,1.23805,1.23824,1.02,1.69
2015.01.23 02:16:43.898,1.23805,1.23824,1.77,1.56
2015.01.23 02:16:44.492,1.23805,1.23824,1.77,1.62
2015.01.23 02:16:45.069,1.23805,1.23824,1.77,1.56
2015.01.23 02:16:45.595,1.23805,1.23824,1.77,1.56
2015.01.23 02:16:46.256,1.23805,1.23824,1.77,1.37
2015.01.23 02:16:46.888,1.23805,1.23826,1.77,2.14
2015.01.23 02:16:48.717,1.23806,1.23826,1.02,2.14
2015.01.23 02:16:49.226,1.23806,1.23826,1.02,2.14
2015.01.23 02:16:50.454,1.23806,1.23826,1.02,2.14
2015.01.23 02:16:51.256,1.23806,1.23826,1.02,2.14
2015.01.23 02:16:51.841,1.23806,1.23826,1.02,2.14
2015.01.23 02:16:52.688,1.23806,1.23826,1.02,2.14
2015.01.23 02:16:52.988,1.23801,1.23824,2.21,1.64
2015.01.23 02:16:55.237,1.238,1.23824,1.36,1.71
2015.01.23 02:16:55.856,1.23799,1.23821,1.44,1.37
2015.01.23 02:17:00.715,1.23799,1.23821,1.09,1.71
2015.01.23 02:17:04.007,1.23797,1.23818,1.09,1.39
2015.01.23 02:17:05.525,1.23796,1.23816,1.31,1.22
2015.01.23 02:17:05.677,1.2379,1.23814,1.84,1.25
2015.01.23 02:17:05.779,1.2379,1.23814,1.31,1.52
2015.01.23 02:17:06.133,1.23785,1.23811,2.21,1.52
2015.01.23 02:17:06.235,1.23785,1.23811,2.21,1.52
2015.01.23 02:17:07.103,1.23788,1.23808,1.45,1.37
2015.01.23 02:17:07.407,1.23788,1.2381,1.45,1.47
2015.01.23 02:17:07.458,1.23788,1.2381,1.64,1.17
2015.01.23 02:17:09.527,1.23787,1.2381,1.71,1.15
2015.01.23 02:17:10.033,1.23787,1.2381,2.21,1.22
2015.01.23 02:17:14.920,1.2379,1.23817,1.46,1.84
2015.01.23 02:17:15.022,1.2379,1.23817,1.77,1.71
2015.01.23 02:17:16.033,1.23795,1.2382,1.44,1.76
2015.01.23 02:17:16.235,1.23796,1.23822,1.77,1.71
2015.01.23 02:17:17.456,1.23797,1.23822,1.55,2.21
2015.01.23 02:17:21.509,1.238,1.23822,1.46,1.57
2015.01.23 02:17:29.505,1.238,1.23824,2.21,1.09
2015.01.23 02:17:29.839,1.23802,1.23825,1.41,1.94
2015.01.23 02:17:30.143,1.23804,1.23826,3.07,1.31
2015.01.23 02:17:30.345,1.23804,1.23827,4.65,1.94
2015.01.23 02:17:32.088,1.23804,1.23827,2.47,1.76
2015.01.23 02:17:34.678,1.23804,1.23827,2.66,1.75
2015.01.23 02:17:39.329,1.2381,1.23823,1.00,1.12
2015.01.23 02:17:39.430,1.2381,1.23823,1.00,1.07
2015.01.23 02:17:39.986,1.23811,1.23823,1.00,1.07
2015.01.23 02:17:40.138,1.23811,1.23825,1.00,1.10
2015.01.23 02:17:40.239,1.23813,1.23829,1.00,1.32
2015.01.23 02:17:40.824,1.23813,1.23829,1.00,1.32
2015.01.23 02:17:42.632,1.2381,1.23833,1.46,1.71
2015.01.23 02:17:42.733,1.23814,1.23836,1.10,2.21
2015.01.23 02:17:43.319,1.23813,1.23835,1.22,1.01
2015.01.23 02:17:47.678,1.23813,1.23837,1.47,1.94
2015.01.23 02:17:50.051,1.23814,1.23837,1.25,2.07
2015.01.23 02:17:51.125,1.23816,1.23832,1.00,1.07
2015.01.23 02:17:51.227,1.23816,1.23832,1.00,1.10
2015.01.23 02:17:54.970,1.23818,1.23833,1.00,1.07
2015.01.23 02:17:55.273,1.23818,1.23836,1.07,1.32
2015.01.23 02:17:55.526,1.2382,1.23838,1.07,1.71
2015.01.23 02:18:00.689,1.23819,1.23836,1.07,1.07
2015.01.23 02:18:07.523,1.23819,1.23836,1.00,1.27
2015.01.23 02:18:08.473,1.23818,1.23833,1.00,1.10
2015.01.23 02:18:09.700,1.23819,1.23832,1.00,1.00
2015.01.23 02:18:14.742,1.23816,1.23832,1.69,1.10
2015.01.23 02:18:15.307,1.23816,1.23829,1.69,1.00
2015.01.23 02:18:18.058,1.23812,1.23831,1.87,1.47
2015.01.23 02:18:18.159,1.23812,1.23831,1.07,1.55
2015.01.23 02:18:18.279,1.2381,1.2383,1.35,1.75
2015.01.23 02:18:18.838,1.23809,1.23829,1.10,1.65
2015.01.23 02:18:25.122,1.23806,1.23831,1.71,1.09
2015.01.23 02:18:27.850,1.23808,1.23832,1.45,1.09
2015.01.23 02:18:34.242,1.23808,1.23831,1.46,1.09
2015.01.23 02:18:39.742,1.23807,1.23831,1.46,1.09
2015.01.23 02:18:44.201,1.23807,1.2383,1.31,3.07
2015.01.23 02:18:44.509,1.23803,1.23826,1.56,2.40
2015.01.23 02:18:44.965,1.23802,1.23824,1.76,1.25
2015.01.23 02:18:45.016,1.23802,1.23824,1.69,1.25
2015.01.23 02:18:45.472,1.23802,1.23824,1.69,1.22
2015.01.23 02:18:47.998,1.23802,1.23824,1.31,1.22
2015.01.23 02:18:52.802,1.23802,1.23825,1.46,2.40
2015.01.23 02:19:06.103,1.23804,1.23823,1.07,1.55
2015.01.23 02:19:09.228,1.23802,1.23823,2.59,1.55
2015.01.23 02:19:10.329,1.23802,1.23823,2.29,1.55
2015.01.23 02:19:14.936,1.23803,1.23824,1.36,1.92
2015.01.23 02:19:18.582,1.23803,1.23824,1.36,1.92
2015.01.23 02:19:19.108,1.23803,1.23824,1.17,1.92
2015.01.23 02:19:24.087,1.23803,1.23824,1.36,1.92
2015.01.23 02:19:28.071,1.23803,1.23822,1.36,1.45
2015.01.23 02:19:30.125,1.23803,1.23822,1.74,1.45
2015.01.23 02:19:34.087,1.23804,1.23824,1.46,1.75
2015.01.23 02:19:37.086,1.23804,1.23824,1.46,1.75
2015.01.23 02:19:38.087,1.23804,1.23825,1.46,2.44
2015.01.23 02:19:40.231,1.23805,1.23825,1.22,1.50
2015.01.23 02:19:40.990,1.23805,1.23825,1.22,1.50
2015.01.23 02:19:43.304,1.23809,1.23829,1.07,1.12
2015.01.23 02:19:43.508,1.23809,1.23834,1.52,1.09
2015.01.23 02:19:43.659,1.23813,1.23833,1.27,1.75
2015.01.23 02:19:44.175,1.23813,1.23833,1.57,1.50
2015.01.23 02:19:57.076,1.23815,1.23835,1.27,1.75
2015.01.23 02:19:57.387,1.23815,1.23835,1.17,1.87
2015.01.23 02:20:00.430,1.23815,1.23831,1.00,1.50
2015.01.23 02:20:00.480,1.2381,1.2383,2.14,1.07
2015.01.23 02:20:00.582,1.2381,1.23829,1.31,1.12
2015.01.23 02:20:00.839,1.23808,1.23828,1.84,1.12
2015.01.23 02:20:01.042,1.23808,1.23827,1.32,1.47
2015.01.23 02:20:01.346,1.23806,1.23827,1.25,1.57
2015.01.23 02:20:17.407,1.23806,1.23824,1.44,1.07
2015.01.23 02:20:24.196,1.23806,1.23825,1.44,1.07
2015.01.23 02:20:25.171,1.23806,1.23825,1.44,1.07
2015.01.23 02:20:26.173,1.23806,1.23825,1.44,1.07
2015.01.23 02:20:27.284,1.23806,1.23825,1.44,1.07
2015.01.23 02:20:29.386,1.23806,1.23825,1.36,1.12
2015.01.23 02:20:40.969,1.23806,1.23827,1.76,1.70
2015.01.23 02:20:48.522,1.23807,1.23827,1.76,1.57
2015.01.23 02:20:49.188,1.23808,1.23828,1.71,1.07
2015.01.23 02:20:52.604,1.23806,1.23827,2.59,1.20
2015.01.23 02:20:52.705,1.23806,1.23827,1.84,1.50
2015.01.23 02:20:58.710,1.23806,1.23827,1.84,1.69
2015.01.23 02:21:00.814,1.23808,1.23827,1.36,1.50
2015.01.23 02:21:02.838,1.23808,1.23827,1.36,1.12
2015.01.23 02:21:03.864,1.23808,1.23827,1.17,1.12
2015.01.23 02:21:04.353,1.23808,1.23827,1.20,1.12
2015.01.23 02:21:08.640,1.23806,1.23827,1.27,1.07
2015.01.23 02:21:10.108,1.23813,1.23827,1.20,1.07
2015.01.23 02:21:10.412,1.23817,1.23836,2.02,2.25
2015.01.23 02:21:10.513,1.23819,1.23836,1.10,2.25
2015.01.23 02:21:10.564,1.23817,1.23839,1.72,2.81
2015.01.23 02:21:10.868,1.23819,1.2383,1.00,1.00
2015.01.23 02:21:11.373,1.2382,1.23831,1.10,1.00
2015.01.23 02:21:13.058,1.23819,1.23828,1.00,1.00
2015.01.23 02:21:13.621,1.23816,1.23834,1.32,1.57
2015.01.23 02:21:13.824,1.23816,1.23834,1.09,1.45
2015.01.23 02:21:14.077,1.23816,1.23835,1.65,1.45
2015.01.23 02:21:14.381,1.23822,1.23833,1.00,1.00
2015.01.23 02:21:15.619,1.23822,1.23833,1.07,1.00
2015.01.23 02:21:16.699,1.23822,1.23833,1.10,1.00
2015.01.23 02:21:18.468,1.23822,1.23833,1.07,1.00
2015.01.23 02:21:19.218,1.23823,1.23836,1.07,1.12
2015.01.23 02:21:19.739,1.23821,1.23835,2.06,1.00
2015.01.23 02:21:20.761,1.23824,1.23837,1.10,1.12
2015.01.23 02:21:39.498,1.23829,1.23837,1.00,1.00
2015.01.23 02:21:41.411,1.23829,1.23838,1.00,1.20
2015.01.23 02:21:42.016,1.23831,1.23838,1.00,1.20
2015.01.23 02:21:42.320,1.23828,1.23838,1.00,1.00
2015.01.23 02:21:42.523,1.23831,1.23838,1.00,1.00
2015.01.23 02:21:42.826,1.23828,1.23838,1.00,1.00
2015.01.23 02:21:43.757,1.2383,1.23838,1.00,1.00
2015.01.23 02:21:47.460,1.23828,1.23838,1.00,1.00
2015.01.23 02:21:47.562,1.23825,1.23838,2.25,1.00
2015.01.23 02:21:51.678,1.23828,1.23838,1.00,1.00
2015.01.23 02:21:52.211,1.23829,1.23842,1.00,2.06
2015.01.23 02:21:52.826,1.23829,1.23842,1.00,2.06
2015.01.23 02:21:53.334,1.23828,1.23839,1.00,1.00
2015.01.23 02:21:59.437,1.23825,1.23838,1.00,1.00
2015.01.23 02:22:00.845,1.23825,1.23838,1.00,1.47
2015.01.23 02:22:01.149,1.23823,1.23831,1.00,1.00
2015.01.23 02:22:01.706,1.23822,1.23831,1.00,1.00
2015.01.23 02:22:02.014,1.23821,1.23829,1.25,1.00
2015.01.23 02:22:06.820,1.23822,1.23829,1.00,1.00
2015.01.23 02:22:08.600,1.23821,1.23829,1.00,1.00
2015.01.23 02:22:21.457,1.23821,1.23828,1.00,1.00
2015.01.23 02:22:21.660,1.23818,1.23828,1.00,1.37
2015.01.23 02:22:21.812,1.23814,1.23825,1.50,1.37
2015.01.23 02:22:22.116,1.23811,1.23825,1.00,1.37
2015.01.23 02:22:22.167,1.23811,1.23825,1.00,1.37
2015.01.23 02:22:22.268,1.23809,1.23826,1.10,1.69
2015.01.23 02:22:22.782,1.23805,1.23826,1.17,2.21
2015.01.23 02:22:38.084,1.23808,1.23825,1.00,1.70
2015.01.23 02:22:40.192,1.23808,1.23825,1.00,1.70
2015.01.23 02:22:47.323,1.23807,1.23825,1.10,1.64
2015.01.23 02:22:50.169,1.23807,1.23825,1.10,1.64
2015.01.23 02:22:51.278,1.23807,1.23821,1.57,1.00
2015.01.23 02:22:52.569,1.23806,1.23824,1.07,1.37
2015.01.23 02:22:53.118,1.23806,1.23825,1.07,1.70
2015.01.23 02:22:55.128,1.23807,1.2382,1.10,1.00
2015.01.23 02:22:55.431,1.23807,1.2382,1.57,1.00
2015.01.23 02:22:57.320,1.23807,1.23824,1.07,1.70
2015.01.23 02:22:57.855,1.23807,1.23825,1.07,1.76
2015.01.23 02:22:59.214,1.23808,1.23828,1.07,1.94
2015.01.23 02:23:00.072,1.2381,1.23828,1.00,1.94
2015.01.23 02:23:03.051,1.2381,1.23828,1.10,1.75
2015.01.23 02:23:03.152,1.23811,1.23821,1.00,1.00
2015.01.23 02:23:03.253,1.23812,1.23823,1.10,1.12
2015.01.23 02:23:03.354,1.23814,1.23823,1.00,1.12
2015.01.23 02:23:08.554,1.23812,1.23823,1.10,1.12
2015.01.23 02:23:09.211,1.23814,1.23825,1.00,1.37
2015.01.23 02:23:09.720,1.23813,1.23822,1.00,1.00
2015.01.23 02:23:10.226,1.23811,1.23822,1.57,1.00
2015.01.23 02:23:11.535,1.23811,1.2382,1.10,1.00
2015.01.23 02:23:11.739,1.23808,1.23825,1.20,1.47
2015.01.23 02:23:28.013,1.23807,1.23824,1.10,1.50
2015.01.23 02:23:28.713,1.23807,1.23824,1.29,1.50
2015.01.23 02:23:32.722,1.23807,1.23824,1.39,1.69
2015.01.23 02:23:54.167,1.23807,1.23825,1.01,1.64
2015.01.23 02:24:24.108,1.23806,1.23824,1.39,1.46
2015.01.23 02:24:27.131,1.23808,1.23824,1.00,1.74
2015.01.23 02:24:28.634,1.23805,1.23825,1.64,1.76
2015.01.23 02:24:35.086,1.23805,1.23823,1.26,1.70
2015.01.23 02:24:39.157,1.23805,1.23823,1.26,1.70
2015.01.23 02:24:48.775,1.23805,1.23823,1.07,1.70
2015.01.23 02:24:52.290,1.23805,1.23823,1.26,1.70
2015.01.23 02:25:09.188,1.23806,1.23825,1.32,2.14
2015.01.23 02:25:19.542,1.23806,1.23822,1.07,1.45
2015.01.23 02:26:14.561,1.23804,1.23822,1.32,1.76
2015.01.23 02:26:14.764,1.23804,1.23821,1.07,1.57
2015.01.23 02:26:15.068,1.23801,1.23813,1.00,1.00
2015.01.23 02:26:15.119,1.23795,1.23814,2.06,1.57
2015.01.23 02:26:15.222,1.23795,1.23811,1.07,1.07
2015.01.23 02:26:15.736,1.23795,1.23811,1.10,1.20
2015.01.23 02:26:24.665,1.23792,1.23811,1.45,1.76
2015.01.23 02:26:28.984,1.23792,1.2381,1.00,1.56
2015.01.23 02:26:29.499,1.23791,1.2381,1.20,1.37
2015.01.23 02:26:34.163,1.23791,1.23812,1.46,1.94
2015.01.23 02:26:36.746,1.23792,1.23812,1.32,1.94
2015.01.23 02:26:50.193,1.23792,1.23809,1.36,1.07
2015.01.23 02:26:50.345,1.23796,1.23806,1.00,1.00
2015.01.23 02:26:51.872,1.23794,1.23812,1.07,1.20
2015.01.23 02:26:52.394,1.23795,1.23812,1.00,1.47
2015.01.23 02:26:53.660,1.23792,1.23813,1.27,1.65
2015.01.23 02:27:01.561,1.23793,1.23814,1.57,1.64
2015.01.23 02:27:01.662,1.23799,1.23811,1.00,1.12
2015.01.23 02:27:02.167,1.23799,1.23811,1.00,1.07
2015.01.23 02:27:02.443,1.23797,1.23809,1.00,1.10
2015.01.23 02:27:03.202,1.23794,1.23813,1.10,1.37
2015.01.23 02:27:05.774,1.23796,1.23815,1.00,1.50
2015.01.23 02:27:06.179,1.23802,1.23812,1.00,1.12
2015.01.23 02:27:06.230,1.23802,1.23812,1.00,1.07
2015.01.23 02:27:06.685,1.238,1.2381,1.50,1.00
2015.01.23 02:27:07.597,1.238,1.23816,1.00,1.75
2015.01.23 02:27:07.769,1.23798,1.23817,1.20,1.87
2015.01.23 02:27:11.674,1.23796,1.23817,1.46,1.87
2015.01.23 02:27:15.678,1.23797,1.23817,1.00,2.02
2015.01.23 02:27:16.245,1.23797,1.23815,1.00,1.50
2015.01.23 02:27:19.687,1.23795,1.23815,1.20,1.50
2015.01.23 02:27:20.799,1.23797,1.23815,1.00,1.69
2015.01.23 02:27:29.144,1.23797,1.23802,1.00,1.00
2015.01.23 02:27:29.688,1.23796,1.23801,1.00,1.00
2015.01.23 02:27:40.058,1.23794,1.23801,1.07,1.00
2015.01.23 02:27:57.847,1.23794,1.23801,1.10,1.00
2015.01.23 02:28:00.955,1.23794,1.2381,1.10,1.10
2015.01.23 02:28:01.359,1.23794,1.23809,1.10,1.10
2015.01.23 02:28:01.866,1.23792,1.23797,1.07,1.00
2015.01.23 02:28:02.376,1.23792,1.23797,1.10,1.00
2015.01.23 02:28:03.473,1.23792,1.23797,1.07,1.00
2015.01.23 02:28:05.431,1.23792,1.23799,1.07,1.00
2015.01.23 02:28:15.214,1.23792,1.23805,1.07,1.00
2015.01.23 02:28:15.595,1.23792,1.23807,1.20,1.00
2015.01.23 02:28:22.896,1.23793,1.23807,1.07,1.00
2015.01.23 02:28:23.047,1.23793,1.23804,1.57,1.00
2015.01.23 02:28:23.351,1.23793,1.23804,1.87,1.00
2015.01.23 02:28:23.673,1.23794,1.23801,1.07,1.00
2015.01.23 02:28:24.028,1.23794,1.23803,1.07,1.00
2015.01.23 02:28:24.595,1.23793,1.23805,1.12,1.00
2015.01.23 02:28:24.697,1.23793,1.23807,1.10,1.00
2015.01.23 02:28:26.728,1.23794,1.23807,1.00,1.00
2015.01.23 02:28:27.134,1.23792,1.23801,1.07,1.00
2015.01.23 02:28:27.439,1.23789,1.23798,1.32,1.00
2015.01.23 02:28:27.745,1.23789,1.23795,1.25,1.00
2015.01.23 02:28:28.188,1.23787,1.23795,1.00,1.00
2015.01.23 02:28:28.543,1.23788,1.23797,1.00,1.10
2015.01.23 02:28:28.948,1.23784,1.23802,1.27,1.94
2015.01.23 02:28:29.049,1.23779,1.238,1.27,1.12
2015.01.23 02:28:29.100,1.23779,1.23794,1.00,1.10
2015.01.23 02:28:29.404,1.23775,1.23793,1.12,1.17
2015.01.23 02:28:29.505,1.23774,1.23791,1.07,1.07
2015.01.23 02:28:29.607,1.23773,1.23791,1.37,1.20
2015.01.23 02:28:29.759,1.23772,1.23787,1.10,1.10
2015.01.23 02:28:29.962,1.23772,1.23785,1.00,1.00
2015.01.23 02:28:31.170,1.23773,1.23787,1.00,1.07
2015.01.23 02:28:35.257,1.23773,1.23788,1.00,1.10
2015.01.23 02:28:37.608,1.23774,1.23789,1.00,1.07
2015.01.23 02:28:38.155,1.23774,1.23789,1.10,1.10
2015.01.23 02:28:42.290,1.23774,1.23791,1.00,1.76
2015.01.23 02:28:42.838,1.23774,1.23794,1.29,1.09
2015.01.23 02:28:42.939,1.23774,1.23795,1.31,1.79
2015.01.23 02:28:43.293,1.2378,1.23793,1.00,1.29
2015.01.23 02:28:43.835,1.2378,1.23793,1.00,1.10
2015.01.23 02:28:50.130,1.23781,1.23795,1.00,1.07
2015.01.23 02:28:50.945,1.23781,1.23795,1.50,1.00
2015.01.23 02:28:52.388,1.23781,1.23795,1.50,1.07
2015.01.23 02:29:01.594,1.23781,1.23795,1.69,1.07
2015.01.23 02:29:04.196,1.23781,1.23795,1.50,1.07
2015.01.23 02:29:04.500,1.23781,1.23797,1.00,1.37
2015.01.23 02:29:07.699,1.23781,1.23794,1.50,1.10
2015.01.23 02:29:11.659,1.23783,1.23794,1.00,1.10
2015.01.23 02:29:11.965,1.23782,1.23802,1.10,1.66
2015.01.23 02:29:12.016,1.23784,1.23804,1.00,1.84
2015.01.23 02:29:12.067,1.23784,1.23804,1.10,1.84
2015.01.23 02:29:12.830,1.23784,1.23804,1.07,1.84
2015.01.23 02:29:13.375,1.23784,1.23804,1.00,1.84
2015.01.23 02:29:18.610,1.23788,1.23801,1.00,1.07
2015.01.23 02:29:20.130,1.23787,1.23804,1.00,1.01
2015.01.23 02:29:20.636,1.23786,1.23805,1.00,2.21
2015.01.23 02:29:30.480,1.23786,1.23805,1.00,1.09
2015.01.23 02:29:31.815,1.23788,1.23801,1.00,1.10
2015.01.23 02:29:32.118,1.23787,1.23798,1.00,1.00
2015.01.23 02:29:34.190,1.23787,1.23798,1.00,1.07
2015.01.23 02:29:35.962,1.23789,1.23798,1.00,1.00
2015.01.23 02:29:37.072,1.2379,1.23799,1.00,1.10
2015.01.23 02:29:45.094,1.23787,1.23799,1.19,1.00
2015.01.23 02:29:51.394,1.23787,1.23799,1.50,1.00
2015.01.23 02:29:52.375,1.23793,1.23801,1.00,1.07
2015.01.23 02:29:52.477,1.23793,1.23806,1.50,1.50
2015.01.23 02:29:52.578,1.23795,1.23807,1.00,1.07
2015.01.23 02:29:53.083,1.23795,1.23807,1.50,1.07
2015.01.23 02:29:53.235,1.23796,1.23808,1.00,1.00
2015.01.23 02:29:53.759,1.23797,1.23808,1.00,1.00
2015.01.23 02:29:54.274,1.23797,1.2381,1.00,1.07
2015.01.23 02:29:54.375,1.23795,1.2381,1.50,1.07
2015.01.23 02:29:58.394,1.23801,1.2381,1.00,1.07
2015.01.23 02:29:58.647,1.23801,1.23816,1.00,1.76
2015.01.23 02:29:58.748,1.23803,1.23816,1.00,1.31
2015.01.23 02:29:59.254,1.23803,1.23815,1.00,1.12
2015.01.23 02:29:59.760,1.23803,1.23815,1.00,1.07
2015.01.23 02:30:00.074,1.23799,1.2381,1.10,2.07
2015.01.23 02:30:00.176,1.23796,1.23806,2.44,1.00
2015.01.23 02:30:00.379,1.23801,1.23808,1.00,1.00
2015.01.23 02:30:00.430,1.23801,1.23812,1.00,1.25
2015.01.23 02:30:00.531,1.23801,1.23812,1.00,1.00
2015.01.23 02:30:01.037,1.23802,1.23816,1.00,1.94
2015.01.23 02:30:04.390,1.23805,1.23816,1.00,1.94
2015.01.23 02:30:04.542,1.23805,1.23816,1.00,1.47
2015.01.23 02:30:04.592,1.23807,1.23816,1.00,1.47
2015.01.23 02:30:06.683,1.23802,1.23816,1.00,1.47
2015.01.23 02:30:06.785,1.23797,1.23816,1.32,1.45
2015.01.23 02:30:06.886,1.23797,1.23816,1.00,1.57
2015.01.23 02:30:07.089,1.23794,1.23815,1.07,1.15
2015.01.23 02:30:07.291,1.23794,1.23815,1.00,1.65
2015.01.23 02:30:07.881,1.23792,1.23815,1.10,2.59
2015.01.23 02:30:08.394,1.23792,1.2381,1.00,1.57
2015.01.23 02:30:08.700,1.23789,1.23809,1.07,1.46
2015.01.23 02:30:08.751,1.23789,1.23809,1.00,1.46
2015.01.23 02:30:10.417,1.23797,1.2381,1.00,1.77
2015.01.23 02:30:10.519,1.23797,1.23811,1.00,1.01
2015.01.23 02:30:10.722,1.23793,1.23806,1.00,1.12
2015.01.23 02:30:10.823,1.23793,1.23806,1.00,1.12
2015.01.23 02:30:10.925,1.23795,1.23809,1.00,1.45
2015.01.23 02:30:11.596,1.23795,1.2381,1.00,1.45
2015.01.23 02:30:12.135,1.23794,1.23807,1.00,1.37
2015.01.23 02:30:13.869,1.23794,1.23807,1.00,1.12
2015.01.23 02:30:13.922,1.23797,1.23807,1.00,1.12
2015.01.23 02:30:14.232,1.23797,1.23808,1.00,1.37
2015.01.23 02:30:16.423,1.23801,1.23808,1.00,1.37
2015.01.23 02:30:16.727,1.23794,1.23811,1.87,1.69
2015.01.23 02:30:16.879,1.23801,1.23814,1.00,2.29
2015.01.23 02:30:17.132,1.23801,1.23814,1.00,1.54
2015.01.23 02:30:17.578,1.23801,1.23814,1.00,1.31
2015.01.23 02:30:17.882,1.23794,1.23812,3.19,1.31
2015.01.23 02:30:18.141,1.23798,1.23812,1.00,1.12
2015.01.23 02:30:18.242,1.23792,1.23811,1.65,1.69
2015.01.23 02:30:18.344,1.23792,1.23811,1.00,1.84
2015.01.23 02:30:18.546,1.2379,1.23807,1.00,1.45
2015.01.23 02:30:19.052,1.23789,1.23807,1.00,1.65
2015.01.23 02:30:22.331,1.23789,1.23806,1.00,1.09
2015.01.23 02:30:25.803,1.23789,1.23807,1.00,2.15
2015.01.23 02:30:28.659,1.2379,1.23806,1.00,1.09
2015.01.23 02:30:29.345,1.2379,1.23807,1.00,2.04
2015.01.23 02:30:33.412,1.23784,1.23805,1.17,1.87
2015.01.23 02:30:33.463,1.23784,1.23804,1.07,2.70
2015.01.23 02:30:33.615,1.23781,1.23804,1.00,3.07
2015.01.23 02:30:33.768,1.23781,1.23803,1.00,1.27
2015.01.23 02:30:33.971,1.23779,1.23802,1.10,1.27
2015.01.23 02:30:35.423,1.23776,1.23798,1.17,1.47
2015.01.23 02:30:35.525,1.23776,1.23797,1.07,2.70
2015.01.23 02:30:35.829,1.23773,1.23791,1.00,1.07
2015.01.23 02:30:36.133,1.23772,1.23791,1.00,1.47
2015.01.23 02:30:36.742,1.23772,1.23792,1.00,2.02
2015.01.23 02:30:39.490,1.23772,1.23792,1.00,2.40
2015.01.23 02:30:44.573,1.23771,1.23792,1.00,1.84
2015.01.23 02:30:46.520,1.23771,1.23791,1.00,1.84
2015.01.23 02:30:47.042,1.2377,1.23791,1.00,1.84
2015.01.23 02:30:47.517,1.2377,1.2379,1.00,1.09
2015.01.23 02:30:49.153,1.2377,1.2379,1.00,1.71
2015.01.23 02:30:50.991,1.2377,1.2379,1.00,1.71
2015.01.23 02:30:52.136,1.2377,1.23792,1.00,2.21
2015.01.23 02:30:52.649,1.23771,1.23792,1.00,1.46
2015.01.23 02:30:53.340,1.23771,1.23791,1.00,1.47
2015.01.23 02:30:55.512,1.23771,1.23793,1.00,2.59
2015.01.23 02:30:57.404,1.23772,1.23793,1.00,2.59
2015.01.23 02:31:00.577,1.23772,1.2379,1.00,1.09
2015.01.23 02:31:01.161,1.23772,1.23786,1.00,1.75
2015.01.23 02:31:05.663,1.23772,1.23786,1.00,1.62
2015.01.23 02:31:10.872,1.23773,1.23789,1.00,1.01
2015.01.23 02:31:11.024,1.23774,1.23791,1.00,1.39
2015.01.23 02:31:11.531,1.23774,1.23789,1.00,1.22
2015.01.23 02:31:12.043,1.23774,1.2379,1.00,1.22
2015.01.23 02:31:13.372,1.23772,1.23792,1.00,2.21
2015.01.23 02:31:15.037,1.23772,1.23785,1.00,3.00
2015.01.23 02:31:15.189,1.23769,1.2378,1.07,2.10
2015.01.23 02:31:15.239,1.23769,1.23779,1.00,1.72
2015.01.23 02:31:15.290,1.23766,1.23779,1.19,1.72
2015.01.23 02:31:15.341,1.23765,1.2378,1.56,1.57
2015.01.23 02:31:15.493,1.2376,1.23782,1.01,2.21
2015.01.23 02:31:15.544,1.23759,1.23779,1.56,2.25
2015.01.23 02:31:15.645,1.23759,1.23775,1.62,1.80
2015.01.23 02:31:15.898,1.2376,1.23774,1.07,1.17
2015.01.23 02:31:16.050,1.23762,1.23777,1.00,1.20
2015.01.23 02:31:16.406,1.23766,1.2378,1.00,1.01
2015.01.23 02:31:16.932,1.23766,1.23785,1.00,1.77
2015.01.23 02:31:16.983,1.23766,1.23785,1.00,1.09
2015.01.23 02:31:18.525,1.23764,1.23786,1.10,1.09
2015.01.23 02:31:19.757,1.23764,1.23786,1.09,1.01
2015.01.23 02:31:19.808,1.23767,1.23786,1.00,1.01
2015.01.23 02:31:20.111,1.23769,1.23786,1.00,1.31
2015.01.23 02:31:20.288,1.23765,1.23786,1.27,1.31
2015.01.23 02:31:20.390,1.23768,1.23786,1.00,1.31
2015.01.23 02:31:20.910,1.23769,1.23786,1.00,1.12
2015.01.23 02:31:23.832,1.23765,1.23786,1.27,1.12
2015.01.23 02:31:24.388,1.2377,1.23784,1.00,1.37
2015.01.23 02:31:24.439,1.2377,1.23784,1.00,1.12
2015.01.23 02:31:25.669,1.2377,1.23784,1.00,1.07
2015.01.23 02:31:27.820,1.2377,1.23783,1.00,1.05
2015.01.23 02:31:27.871,1.23768,1.23782,1.00,1.37
2015.01.23 02:31:28.377,1.23768,1.2378,1.00,1.47
2015.01.23 02:31:28.740,1.23765,1.2378,1.00,1.47
2015.01.23 02:31:29.130,1.23767,1.2378,1.00,1.57
2015.01.23 02:31:35.088,1.23764,1.2378,1.57,1.57
2015.01.23 02:31:35.898,1.23764,1.2378,1.76,1.57
2015.01.23 02:31:36.614,1.23764,1.23783,1.29,1.01
2015.01.23 02:31:37.130,1.23766,1.23786,1.10,1.90
2015.01.23 02:31:38.195,1.23767,1.23786,1.00,1.90
2015.01.23 02:31:42.831,1.23767,1.23786,1.00,2.21
2015.01.23 02:31:48.473,1.23765,1.23786,1.07,1.65
2015.01.23 02:32:00.150,1.23767,1.23787,1.00,4.01
2015.01.23 02:32:01.655,1.23763,1.23782,1.12,1.27
2015.01.23 02:32:04.245,1.23767,1.23784,1.00,1.37
2015.01.23 02:32:05.193,1.23769,1.23781,1.00,1.07
2015.01.23 02:32:05.245,1.23769,1.23781,1.00,1.10
2015.01.23 02:32:05.347,1.23772,1.23781,1.00,1.10
2015.01.23 02:32:07.233,1.2377,1.23781,1.00,1.00
2015.01.23 02:32:07.385,1.2377,1.23786,1.00,1.65
2015.01.23 02:32:07.486,1.2377,1.23786,1.00,1.52
2015.01.23 02:32:09.559,1.23767,1.23786,1.00,1.52
2015.01.23 02:32:10.022,1.23769,1.23781,1.00,1.07
2015.01.23 02:32:10.327,1.23771,1.23781,1.00,1.07
2015.01.23 02:32:11.468,1.23769,1.23786,1.00,1.52
2015.01.23 02:32:13.292,1.23768,1.23786,1.00,1.47
2015.01.23 02:32:15.192,1.23766,1.23782,1.10,1.07
2015.01.23 02:32:16.271,1.23768,1.23782,1.00,1.07
2015.01.23 02:32:17.394,1.23771,1.23779,1.00,1.00
2015.01.23 02:32:17.596,1.23768,1.23779,1.00,1.00
2015.01.23 02:32:18.104,1.23771,1.23779,1.00,1.00
2015.01.23 02:32:18.481,1.23768,1.23779,1.00,1.00
2015.01.23 02:32:18.902,1.2377,1.23783,1.00,1.37
2015.01.23 02:32:19.205,1.23768,1.23782,1.00,1.12
2015.01.23 02:32:19.306,1.2377,1.23782,1.00,1.12
2015.01.23 02:32:19.580,1.2377,1.23784,1.00,1.12
2015.01.23 02:32:19.782,1.23768,1.23784,1.00,1.12
2015.01.23 02:32:20.288,1.23768,1.23784,1.00,1.37
2015.01.23 02:32:21.453,1.23768,1.23779,1.50,1.00
2015.01.23 02:32:21.605,1.23771,1.23779,1.00,1.00
2015.01.23 02:32:23.504,1.23772,1.23779,1.00,1.00
2015.01.23 02:32:23.555,1.23772,1.23782,1.00,1.07
2015.01.23 02:32:23.606,1.23769,1.23782,1.00,1.07
2015.01.23 02:32:23.859,1.23768,1.23782,1.00,1.12
2015.01.23 02:32:25.702,1.23768,1.23782,1.00,1.07
2015.01.23 02:32:28.817,1.23769,1.23785,1.00,1.37
2015.01.23 02:32:29.432,1.23772,1.23782,1.00,1.07
2015.01.23 02:32:29.735,1.2377,1.23782,1.00,1.07
2015.01.23 02:32:31.419,1.2377,1.23782,1.00,1.10
2015.01.23 02:32:34.224,1.23771,1.23783,1.00,1.07
2015.01.23 02:32:36.489,1.23771,1.23783,1.50,1.12
2015.01.23 02:32:36.590,1.23771,1.23783,1.50,1.10
2015.01.23 02:32:40.045,1.23773,1.23783,1.00,1.10
2015.01.23 02:32:40.146,1.23771,1.23783,1.50,1.10
2015.01.23 02:32:40.732,1.23774,1.23783,1.00,1.10
2015.01.23 02:32:41.234,1.23773,1.23783,1.00,1.10
2015.01.23 02:32:41.772,1.23772,1.23788,1.00,1.95
2015.01.23 02:32:42.307,1.23773,1.2379,1.00,1.09
2015.01.23 02:32:42.358,1.23771,1.2379,1.00,1.09
2015.01.23 02:32:45.135,1.2377,1.2379,1.00,2.15
2015.01.23 02:32:45.540,1.23767,1.2379,1.00,2.15
2015.01.23 02:32:45.744,1.23767,1.23789,1.00,9.00
2015.01.23 02:32:47.142,1.23763,1.23789,1.07,9.19
2015.01.23 02:32:49.245,1.23766,1.23788,1.00,1.09
2015.01.23 02:32:49.763,1.23765,1.23787,1.10,1.09
2015.01.23 02:32:53.358,1.23767,1.23786,1.00,1.09
2015.01.23 02:32:55.417,1.23765,1.23786,1.10,1.09
2015.01.23 02:32:58.298,1.23767,1.23785,1.00,1.09
2015.01.23 02:32:59.389,1.23766,1.23785,1.00,1.09
2015.01.23 02:32:59.945,1.23767,1.23785,1.00,1.09
2015.01.23 02:33:01.404,1.23766,1.23785,1.00,1.09
2015.01.23 02:33:03.482,1.23768,1.23785,1.00,1.09
2015.01.23 02:33:05.778,1.23767,1.23787,1.00,1.46
2015.01.23 02:33:11.096,1.23768,1.23786,1.00,1.09
2015.01.23 02:33:11.239,1.23768,1.23786,1.00,1.09
2015.01.23 02:33:11.830,1.23766,1.23786,1.29,1.09
2015.01.23 02:33:13.694,1.23766,1.23786,1.01,1.09
2015.01.23 02:33:14.426,1.23769,1.23786,1.00,1.01
2015.01.23 02:33:16.436,1.23767,1.23788,1.00,1.01
2015.01.23 02:33:19.649,1.2377,1.23788,1.00,1.01
2015.01.23 02:33:21.719,1.23768,1.23788,1.00,1.01
2015.01.23 02:33:33.831,1.2377,1.23788,1.00,1.01
2015.01.23 02:33:38.041,1.23767,1.23789,1.10,1.01
2015.01.23 02:33:38.092,1.23767,1.23785,1.10,1.12
2015.01.23 02:33:38.193,1.23765,1.23784,1.00,1.09
2015.01.23 02:33:38.451,1.23765,1.23782,1.00,1.09
2015.01.23 02:33:38.963,1.23765,1.23783,1.00,1.71
2015.01.23 02:33:39.950,1.23763,1.23783,1.10,1.84
2015.01.23 02:33:40.456,1.23763,1.23781,1.00,1.55
2015.01.23 02:33:41.058,1.23763,1.23781,1.00,1.27
2015.01.23 02:33:42.589,1.23763,1.23781,1.00,1.55
2015.01.23 02:33:42.791,1.23761,1.23781,1.10,1.55
2015.01.23 02:33:42.893,1.23763,1.23781,1.00,1.52
2015.01.23 02:33:43.399,1.23761,1.23779,1.07,1.27
2015.01.23 02:33:46.456,1.23761,1.23779,1.07,1.22
2015.01.23 02:33:50.353,1.23764,1.23783,1.00,1.77
2015.01.23 02:33:50.556,1.23764,1.23786,1.00,2.21
2015.01.23 02:33:50.607,1.23767,1.23786,1.00,1.71
2015.01.23 02:33:52.311,1.23767,1.23788,1.00,1.46
2015.01.23 02:33:52.362,1.2377,1.23788,1.00,1.77
2015.01.23 02:33:52.869,1.23769,1.23788,1.00,1.52
2015.01.23 02:33:59.177,1.2377,1.23788,1.00,1.46
2015.01.23 02:33:59.792,1.2377,1.23788,1.00,1.46
2015.01.23 02:34:02.381,1.23773,1.23789,1.00,1.76
2015.01.23 02:34:02.482,1.2377,1.23789,1.00,1.76
2015.01.23 02:34:02.584,1.23774,1.23789,1.00,1.76
2015.01.23 02:34:04.567,1.23771,1.2379,1.00,2.00
2015.01.23 02:34:05.073,1.23771,1.23789,1.00,1.57
2015.01.23 02:34:11.052,1.23771,1.2379,1.65,2.00
2015.01.23 02:34:11.557,1.23771,1.2379,1.65,2.00
2015.01.23 02:34:14.107,1.23772,1.2379,1.00,1.75
2015.01.23 02:34:19.996,1.23773,1.23791,1.00,2.14
2015.01.23 02:34:20.502,1.23773,1.23789,1.00,1.50
2015.01.23 02:34:20.906,1.23776,1.2379,1.00,1.75
2015.01.23 02:34:21.422,1.23775,1.23791,1.00,2.00
2015.01.23 02:34:25.115,1.23773,1.2379,1.00,1.75
2015.01.23 02:34:25.217,1.23776,1.2379,1.00,1.75
2015.01.23 02:34:27.231,1.23773,1.2379,1.00,1.75
2015.01.23 02:34:28.265,1.23773,1.23789,1.00,1.75
2015.01.23 02:34:29.236,1.23776,1.23789,1.00,1.75
2015.01.23 02:34:30.457,1.23776,1.23789,1.00,1.75
2015.01.23 02:34:31.166,1.23774,1.23789,1.00,1.75
2015.01.23 02:34:31.760,1.23775,1.23789,1.00,1.75
2015.01.23 02:34:33.078,1.23775,1.23789,1.00,1.50
2015.01.23 02:34:33.180,1.23773,1.23789,1.00,1.50
2015.01.23 02:34:33.281,1.23775,1.23789,1.00,1.50
2015.01.23 02:34:35.165,1.23773,1.23789,1.00,1.50
2015.01.23 02:34:35.266,1.23773,1.23789,1.00,1.50
2015.01.23 02:34:35.368,1.23773,1.23792,1.00,1.12
2015.01.23 02:34:35.571,1.23775,1.23795,1.00,1.09
2015.01.23 02:34:35.874,1.23779,1.23796,1.00,1.76
2015.01.23 02:34:36.279,1.23779,1.23797,1.20,1.57
2015.01.23 02:34:36.684,1.23785,1.23799,1.00,1.39
2015.01.23 02:34:36.886,1.23785,1.23801,1.00,1.95
2015.01.23 02:34:37.696,1.23782,1.23801,1.57,1.95
2015.01.23 02:34:38.000,1.2379,1.23802,1.00,1.07
2015.01.23 02:34:38.101,1.23792,1.23802,1.00,1.45
2015.01.23 02:34:38.203,1.23787,1.23807,1.07,2.04
2015.01.23 02:34:38.506,1.23787,1.23806,1.87,1.47
2015.01.23 02:34:38.557,1.23787,1.23806,1.87,1.47
2015.01.23 02:34:38.658,1.23788,1.23806,1.07,1.45
2015.01.23 02:34:38.860,1.23788,1.23806,1.10,1.50
2015.01.23 02:34:39.195,1.23792,1.23806,1.00,1.50
2015.01.23 02:34:39.400,1.23789,1.23808,1.00,1.01
2015.01.23 02:34:39.938,1.2379,1.2381,1.00,2.59
2015.01.23 02:34:41.092,1.2379,1.2381,1.10,2.21
2015.01.23 02:34:41.194,1.23797,1.23813,1.00,3.26
2015.01.23 02:34:41.245,1.23797,1.23814,1.00,2.04
2015.01.23 02:34:41.498,1.23799,1.23816,1.00,1.09
2015.01.23 02:34:43.120,1.23798,1.23817,1.10,2.00
2015.01.23 02:34:50.947,1.23797,1.23815,1.00,1.20
2015.01.23 02:34:56.261,1.23799,1.23817,1.00,2.00
2015.01.23 02:34:59.119,1.23799,1.23817,1.00,1.75
2015.01.23 02:35:03.659,1.23801,1.23816,1.00,1.75
2015.01.23 02:35:05.399,1.23801,1.23814,1.00,1.45
2015.01.23 02:35:09.729,1.23799,1.23816,1.00,1.50
2015.01.23 02:35:12.050,1.238,1.23816,1.00,1.50
2015.01.23 02:35:12.713,1.23799,1.23816,1.00,1.50
2015.01.23 02:35:18.784,1.23798,1.23816,1.10,1.12
2015.01.23 02:35:19.604,1.23798,1.23813,1.10,1.75
2015.01.23 02:35:19.815,1.23795,1.23809,1.07,1.37
2015.01.23 02:35:20.139,1.23794,1.23809,1.87,1.45
2015.01.23 02:35:22.301,1.23795,1.23806,1.10,1.37
2015.01.23 02:35:22.454,1.23793,1.23806,1.10,1.37
2015.01.23 02:35:23.098,1.23795,1.23806,1.00,1.45
2015.01.23 02:35:25.027,1.23793,1.23806,1.57,1.45
2015.01.23 02:35:25.533,1.23794,1.23806,1.00,1.45
2015.01.23 02:35:27.109,1.23793,1.23806,1.10,1.45
2015.01.23 02:35:27.262,1.23791,1.23805,1.57,1.45
2015.01.23 02:35:29.367,1.23791,1.23805,1.57,1.45
2015.01.23 02:35:29.874,1.2379,1.23804,1.00,1.45
2015.01.23 02:35:30.640,1.23792,1.23804,1.00,1.45
2015.01.23 02:35:31.630,1.23789,1.23803,1.65,1.47
2015.01.23 02:35:33.812,1.23791,1.23803,1.00,1.47
2015.01.23 02:35:35.820,1.23792,1.23803,1.00,1.47
2015.01.23 02:35:36.326,1.2379,1.23803,1.00,1.47
2015.01.23 02:35:36.428,1.2379,1.23803,1.00,1.20
2015.01.23 02:35:38.233,1.23791,1.23803,1.00,1.20
2015.01.23 02:35:39.236,1.23792,1.23803,1.00,1.20
2015.01.23 02:35:40.320,1.23793,1.23804,1.00,1.20
2015.01.23 02:35:40.826,1.23792,1.23804,1.50,1.20
2015.01.23 02:35:44.245,1.23794,1.23804,1.00,1.20
2015.01.23 02:35:46.185,1.23792,1.23804,1.50,1.20
2015.01.23 02:35:56.635,1.23792,1.23804,1.50,1.10
2015.01.23 02:35:59.928,1.23792,1.23804,1.50,1.47
2015.01.23 02:36:02.472,1.23793,1.23804,1.00,1.47
2015.01.23 02:36:04.385,1.23792,1.23804,1.00,1.47
2015.01.23 02:36:11.389,1.23793,1.23804,1.00,1.47
2015.01.23 02:36:13.241,1.23792,1.23804,1.00,1.47
2015.01.23 02:36:13.776,1.23793,1.23804,1.00,1.47
2015.01.23 02:36:15.440,1.23792,1.23804,1.50,1.47
2015.01.23 02:36:17.325,1.23792,1.23804,1.50,1.47
2015.01.23 02:36:17.899,1.23792,1.23804,1.00,1.50
2015.01.23 02:36:18.471,1.23793,1.23804,1.00,1.47
2015.01.23 02:36:19.445,1.23792,1.23804,1.00,1.47
2015.01.23 02:36:19.748,1.23794,1.23804,1.00,1.47
2015.01.23 02:36:21.530,1.23792,1.23804,1.50,1.47
2015.01.23 02:36:24.051,1.23793,1.23803,1.00,1.12
2015.01.23 02:36:24.658,1.23792,1.23803,1.50,1.12
2015.01.23 02:36:26.152,1.23794,1.23803,1.00,1.12
2015.01.23 02:36:26.557,1.23792,1.23803,1.00,1.12
2015.01.23 02:36:36.116,1.23792,1.23803,1.00,1.37
2015.01.23 02:36:38.454,1.23793,1.23803,1.00,1.37
2015.01.23 02:36:38.963,1.23792,1.23803,1.00,1.37
2015.01.23 02:36:39.512,1.23792,1.23803,1.00,1.12
2015.01.23 02:36:39.816,1.23794,1.23805,1.00,1.45
2015.01.23 02:36:41.849,1.23792,1.23803,1.76,1.12
2015.01.23 02:36:42.206,1.23795,1.23804,1.00,1.47
2015.01.23 02:36:46.626,1.23793,1.23803,1.00,1.12
2015.01.23 02:37:00.083,1.23795,1.23803,1.00,1.00
2015.01.23 02:37:00.890,1.23793,1.23803,1.50,1.00
2015.01.23 02:37:02.186,1.23795,1.23803,1.00,1.00
2015.01.23 02:37:04.122,1.23793,1.23803,1.10,1.00
2015.01.23 02:37:04.224,1.23795,1.23803,1.00,1.00
2015.01.23 02:37:06.103,1.23793,1.23803,1.10,1.00
2015.01.23 02:37:11.252,1.23794,1.23803,1.00,1.12
2015.01.23 02:37:12.973,1.23794,1.23804,1.00,1.75
2015.01.23 02:37:26.166,1.23795,1.23804,1.00,1.50
2015.01.23 02:37:26.875,1.23794,1.23804,1.00,1.50
2015.01.23 02:37:30.276,1.23796,1.23804,1.00,1.50
2015.01.23 02:37:30.950,1.23794,1.23804,1.50,1.50
2015.01.23 02:37:31.367,1.23794,1.23804,1.50,1.20
2015.01.23 02:37:31.469,1.23796,1.23804,1.00,1.20
2015.01.23 02:37:31.571,1.23794,1.23804,1.50,1.20
2015.01.23 02:37:32.252,1.23796,1.23806,1.00,1.50
2015.01.23 02:37:32.557,1.23794,1.23806,1.00,1.50
2015.01.23 02:37:34.318,1.23794,1.23806,1.00,1.75
2015.01.23 02:37:40.094,1.23796,1.23806,1.00,1.75
2015.01.23 02:37:41.079,1.23794,1.23806,1.50,1.75
2015.01.23 02:37:41.626,1.23794,1.23806,1.50,1.75
2015.01.23 02:37:43.282,1.23796,1.23806,1.00,1.75
2015.01.23 02:37:45.194,1.23794,1.23806,1.50,1.75
2015.01.23 02:37:45.789,1.23796,1.23806,1.00,1.75
2015.01.23 02:37:47.819,1.23794,1.23806,1.00,1.75
2015.01.23 02:37:48.341,1.23795,1.23806,1.00,1.75
2015.01.23 02:37:49.794,1.23794,1.23806,1.50,1.75
2015.01.23 02:37:53.123,1.23796,1.23806,1.00,1.75
2015.01.23 02:37:53.623,1.23794,1.23806,1.50,1.75
2015.01.23 02:37:53.944,1.23797,1.23806,1.00,1.75
2015.01.23 02:37:54.046,1.23794,1.23806,1.00,1.75
2015.01.23 02:37:54.248,1.23796,1.23806,1.00,1.50
2015.01.23 02:37:54.908,1.23797,1.23808,1.00,1.20
2015.01.23 02:37:55.413,1.23798,1.2381,1.50,1.50
2015.01.23 02:37:55.565,1.23798,1.2381,1.50,1.50
2015.01.23 02:37:56.020,1.23796,1.23808,1.57,1.47
2015.01.23 02:37:56.223,1.23799,1.23808,1.00,1.47
2015.01.23 02:37:56.324,1.23798,1.2381,1.50,1.50
2015.01.23 02:38:06.122,1.23798,1.2381,1.00,1.50
2015.01.23 02:38:06.578,1.23797,1.23807,1.50,1.10
2015.01.23 02:38:07.083,1.23798,1.23808,1.00,1.20
2015.01.23 02:38:09.728,1.23798,1.23808,1.00,1.12
2015.01.23 02:38:11.190,1.23801,1.23811,1.00,1.50
2015.01.23 02:38:11.691,1.23801,1.23811,1.00,1.50
2015.01.23 02:38:12.776,1.23799,1.23811,1.50,1.50
2015.01.23 02:38:13.281,1.23799,1.23811,1.50,1.50
2015.01.23 02:38:17.986,1.238,1.23811,1.00,1.50
2015.01.23 02:38:19.801,1.23799,1.23811,1.00,1.50
2015.01.23 02:38:20.316,1.238,1.23811,1.00,1.50
2015.01.23 02:38:23.779,1.23799,1.23811,1.50,1.50
2015.01.23 02:38:24.983,1.23802,1.23811,1.00,1.50
2015.01.23 02:38:25.495,1.23802,1.23811,1.00,1.50
2015.01.23 02:38:27.297,1.23799,1.23811,1.00,1.50
2015.01.23 02:38:27.399,1.23797,1.23809,1.10,1.37
2015.01.23 02:38:29.511,1.23798,1.23809,1.00,1.45
2015.01.23 02:38:33.433,1.23804,1.23809,1.00,1.45
2015.01.23 02:38:39.823,1.23803,1.23809,1.00,1.45
2015.01.23 02:38:40.888,1.23803,1.23807,1.00,1.00
2015.01.23 02:38:41.194,1.23805,1.23812,1.00,1.75
2015.01.23 02:38:41.346,1.23805,1.23811,1.00,1.12
2015.01.23 02:38:41.905,1.23805,1.23811,1.00,1.07
2015.01.23 02:38:43.119,1.23806,1.23811,1.00,1.07
2015.01.23 02:38:43.220,1.238,1.23811,1.00,1.07
2015.01.23 02:38:48.746,1.238,1.23809,1.00,1.00
2015.01.23 02:38:55.512,1.238,1.23809,1.00,1.07
2015.01.23 02:38:55.664,1.23801,1.2381,1.00,1.10
2015.01.23 02:39:38.043,1.23801,1.2381,1.00,1.57
2015.01.23 02:39:45.684,1.23801,1.23808,1.00,1.00
2015.01.23 02:39:55.752,1.23796,1.23808,1.39,1.00
2015.01.23 02:39:56.257,1.23796,1.23808,1.39,1.00
2015.01.23 02:40:08.585,1.23807,1.23813,1.00,1.05
2015.01.23 02:40:14.620,1.238,1.2381,1.00,1.00
2015.01.23 02:40:16.375,1.23798,1.23809,1.37,1.50
2015.01.23 02:40:16.527,1.23798,1.23804,1.37,1.00
2015.01.23 02:40:21.728,1.23796,1.23804,1.76,1.00
2015.01.23 02:40:21.977,1.23806,1.23812,1.00,1.05
2015.01.23 02:40:29.787,1.23796,1.23805,2.59,1.00
2015.01.23 02:40:30.777,1.23806,1.23812,1.00,1.05
2015.01.23 02:40:39.654,1.23798,1.23809,1.01,1.00
2015.01.23 02:40:40.190,1.238,1.2381,1.00,1.00
2015.01.23 02:40:40.710,1.238,1.23811,1.00,1.00
2015.01.23 02:40:45.063,1.23807,1.23811,1.00,1.00
2015.01.23 02:40:48.073,1.238,1.2381,1.00,1.00
2015.01.23 02:40:48.376,1.23799,1.23808,1.00,1.00
2015.01.23 02:40:50.917,1.23807,1.23811,1.00,1.50
2015.01.23 02:40:56.323,1.23798,1.23809,1.10,1.50
2015.01.23 02:40:58.753,1.23801,1.2381,1.00,1.00
2015.01.23 02:41:06.593,1.23801,1.2381,1.00,1.37
2015.01.23 02:41:13.626,1.23799,1.23808,1.00,1.12
2015.01.23 02:41:14.085,1.23806,1.23811,1.00,1.57
2015.01.23 02:41:30.804,1.238,1.23811,1.00,1.47
2015.01.23 02:41:31.114,1.23795,1.23806,1.76,1.00
2015.01.23 02:41:31.642,1.23805,1.23809,1.00,1.12
2015.01.23 02:41:32.428,1.23796,1.23807,1.47,1.00
2015.01.23 02:41:33.417,1.23805,1.23809,1.00,1.87
2015.01.23 02:41:33.934,1.23797,1.23809,1.12,1.87
2015.01.23 02:41:36.602,1.23805,1.23809,1.00,1.87
2015.01.23 02:41:37.107,1.23804,1.23809,1.00,1.87
2015.01.23 02:41:51.517,1.23805,1.23809,1.00,1.00
2015.01.23 02:41:54.946,1.23797,1.23808,1.00,1.00
2015.01.23 02:42:10.403,1.23805,1.23809,1.00,1.00
2015.01.23 02:42:13.068,1.23796,1.23807,1.20,1.00
2015.01.23 02:42:14.166,1.23799,1.23808,1.00,1.00
2015.01.23 02:42:19.973,1.23806,1.23811,1.00,1.45
2015.01.23 02:42:20.502,1.23805,1.23811,1.00,1.45
2015.01.23 02:42:28.173,1.23805,1.2381,1.00,1.12
2015.01.23 02:42:34.362,1.238,1.23809,1.00,1.37
2015.01.23 02:42:48.587,1.23805,1.23809,1.00,1.10
2015.01.23 02:42:48.790,1.23805,1.2381,1.00,1.00
2015.01.23 02:42:54.814,1.23805,1.2381,1.00,1.37
2015.01.23 02:42:55.329,1.23798,1.23808,1.00,1.00
2015.01.23 02:42:59.533,1.23804,1.23809,1.00,1.20
2015.01.23 02:43:00.083,1.23804,1.2381,1.00,1.00
2015.01.23 02:43:20.670,1.23804,1.23812,1.00,1.20
2015.01.23 02:43:21.177,1.23804,1.23812,1.00,1.50
2015.01.23 02:43:22.047,1.23804,1.23809,1.00,1.00
2015.01.23 02:43:22.567,1.23805,1.23809,1.00,1.00
2015.01.23 02:43:34.777,1.23799,1.23809,1.00,1.07
2015.01.23 02:43:39.049,1.23805,1.23809,1.00,1.00
2015.01.23 02:43:40.809,1.23799,1.23809,1.00,1.07
2015.01.23 02:43:50.489,1.23805,1.23809,1.00,1.10
2015.01.23 02:43:51.160,1.23804,1.23809,1.00,1.10
2015.01.23 02:43:52.636,1.23805,1.23811,1.00,1.12
2015.01.23 02:43:55.129,1.23805,1.23812,1.00,1.20
2015.01.23 02:43:56.631,1.23805,1.23811,1.00,1.37
2015.01.23 02:43:57.137,1.23805,1.2381,1.00,1.20
2015.01.23 02:44:21.132,1.23806,1.2381,1.00,1.00
2015.01.23 02:44:25.315,1.23806,1.23812,1.00,1.75
2015.01.23 02:44:25.948,1.23806,1.23812,1.00,1.37
2015.01.23 02:44:31.468,1.23805,1.2381,1.00,1.00
2015.01.23 02:44:31.996,1.23805,1.2381,1.00,1.07
2015.01.23 02:44:36.368,1.23798,1.2381,1.00,1.45
2015.01.23 02:44:36.470,1.23803,1.23807,1.00,1.00
2015.01.23 02:44:37.105,1.23803,1.23808,1.00,1.12
2015.01.23 02:44:42.013,1.23803,1.23809,1.00,1.95
2015.01.23 02:44:51.484,1.23803,1.23807,1.00,1.00
2015.01.23 02:44:52.564,1.23803,1.23809,1.00,1.57
2015.01.23 02:44:53.080,1.23803,1.23808,1.00,1.00
2015.01.23 02:45:00.346,1.23803,1.2381,1.00,1.57
2015.01.23 02:45:04.950,1.23804,1.2381,1.00,1.57
2015.01.23 02:45:07.770,1.23804,1.2381,1.00,1.57
2015.01.23 02:45:09.057,1.23804,1.2381,1.00,1.95
2015.01.23 02:45:13.168,1.23797,1.23807,1.10,1.00
2015.01.23 02:45:15.273,1.23804,1.23808,1.00,1.00
2015.01.23 02:45:19.922,1.23804,1.23809,1.00,1.00
2015.01.23 02:45:20.457,1.23804,1.2381,1.00,1.00
2015.01.23 02:45:23.146,1.23804,1.23812,1.00,1.57
2015.01.23 02:45:24.178,1.23804,1.2381,1.00,1.00
2015.01.23 02:45:25.101,1.23798,1.23807,1.17,1.00
2015.01.23 02:45:26.336,1.23804,1.23808,1.00,1.12
2015.01.23 02:45:26.510,1.23801,1.23806,1.00,1.00
2015.01.23 02:45:26.612,1.23798,1.23806,1.17,1.00
2015.01.23 02:45:26.713,1.23797,1.23805,1.00,1.00
2015.01.23 02:45:26.815,1.23794,1.23805,1.00,1.00
2015.01.23 02:45:27.908,1.23794,1.23806,1.50,1.12
2015.01.23 02:45:28.413,1.23794,1.23806,1.50,1.20
2015.01.23 02:45:29.431,1.23794,1.23806,1.50,1.12
2015.01.23 02:45:34.043,1.23792,1.23805,1.57,1.00
2015.01.23 02:45:34.245,1.23792,1.23805,1.00,1.62
2015.01.23 02:45:34.806,1.23791,1.23803,1.00,1.07
2015.01.23 02:45:36.566,1.2379,1.23802,1.00,1.10
2015.01.23 02:45:40.862,1.2379,1.23802,1.00,1.47
2015.01.23 02:45:41.165,1.23788,1.238,1.00,1.07
2015.01.23 02:45:41.519,1.23787,1.23797,1.00,1.10
2015.01.23 02:45:47.466,1.23785,1.23797,1.50,1.10
2015.01.23 02:45:50.694,1.23786,1.23798,1.00,1.07
2015.01.23 02:45:52.912,1.23785,1.23801,1.00,1.94
2015.01.23 02:45:53.115,1.23782,1.238,1.10,1.37
2015.01.23 02:45:53.166,1.23782,1.238,1.10,1.50
2015.01.23 02:45:54.105,1.2378,1.238,1.10,1.12
2015.01.23 02:46:14.404,1.23778,1.238,1.77,1.31
2015.01.23 02:46:15.710,1.2378,1.23801,1.12,2.14
2015.01.23 02:46:17.121,1.23786,1.23801,1.00,1.95
2015.01.23 02:46:17.640,1.23785,1.23801,1.00,1.37
2015.01.23 02:46:17.842,1.23783,1.23801,1.10,1.37
2015.01.23 02:46:18.831,1.23783,1.23801,1.20,1.62
2015.01.23 02:46:19.638,1.23784,1.23801,1.00,1.37
2015.01.23 02:46:21.073,1.23786,1.23801,1.00,1.37
2015.01.23 02:46:23.095,1.23783,1.23801,1.10,1.62
2015.01.23 02:46:23.354,1.23787,1.23801,1.00,1.62
2015.01.23 02:46:23.657,1.23789,1.23801,1.00,1.62
2015.01.23 02:46:26.506,1.23788,1.23801,1.00,1.37
2015.01.23 02:46:29.268,1.23788,1.23801,1.00,1.37
2015.01.23 02:46:29.815,1.23784,1.23801,1.15,1.37
2015.01.23 02:46:29.917,1.23784,1.23801,1.20,1.37
2015.01.23 02:46:39.533,1.23789,1.23801,1.00,1.62
2015.01.23 02:46:40.038,1.23789,1.23801,1.00,1.62
2015.01.23 02:46:40.932,1.23789,1.23801,1.00,1.37
2015.01.23 02:46:45.410,1.23784,1.23801,1.00,1.37
2015.01.23 02:46:47.723,1.23782,1.23801,1.10,1.66
2015.01.23 02:46:48.532,1.23785,1.23801,1.00,2.04
2015.01.23 02:46:48.634,1.23781,1.238,1.07,1.01
2015.01.23 02:46:49.308,1.23781,1.23801,1.20,2.04
2015.01.23 02:46:52.262,1.23781,1.23801,1.20,1.76
2015.01.23 02:47:01.589,1.23788,1.23801,1.00,1.56
2015.01.23 02:47:02.773,1.23789,1.23801,1.00,1.37
2015.01.23 02:47:06.364,1.23787,1.23801,1.00,1.37
2015.01.23 02:47:06.567,1.23784,1.23801,1.00,1.50
2015.01.23 02:47:06.668,1.23781,1.23801,1.25,1.50
2015.01.23 02:47:07.174,1.23781,1.238,1.50,1.95
2015.01.23 02:47:07.681,1.23782,1.238,1.10,1.47
2015.01.23 02:47:08.767,1.23782,1.238,1.07,1.47
2015.01.23 02:47:12.159,1.2378,1.23801,1.17,1.84
2015.01.23 02:47:17.570,1.2378,1.238,1.10,1.09
2015.01.23 02:47:19.427,1.2378,1.23799,1.07,1.09
2015.01.23 02:47:19.989,1.23779,1.23797,1.12,1.55
2015.01.23 02:47:22.725,1.23776,1.23797,1.50,1.77
2015.01.23 02:47:35.484,1.23777,1.23797,1.37,1.09
2015.01.23 02:47:55.071,1.23778,1.23799,1.37,1.09
2015.01.23 02:47:56.007,1.23778,1.23799,1.37,1.09
2015.01.23 02:48:00.326,1.23781,1.238,1.12,1.64
2015.01.23 02:48:01.017,1.23781,1.238,1.12,1.39
2015.01.23 02:48:09.924,1.23783,1.238,1.12,1.56
2015.01.23 02:48:10.431,1.23786,1.23801,1.00,2.06
2015.01.23 02:48:10.583,1.23787,1.23801,1.00,1.20
2015.01.23 02:48:11.561,1.23788,1.23801,1.00,1.20
2015.01.23 02:48:16.269,1.23791,1.23801,1.00,1.20
2015.01.23 02:48:16.776,1.23791,1.23801,1.00,1.20
2015.01.23 02:48:18.459,1.23792,1.23801,1.00,1.10
2015.01.23 02:48:18.762,1.23794,1.23801,1.00,1.00
2015.01.23 02:48:18.863,1.23794,1.23809,1.00,1.69
2015.01.23 02:48:19.458,1.23794,1.2381,1.00,1.31
2015.01.23 02:48:19.660,1.23798,1.2381,1.00,1.31
2015.01.23 02:48:19.711,1.23798,1.23811,1.00,2.06
2015.01.23 02:48:19.812,1.23794,1.23811,1.15,1.69
2015.01.23 02:48:20.347,1.23794,1.23811,1.07,1.69
2015.01.23 02:48:23.925,1.23794,1.23811,1.15,1.50
2015.01.23 02:48:24.261,1.238,1.23811,1.00,1.50
2015.01.23 02:48:24.766,1.238,1.23811,1.00,1.12
2015.01.23 02:48:27.970,1.23795,1.23812,1.00,1.37
2015.01.23 02:48:28.476,1.23792,1.23812,1.31,1.47
2015.01.23 02:48:29.177,1.23792,1.23812,1.31,1.57
2015.01.23 02:48:36.068,1.23792,1.23812,1.10,1.84
2015.01.23 02:48:41.699,1.23791,1.23811,1.00,1.77
2015.01.23 02:48:44.340,1.23791,1.2381,1.19,1.45
2015.01.23 02:48:44.672,1.23794,1.2381,1.19,1.37
2015.01.23 02:48:45.146,1.23794,1.2381,1.00,1.37
2015.01.23 02:48:45.247,1.23794,1.2381,1.00,1.37
2015.01.23 02:48:45.761,1.23793,1.2381,1.00,1.45
2015.01.23 02:48:50.735,1.23792,1.2381,1.00,1.70
2015.01.23 02:49:00.833,1.23793,1.2381,1.00,1.64
2015.01.23 02:49:02.939,1.2379,1.23808,1.07,1.32
2015.01.23 02:49:03.242,1.2379,1.23808,1.10,1.01
2015.01.23 02:49:03.811,1.2379,1.23807,1.00,1.46
2015.01.23 02:49:05.596,1.2379,1.23807,1.00,1.09
2015.01.23 02:49:13.258,1.2379,1.23806,1.50,1.39
2015.01.23 02:49:14.276,1.2379,1.23806,1.50,1.01
2015.01.23 02:49:19.666,1.2379,1.23805,1.00,1.31
2015.01.23 02:49:20.196,1.2379,1.23805,1.00,1.62
2015.01.23 02:49:23.631,1.2379,1.23808,1.00,1.27
2015.01.23 02:49:24.282,1.23789,1.23808,1.10,1.27
2015.01.23 02:49:26.450,1.23789,1.23807,1.00,1.27
2015.01.23 02:49:47.689,1.23789,1.23806,1.00,1.39
2015.01.23 02:49:48.487,1.23789,1.23806,1.00,1.66
2015.01.23 02:49:54.061,1.2379,1.23806,1.00,1.39
2015.01.23 02:49:56.238,1.23789,1.23806,1.50,1.39
2015.01.23 02:50:10.669,1.23789,1.23808,1.10,1.52
2015.01.23 02:50:10.931,1.23789,1.23809,1.12,1.27
2015.01.23 02:50:11.452,1.23792,1.23809,1.00,1.27
2015.01.23 02:50:15.677,1.23789,1.23809,1.12,1.66
2015.01.23 02:50:16.184,1.2379,1.23809,1.10,1.39
2015.01.23 02:50:16.589,1.23793,1.23808,1.00,1.12
2015.01.23 02:50:16.690,1.2379,1.2381,1.07,2.02
2015.01.23 02:50:17.792,1.23794,1.2381,1.00,1.75
2015.01.23 02:50:17.899,1.23791,1.23812,1.10,1.27
2015.01.23 02:50:17.950,1.23791,1.23812,1.07,1.27
2015.01.23 02:50:18.304,1.23794,1.23811,1.00,1.75
2015.01.23 02:50:18.507,1.23792,1.23811,1.00,1.75
2015.01.23 02:50:21.350,1.23792,1.23811,1.37,2.00
2015.01.23 02:50:21.401,1.23795,1.23811,1.00,2.00
2015.01.23 02:50:21.543,1.23795,1.23811,1.00,1.62
2015.01.23 02:50:21.594,1.238,1.2381,1.00,1.37
2015.01.23 02:50:22.027,1.238,1.2381,1.00,1.07
2015.01.23 02:50:22.483,1.23799,1.23816,1.50,1.62
2015.01.23 02:50:23.141,1.238,1.2381,1.00,1.00
2015.01.23 02:50:31.650,1.23799,1.23815,1.00,1.39
2015.01.23 02:50:31.751,1.23795,1.23813,1.12,1.12
2015.01.23 02:50:32.156,1.23794,1.23815,1.12,1.01
2015.01.23 02:50:34.204,1.23794,1.23815,1.37,1.52
2015.01.23 02:50:35.750,1.23794,1.23814,1.12,1.09
2015.01.23 02:50:40.119,1.23797,1.23801,1.00,1.00
2015.01.23 02:50:40.482,1.23793,1.23801,1.07,1.00
2015.01.23 02:50:40.836,1.23791,1.23801,1.10,1.00
2015.01.23 02:50:46.740,1.23793,1.23801,1.00,1.00
2015.01.23 02:50:52.360,1.23791,1.23801,1.10,1.00
2015.01.23 02:51:12.238,1.23792,1.23802,1.00,1.00
2015.01.23 02:51:40.888,1.23794,1.23809,1.00,1.12
2015.01.23 02:51:41.545,1.23795,1.23812,1.00,1.27
2015.01.23 02:51:41.596,1.23795,1.23812,1.00,1.27
2015.01.23 02:51:41.647,1.23798,1.23813,1.00,1.01
2015.01.23 02:51:41.749,1.23798,1.23814,1.00,1.01
2015.01.23 02:51:42.156,1.23798,1.23816,1.00,1.20
2015.01.23 02:51:42.708,1.23797,1.23817,1.12,1.46
2015.01.23 02:51:42.809,1.23797,1.23816,1.10,1.47
2015.01.23 02:51:43.315,1.23797,1.23816,1.00,1.20
2015.01.23 02:51:43.569,1.23799,1.23816,1.00,1.20
2015.01.23 02:51:44.077,1.23798,1.23816,1.00,1.39
2015.01.23 02:51:49.312,1.23798,1.23816,1.00,1.39
2015.01.23 02:51:49.886,1.23798,1.23816,1.00,1.39
2015.01.23 02:51:59.111,1.23799,1.23816,1.00,1.39
2015.01.23 02:52:12.091,1.23798,1.23816,1.00,1.31
2015.01.23 02:52:20.928,1.23799,1.23816,1.00,1.31
2015.01.23 02:52:22.536,1.238,1.23814,1.00,1.56
2015.01.23 02:52:22.637,1.238,1.23816,1.00,1.31
2015.01.23 02:52:37.642,1.23802,1.23817,1.00,1.31
2015.01.23 02:52:37.845,1.23802,1.23818,1.00,1.31
2015.01.23 02:52:38.462,1.23802,1.23819,1.00,1.12
2015.01.23 02:52:38.816,1.23802,1.23819,1.07,1.37
2015.01.23 02:52:39.121,1.23806,1.23819,1.00,1.50
2015.01.23 02:52:39.581,1.23806,1.23819,1.00,1.50
2015.01.23 02:52:56.296,1.23807,1.23819,1.00,1.62
2015.01.23 02:53:01.557,1.23806,1.23819,1.00,1.37
2015.01.23 02:53:01.658,1.23803,1.23819,1.10,1.37
2015.01.23 02:53:01.709,1.23803,1.23819,1.00,1.37
2015.01.23 02:53:02.225,1.23801,1.23819,1.27,1.50
2015.01.23 02:53:02.377,1.238,1.23818,1.50,1.62
2015.01.23 02:53:02.883,1.23801,1.23818,1.00,1.62
2015.01.23 02:53:03.363,1.23798,1.23815,1.00,1.47
2015.01.23 02:53:03.464,1.23796,1.23815,1.00,1.47
2015.01.23 02:53:18.155,1.23795,1.23813,1.00,1.01
2015.01.23 02:53:19.054,1.23795,1.23813,1.10,1.01
2015.01.23 02:53:19.856,1.23795,1.23813,1.00,1.01
2015.01.23 02:53:44.016,1.238,1.23815,1.00,1.39
2015.01.23 02:53:44.565,1.238,1.23816,1.00,1.31
2015.01.23 02:53:47.906,1.238,1.23814,1.00,1.20
2015.01.23 02:53:47.956,1.23795,1.23814,1.10,1.20
2015.01.23 02:53:48.007,1.23793,1.23812,1.07,1.37
2015.01.23 02:53:48.468,1.23793,1.23814,1.07,1.20
2015.01.23 02:54:01.680,1.23797,1.23814,1.00,1.39
2015.01.23 02:54:01.883,1.23797,1.23818,1.09,1.31
2015.01.23 02:54:01.934,1.238,1.23818,1.00,1.56
2015.01.23 02:54:02.086,1.23801,1.23819,1.00,1.37
2015.01.23 02:54:02.593,1.23802,1.23819,1.10,1.37
2015.01.23 02:54:03.342,1.23804,1.23819,1.00,1.37
2015.01.23 02:54:15.672,1.23805,1.23819,1.00,1.37
2015.01.23 02:54:16.514,1.23805,1.23819,1.00,1.07
2015.01.23 02:54:21.112,1.23804,1.23819,1.00,1.07
2015.01.23 02:54:24.510,1.23805,1.23819,1.00,1.07
2015.01.23 02:54:25.300,1.23803,1.23819,1.10,1.07
2015.01.23 02:54:29.639,1.23805,1.23822,1.00,1.56
2015.01.23 02:54:36.728,1.23805,1.23822,1.50,1.62
2015.01.23 02:54:37.264,1.23805,1.23823,1.50,1.94
2015.01.23 02:54:53.808,1.23805,1.23822,1.50,1.12
2015.01.23 02:54:54.333,1.23805,1.23822,1.50,1.37
2015.01.23 02:54:59.962,1.23806,1.23822,1.00,1.37
2015.01.23 02:55:00.570,1.23805,1.23822,1.50,1.37
2015.01.23 02:55:01.352,1.23805,1.23822,1.50,1.12
2015.01.23 02:55:29.897,1.23804,1.23822,1.00,2.00
2015.01.23 02:55:30.391,1.23805,1.23822,1.27,1.31
2015.01.23 02:55:30.644,1.23809,1.23826,1.00,1.31
2015.01.23 02:55:31.160,1.23809,1.23827,1.00,1.39
2015.01.23 02:55:31.311,1.23809,1.23827,1.10,1.01
2015.01.23 02:55:41.404,1.23813,1.23823,1.00,1.10
2015.01.23 02:55:44.111,1.23811,1.23825,1.10,1.10
2015.01.23 02:55:44.364,1.23812,1.23824,1.00,1.12
2015.01.23 02:55:46.921,1.23812,1.23824,1.10,1.10
2015.01.23 02:55:48.114,1.23811,1.23826,1.00,1.12
2015.01.23 02:55:48.622,1.23809,1.23826,1.07,1.12
2015.01.23 02:55:49.102,1.23809,1.23826,1.07,1.37
2015.01.23 02:55:49.764,1.23813,1.23823,1.00,1.37
2015.01.23 02:55:49.966,1.23811,1.23823,1.00,1.37
2015.01.23 02:55:51.058,1.23808,1.23824,1.00,1.50
2015.01.23 02:55:51.310,1.23806,1.23824,1.00,1.50
2015.01.23 02:55:51.820,1.23811,1.23823,1.00,1.37
2015.01.23 02:55:52.740,1.23811,1.23823,1.00,1.37
2015.01.23 02:55:53.351,1.23807,1.23824,1.57,1.37
2015.01.23 02:55:53.868,1.23807,1.23824,1.00,1.65
2015.01.23 02:55:53.970,1.23805,1.23824,1.00,1.95
2015.01.23 02:55:57.358,1.23811,1.23823,1.00,1.50
2015.01.23 02:55:58.145,1.23811,1.23823,1.00,1.12
2015.01.23 02:55:59.641,1.23807,1.23823,1.10,1.12
2015.01.23 02:55:59.893,1.23804,1.23823,1.07,1.37
2015.01.23 02:56:00.488,1.23804,1.23823,1.10,1.50
2015.01.23 02:56:01.883,1.23803,1.23822,1.10,1.27
2015.01.23 02:56:10.135,1.23803,1.2382,1.50,1.01
2015.01.23 02:56:10.439,1.23803,1.23819,1.00,1.01
2015.01.23 02:56:10.743,1.23799,1.23815,1.00,1.12
2015.01.23 02:56:11.263,1.23798,1.23815,1.00,1.12
2015.01.23 02:56:14.439,1.23795,1.23814,1.12,2.15
2015.01.23 02:56:14.945,1.23793,1.23813,1.87,1.27
2015.01.23 02:56:15.366,1.23793,1.23811,1.57,1.27
2015.01.23 02:56:16.176,1.23793,1.23812,1.57,1.27
2015.01.23 02:56:25.502,1.23793,1.2381,1.00,1.27
2015.01.23 02:56:27.281,1.23793,1.2381,1.00,1.27
2015.01.23 02:56:32.650,1.23793,1.23809,1.00,1.31
2015.01.23 02:56:43.339,1.23792,1.23808,1.00,1.52
2015.01.23 02:56:43.643,1.23792,1.23805,1.00,1.12
2015.01.23 02:56:43.794,1.23792,1.23807,1.00,1.27
2015.01.23 02:56:45.050,1.2379,1.23807,1.00,1.27
2015.01.23 02:56:45.431,1.23786,1.23801,1.12,1.00
2015.01.23 02:56:45.534,1.23784,1.23801,1.12,1.07
2015.01.23 02:56:46.115,1.23784,1.23801,1.10,1.75
2015.01.23 02:56:47.501,1.2378,1.23802,1.57,1.84
2015.01.23 02:56:47.805,1.2378,1.23801,1.27,1.12
2015.01.23 02:56:49.098,1.23784,1.23801,1.00,1.12
2015.01.23 02:56:49.604,1.23785,1.23801,1.00,1.12
2015.01.23 02:56:58.417,1.23784,1.238,1.00,1.62
2015.01.23 02:57:01.617,1.23786,1.23802,1.00,2.06
2015.01.23 02:57:01.718,1.23786,1.23802,1.00,2.06
2015.01.23 02:57:02.224,1.23787,1.23802,1.00,2.06
2015.01.23 02:57:03.040,1.23787,1.23802,1.00,1.50
2015.01.23 02:57:28.886,1.23789,1.23802,1.00,1.50
2015.01.23 02:57:30.602,1.23787,1.23802,1.10,1.50
2015.01.23 02:57:33.222,1.23787,1.23802,1.07,1.50
2015.01.23 02:57:36.276,1.2379,1.23802,1.00,1.37
2015.01.23 02:57:40.863,1.2379,1.23802,1.00,1.07
2015.01.23 02:57:48.128,1.2379,1.23802,1.00,1.12
2015.01.23 02:58:01.715,1.23787,1.23804,1.07,1.31
2015.01.23 02:58:01.868,1.23787,1.23802,1.00,1.31
2015.01.23 02:58:02.334,1.23785,1.23801,1.10,1.12
2015.01.23 02:58:02.538,1.23783,1.238,1.10,1.37
2015.01.23 02:58:03.449,1.23784,1.238,1.00,1.37
2015.01.23 02:58:05.259,1.23782,1.238,1.07,1.37
2015.01.23 02:58:06.032,1.23784,1.238,1.00,1.37
2015.01.23 02:58:06.643,1.23783,1.238,1.10,1.37
2015.01.23 02:58:07.206,1.23784,1.238,1.00,1.37
2015.01.23 02:58:07.711,1.23782,1.238,1.07,1.37
2015.01.23 02:58:08.369,1.23788,1.238,1.00,1.62
2015.01.23 02:58:08.572,1.23788,1.23802,1.00,1.69
2015.01.23 02:58:10.241,1.23785,1.23802,1.00,1.87
2015.01.23 02:58:15.550,1.23779,1.23786,1.74,1.00
2015.01.23 02:58:15.955,1.2378,1.23786,1.10,1.00
2015.01.23 02:58:16.107,1.2378,1.23793,1.10,1.45
2015.01.23 02:58:16.209,1.23778,1.2379,1.27,1.37
2015.01.23 02:58:16.310,1.23778,1.2379,1.00,1.37
2015.01.23 02:58:16.816,1.23777,1.23781,1.00,1.00
2015.01.23 02:58:18.268,1.23775,1.23781,1.10,1.00
2015.01.23 02:58:18.807,1.23776,1.23781,1.00,1.00
2015.01.23 02:58:20.372,1.23775,1.23781,1.10,1.00
2015.01.23 02:58:22.385,1.23774,1.23781,1.00,1.00
2015.01.23 02:58:25.096,1.23775,1.23781,1.00,1.00
2015.01.23 02:58:27.265,1.23773,1.23781,1.00,1.00
2015.01.23 02:58:34.440,1.23772,1.23781,1.10,1.00
2015.01.23 02:58:41.301,1.23772,1.23782,1.10,1.00
2015.01.23 02:58:41.808,1.23771,1.23781,1.00,1.00
2015.01.23 02:58:42.312,1.23772,1.23781,1.00,1.00
2015.01.23 02:58:46.419,1.23771,1.23781,1.00,1.00
2015.01.23 02:58:46.521,1.23774,1.23781,1.00,1.00
2015.01.23 02:58:52.696,1.23773,1.23781,1.00,1.00
2015.01.23 02:58:54.110,1.23776,1.23781,1.00,1.00
2015.01.23 02:58:54.516,1.23773,1.23781,1.07,1.00
2015.01.23 02:58:54.925,1.23776,1.23781,1.00,1.00
2015.01.23 02:59:00.126,1.23776,1.2378,1.00,1.00
2015.01.23 02:59:06.269,1.23774,1.2378,1.07,1.00
2015.01.23 02:59:12.433,1.23771,1.2378,1.52,1.50
2015.01.23 02:59:12.737,1.23759,1.23769,3.90,1.16
2015.01.23 02:59:12.839,1.23762,1.23772,1.37,3.00
2015.01.23 02:59:12.890,1.23764,1.23772,1.07,1.50
2015.01.23 02:59:13.042,1.23769,1.23781,1.00,1.37
2015.01.23 02:59:13.093,1.23767,1.23782,1.50,1.37
2015.01.23 02:59:13.144,1.2377,1.23782,1.00,1.07
2015.01.23 02:59:13.548,1.23773,1.23782,1.00,1.00
2015.01.23 02:59:18.284,1.23773,1.23781,1.00,1.00
2015.01.23 02:59:28.787,1.23773,1.23781,1.00,1.60
2015.01.23 02:59:29.091,1.23762,1.23766,1.00,1.00
2015.01.23 02:59:29.142,1.23763,1.23778,1.00,1.87
2015.01.23 02:59:29.193,1.23765,1.2378,1.00,2.25
2015.01.23 02:59:29.447,1.23767,1.23781,1.07,1.00
2015.01.23 02:59:29.548,1.23767,1.23781,1.55,1.00
2015.01.23 02:59:29.851,1.23773,1.23781,1.00,1.00
2015.01.23 02:59:32.217,1.23771,1.23781,1.10,1.00
2015.01.23 02:59:33.184,1.23773,1.23781,1.00,1.00
2015.01.23 02:59:34.965,1.23773,1.23782,1.00,1.00
2015.01.23 02:59:35.320,1.23775,1.23782,1.00,1.00
2015.01.23 02:59:35.898,1.23775,1.23781,1.00,1.00
2015.01.23 02:59:38.729,1.23778,1.23793,1.00,1.31
2015.01.23 02:59:38.831,1.23778,1.23793,1.00,1.31
2015.01.23 02:59:38.881,1.2378,1.23796,1.00,2.29
2015.01.23 02:59:39.185,1.23784,1.23799,1.07,2.47
2015.01.23 02:59:39.488,1.23788,1.23799,1.20,2.17
2015.01.23 02:59:39.791,1.23788,1.23799,1.15,1.50
2015.01.23 02:59:40.475,1.23789,1.238,1.17,2.17
2015.01.23 02:59:40.578,1.23789,1.23804,1.17,1.37
2015.01.23 02:59:43.092,1.23794,1.23804,1.12,1.37
2015.01.23 02:59:43.194,1.23796,1.23815,1.00,1.82
2015.01.23 02:59:43.295,1.23801,1.23818,1.10,1.85
2015.01.23 02:59:43.397,1.23801,1.23821,1.20,1.87
2015.01.23 02:59:43.600,1.23801,1.23821,1.40,1.12
2015.01.23 02:59:43.752,1.23801,1.23825,1.77,1.82
2015.01.23 02:59:43.853,1.23804,1.23825,1.25,1.45
2015.01.23 02:59:44.207,1.23805,1.23826,1.22,1.31
2015.01.23 02:59:44.512,1.23808,1.23825,1.57,1.12
2015.01.23 02:59:44.867,1.2381,1.23827,1.10,1.75
2015.01.23 02:59:44.918,1.2381,1.23827,1.27,1.75
2015.01.23 02:59:45.070,1.23814,1.23827,1.00,1.12
2015.01.23 02:59:45.590,1.23814,1.23827,1.00,1.07
2015.01.23 02:59:57.457,1.23814,1.23825,1.00,1.37
2015.01.23 02:59:57.559,1.23807,1.23827,1.47,2.47
2015.01.23 02:59:57.660,1.23801,1.23822,1.92,1.37
2015.01.23 02:59:57.711,1.23801,1.23819,1.65,1.37
2015.01.23 02:59:57.814,1.23801,1.23818,1.37,1.01
2015.01.23 02:59:57.915,1.23801,1.23816,1.00,3.37
2015.01.23 02:59:58.262,1.23788,1.23803,1.00,1.80
2015.01.23 02:59:58.566,1.23779,1.23797,1.00,1.39
2015.01.23 02:59:58.718,1.23779,1.23795,1.00,1.31
2015.01.23 02:59:58.921,1.23775,1.23795,1.20,1.31
2015.01.23 02:59:59.597,1.23775,1.23794,1.00,1.31
2015.01.23 02:59:59.800,1.23773,1.23794,1.20,1.31
