2007.05.03 13:00:02.937,1.1072,1.1074,31.00,0.60
2007.05.03 13:00:03.551,1.1072,1.1074,31.00,2.60
2007.05.03 13:00:04.451,1.1073,1.1074,0.30,0.80
2007.05.03 13:00:04.679,1.1073,1.1075,0.60,18.30
2007.05.03 13:00:04.890,1.1073,1.1075,0.60,15.10
2007.05.03 13:00:06.052,1.1072,1.1074,9.20,0.30
2007.05.03 13:00:06.272,1.1072,1.1074,4.00,9.50
2007.05.03 13:00:06.506,1.1072,1.10735,1.10,1.60
2007.05.03 13:00:06.752,1.1072,1.1074,18.00,6.80
2007.05.03 13:00:06.869,1.1072,1.10745,18.00,14.80
2007.05.03 13:00:07.011,1.1072,1.10745,22.10,14.80
2007.05.03 13:00:07.229,1.1072,1.10745,22.30,12.40
2007.05.03 13:00:09.188,1.1072,1.10745,9.60,5.00
2007.05.03 13:00:12.140,1.10725,1.10745,1.60,4.70
2007.05.03 13:00:12.813,1.10725,1.10745,1.60,4.40
2007.05.03 13:00:13.655,1.1073,1.1074,4.80,0.30
2007.05.03 13:00:13.865,1.1073,1.10755,15.60,21.60
2007.05.03 13:00:14.099,1.1073,1.10755,18.80,9.60
2007.05.03 13:00:14.614,1.1073,1.1075,21.40,0.50
2007.05.03 13:00:14.922,1.1073,1.10755,22.20,9.60
2007.05.03 13:00:15.230,1.1073,1.10755,20.60,9.60
2007.05.03 13:00:15.513,1.1073,1.10755,20.50,9.60
2007.05.03 13:00:21.894,1.1073,1.1075,19.70,0.60
2007.05.03 13:00:22.097,1.1073,1.10755,18.80,10.40
2007.05.03 13:00:22.331,1.1073,1.10755,18.60,10.40
2007.05.03 13:00:25.275,1.1073,1.1075,17.80,0.80
2007.05.03 13:00:26.432,1.1073,1.10755,17.10,9.60
2007.05.03 13:00:27.385,1.1073,1.1075,16.40,0.80
2007.05.03 13:00:29.013,1.1073,1.10755,15.60,9.60
2007.05.03 13:00:30.274,1.1073,1.1075,14.90,0.70
2007.05.03 13:00:37.022,1.1073,1.1075,15.70,7.20
2007.05.03 13:00:42.878,1.1073,1.1075,19.20,7.20
2007.05.03 13:00:43.198,1.1073,1.1075,17.30,7.20
2007.05.03 13:00:43.697,1.1073,1.1075,16.50,7.20
2007.05.03 13:00:47.343,1.1073,1.1075,19.70,7.20
2007.05.03 13:00:47.555,1.1073,1.1075,21.30,7.20
2007.05.03 13:00:49.109,1.1073,1.1075,22.10,7.20
2007.05.03 13:00:51.735,1.1073,1.1075,22.60,7.20
2007.05.03 13:00:53.770,1.1073,1.1075,22.40,7.20
2007.05.03 13:00:55.096,1.1073,1.1075,23.20,7.20
2007.05.03 13:00:55.872,1.1073,1.1075,23.40,7.20
2007.05.03 13:01:00.155,1.1073,1.1075,20.90,7.20
2007.05.03 13:01:00.401,1.1073,1.1075,20.00,7.20
2007.05.03 13:01:01.043,1.1073,1.1075,12.60,7.20
2007.05.03 13:01:01.729,1.1073,1.1075,11.80,7.20
2007.05.03 13:01:02.602,1.1073,1.1074,9.60,1.10
2007.05.03 13:01:03.340,1.10725,1.1074,11.20,1.10
2007.05.03 13:01:03.607,1.10725,1.1074,11.20,1.20
2007.05.03 13:01:07.486,1.10725,1.1074,11.20,0.70
2007.05.03 13:01:09.112,1.1073,1.1074,1.70,0.70
2007.05.03 13:01:16.806,1.1073,1.1074,0.80,0.70
2007.05.03 13:01:18.350,1.10725,1.1074,10.40,0.70
2007.05.03 13:01:19.891,1.1073,1.1074,1.30,0.70
2007.05.03 13:01:21.423,1.1073,1.1074,2.60,0.70
2007.05.03 13:01:22.900,1.1073,1.1074,1.90,0.70
2007.05.03 13:01:24.488,1.10725,1.1074,16.20,0.70
2007.05.03 13:01:25.011,1.10725,1.1075,16.20,8.00
2007.05.03 13:01:25.308,1.10725,1.1075,16.20,7.20
2007.05.03 13:01:30.093,1.1073,1.1075,7.60,7.20
2007.05.03 13:01:31.863,1.1073,1.10755,27.90,2.40
2007.05.03 13:01:32.104,1.1073,1.10755,29.50,0.80
2007.05.03 13:01:33.729,1.1073,1.10755,29.70,0.80
2007.05.03 13:01:34.273,1.1073,1.10755,29.90,0.80
2007.05.03 13:01:34.673,1.1073,1.10755,33.90,0.80
2007.05.03 13:01:35.197,1.1073,1.10755,34.00,0.80
2007.05.03 13:01:35.479,1.1073,1.1076,33.20,23.20
2007.05.03 13:01:36.110,1.1073,1.1076,34.00,23.20
2007.05.03 13:01:37.019,1.1073,1.10755,34.00,0.80
2007.05.03 13:01:37.752,1.1073,1.1076,34.00,23.20
2007.05.03 13:01:38.800,1.1073,1.10755,34.00,0.80
2007.05.03 13:01:40.795,1.1073,1.10755,25.00,0.80
2007.05.03 13:01:41.442,1.1073,1.10755,9.90,0.80
2007.05.03 13:01:41.772,1.1073,1.1075,15.40,8.00
2007.05.03 13:01:42.126,1.1073,1.1075,16.20,8.00
2007.05.03 13:01:43.446,1.1073,1.1075,17.00,7.20
2007.05.03 13:01:44.084,1.1073,1.1075,17.00,0.70
2007.05.03 13:01:44.102,1.1073,1.1075,16.20,0.70
2007.05.03 13:01:45.497,1.1073,1.1076,24.20,33.90
2007.05.03 13:01:45.726,1.1073,1.10765,25.00,36.00
2007.05.03 13:01:46.053,1.1073,1.10765,25.00,35.40
2007.05.03 13:01:46.629,1.1073,1.1076,25.00,31.40
2007.05.03 13:01:48.366,1.1073,1.10755,25.80,0.80
2007.05.03 13:01:49.394,1.1074,1.10755,9.90,0.80
2007.05.03 13:01:49.697,1.10745,1.10765,1.60,8.80
2007.05.03 13:01:49.899,1.10745,1.10765,1.60,7.60
2007.05.03 13:01:50.238,1.10745,1.1076,1.60,0.50
2007.05.03 13:01:50.799,1.10745,1.1076,1.60,0.70
2007.05.03 13:01:51.460,1.10745,1.10765,1.60,5.20
2007.05.03 13:01:51.726,1.10745,1.10765,1.60,6.00
2007.05.03 13:01:52.023,1.10745,1.10765,1.60,3.40
2007.05.03 13:01:55.715,1.10745,1.10765,1.60,3.50
2007.05.03 13:01:59.616,1.10745,1.10765,1.60,3.20
2007.05.03 13:02:00.696,1.10745,1.10765,1.60,9.20
2007.05.03 13:02:00.905,1.10745,1.10755,1.60,0.80
2007.05.03 13:02:01.116,1.10745,1.10755,0.50,0.80
2007.05.03 13:02:01.616,1.10745,1.10765,2.40,3.20
2007.05.03 13:02:01.854,1.10745,1.10765,1.70,5.20
2007.05.03 13:02:02.186,1.10755,1.1076,0.10,0.90
2007.05.03 13:02:02.541,1.10755,1.1076,0.10,0.80
2007.05.03 13:02:18.790,1.10745,1.1076,1.20,0.80
2007.05.03 13:02:20.113,1.1074,1.1076,2.80,0.80
2007.05.03 13:02:21.189,1.1074,1.1076,0.50,8.80
2007.05.03 13:02:21.550,1.1074,1.10755,3.80,0.80
2007.05.03 13:02:21.824,1.1074,1.10755,3.50,0.80
2007.05.03 13:02:22.211,1.1074,1.1076,19.10,11.30
2007.05.03 13:02:22.423,1.1074,1.1076,27.90,0.80
2007.05.03 13:02:28.332,1.1074,1.1076,2.10,6.70
2007.05.03 13:02:28.607,1.10735,1.10755,2.20,3.20
2007.05.03 13:02:28.869,1.10735,1.10755,0.80,3.20
2007.05.03 13:02:32.175,1.10735,1.10755,0.80,0.80
2007.05.03 13:02:38.093,1.1074,1.10755,4.00,0.80
2007.05.03 13:02:41.870,1.1074,1.1076,15.10,16.80
2007.05.03 13:02:44.128,1.1074,1.1076,4.00,11.70
2007.05.03 13:02:44.565,1.1074,1.10765,4.00,11.60
2007.05.03 13:02:44.839,1.1074,1.10765,4.00,6.80
2007.05.03 13:02:45.317,1.1074,1.10765,15.10,14.00
2007.05.03 13:02:46.534,1.1074,1.1076,15.10,0.90
2007.05.03 13:02:46.789,1.1074,1.10765,15.10,13.80
2007.05.03 13:02:48.594,1.1074,1.10765,15.10,16.40
2007.05.03 13:02:48.979,1.1074,1.1076,15.10,14.00
2007.05.03 13:02:50.421,1.1074,1.10765,15.10,14.80
2007.05.03 13:02:51.724,1.1074,1.10765,15.30,12.00
2007.05.03 13:02:51.988,1.1074,1.10765,15.60,12.00
2007.05.03 13:02:52.528,1.1074,1.10765,15.50,12.00
2007.05.03 13:02:52.899,1.1074,1.10765,15.40,12.00
2007.05.03 13:02:53.818,1.1074,1.10765,15.30,12.00
2007.05.03 13:02:54.915,1.1074,1.10765,15.60,12.00
2007.05.03 13:02:56.367,1.1074,1.1076,15.10,0.90
2007.05.03 13:02:56.579,1.1074,1.10765,6.60,0.50
2007.05.03 13:02:56.782,1.10745,1.10765,1.60,0.90
2007.05.03 13:02:57.285,1.10745,1.10765,1.60,4.00
2007.05.03 13:02:58.077,1.1074,1.10765,4.00,4.90
2007.05.03 13:02:58.292,1.10735,1.1076,1.60,27.40
2007.05.03 13:02:59.715,1.10735,1.1076,1.60,22.30
2007.05.03 13:03:00.081,1.1074,1.1076,15.30,0.70
2007.05.03 13:03:01.077,1.1074,1.1076,13.20,0.70
2007.05.03 13:03:01.497,1.10745,1.10765,1.60,4.00
2007.05.03 13:03:15.603,1.10745,1.10765,1.60,3.20
2007.05.03 13:03:17.247,1.1075,1.1077,15.10,16.60
2007.05.03 13:03:20.047,1.10755,1.1077,1.60,2.60
2007.05.03 13:03:20.325,1.10755,1.10775,1.60,1.90
2007.05.03 13:03:21.159,1.10755,1.1078,1.60,35.40
2007.05.03 13:03:22.748,1.10755,1.10775,0.80,0.60
2007.05.03 13:03:23.011,1.1075,1.1078,33.00,34.60
2007.05.03 13:03:23.751,1.1075,1.1078,32.50,34.70
2007.05.03 13:03:23.972,1.1075,1.10785,32.50,41.10
2007.05.03 13:03:27.607,1.1075,1.10775,32.20,0.50
2007.05.03 13:03:28.123,1.10755,1.10775,1.60,1.60
2007.05.03 13:03:32.572,1.1075,1.10775,32.00,1.60
2007.05.03 13:03:35.511,1.1075,1.10775,29.60,1.60
2007.05.03 13:03:37.656,1.10755,1.10775,1.60,1.60
2007.05.03 13:03:38.325,1.1075,1.10775,29.60,1.60
2007.05.03 13:03:38.624,1.1075,1.1077,15.20,10.40
2007.05.03 13:03:38.839,1.1075,1.10765,15.20,0.80
2007.05.03 13:03:40.071,1.1075,1.10765,0.10,0.80
2007.05.03 13:03:40.521,1.1075,1.10765,0.10,2.40
2007.05.03 13:03:53.755,1.1075,1.10765,9.60,0.80
2007.05.03 13:03:54.058,1.1075,1.1077,28.80,0.60
2007.05.03 13:03:54.359,1.10755,1.1077,1.60,0.60
2007.05.03 13:03:55.070,1.1075,1.1077,30.40,0.60
2007.05.03 13:03:55.147,1.1075,1.1077,30.40,0.60
2007.05.03 13:03:58.629,1.1075,1.1077,19.20,0.30
2007.05.03 13:03:58.846,1.10745,1.1077,24.00,0.30
2007.05.03 13:04:00.332,1.10745,1.1077,23.20,0.30
2007.05.03 13:04:02.613,1.10745,1.10775,26.00,1.60
2007.05.03 13:04:02.899,1.10755,1.10775,0.80,1.60
2007.05.03 13:04:03.889,1.1075,1.10775,23.10,1.60
2007.05.03 13:04:04.440,1.1075,1.1077,7.20,4.40
2007.05.03 13:04:04.673,1.1075,1.1076,0.80,5.60
2007.05.03 13:04:04.953,1.1075,1.10755,0.10,1.60
2007.05.03 13:04:05.191,1.1073,1.10755,23.80,1.60
2007.05.03 13:04:07.233,1.1073,1.1075,24.10,0.70
2007.05.03 13:04:08.224,1.10735,1.1075,4.00,0.70
2007.05.03 13:04:08.431,1.1074,1.1075,1.00,0.60
2007.05.03 13:04:08.675,1.10735,1.1075,21.70,0.60
2007.05.03 13:04:08.950,1.10735,1.1075,25.50,0.80
2007.05.03 13:04:10.326,1.1074,1.1075,7.70,6.40
2007.05.03 13:04:11.124,1.1074,1.1075,5.50,1.60
2007.05.03 13:04:11.369,1.10745,1.1075,1.00,0.40
2007.05.03 13:04:14.257,1.1075,1.10765,9.00,0.80
2007.05.03 13:04:14.539,1.1075,1.1078,26.10,25.70
2007.05.03 13:04:14.970,1.1075,1.1077,4.20,10.70
2007.05.03 13:04:15.454,1.10745,1.1077,19.10,8.30
2007.05.03 13:04:15.773,1.1075,1.1078,8.00,36.00
2007.05.03 13:04:16.054,1.1075,1.1078,1.00,21.60
2007.05.03 13:04:16.295,1.10745,1.1077,23.90,7.20
2007.05.03 13:04:16.498,1.10745,1.1077,21.50,7.60
2007.05.03 13:04:16.752,1.1075,1.1077,3.80,7.60
2007.05.03 13:04:17.121,1.1075,1.10775,0.80,1.60
2007.05.03 13:04:17.382,1.1075,1.1078,10.70,31.50
2007.05.03 13:04:17.615,1.10745,1.1078,15.40,24.40
2007.05.03 13:04:17.837,1.10745,1.1077,19.30,10.40
2007.05.03 13:04:18.951,1.1075,1.1077,6.80,10.40
2007.05.03 13:04:19.194,1.10745,1.1077,16.20,10.40
2007.05.03 13:04:19.500,1.1075,1.1077,0.80,7.20
2007.05.03 13:04:19.765,1.1075,1.10775,10.30,1.60
2007.05.03 13:04:20.030,1.10745,1.1078,32.80,31.90
2007.05.03 13:04:20.288,1.10745,1.1078,33.90,31.90
2007.05.03 13:04:20.502,1.10745,1.1078,34.80,31.90
2007.05.03 13:04:20.808,1.10745,1.1078,34.70,31.90
2007.05.03 13:04:21.087,1.1075,1.1078,5.10,31.90
2007.05.03 13:04:21.665,1.1075,1.1078,4.80,32.00
2007.05.03 13:04:22.316,1.1075,1.1078,23.20,32.00
2007.05.03 13:04:23.316,1.1075,1.1078,25.90,32.00
2007.05.03 13:04:25.215,1.1076,1.1078,2.40,12.90
2007.05.03 13:04:25.471,1.1076,1.1078,2.40,11.30
2007.05.03 13:04:25.729,1.1076,1.1078,2.40,10.80
2007.05.03 13:04:26.082,1.1076,1.1078,3.20,10.80
2007.05.03 13:04:28.644,1.10755,1.1078,2.40,26.00
2007.05.03 13:04:28.866,1.10755,1.10775,2.40,1.60
2007.05.03 13:04:30.976,1.10755,1.1078,2.40,28.20
2007.05.03 13:04:31.197,1.1076,1.1078,8.80,13.20
2007.05.03 13:04:31.451,1.10765,1.1078,1.60,3.90
2007.05.03 13:04:31.758,1.10765,1.1078,1.60,2.30
2007.05.03 13:04:31.975,1.10765,1.1078,1.60,0.60
2007.05.03 13:04:33.340,1.10765,1.1078,1.60,0.80
2007.05.03 13:04:33.605,1.10765,1.10785,0.80,1.60
2007.05.03 13:04:33.825,1.1076,1.10785,32.70,1.60
2007.05.03 13:04:34.095,1.1076,1.10785,33.50,1.60
2007.05.03 13:04:35.232,1.1076,1.10785,32.70,1.60
2007.05.03 13:04:35.445,1.1076,1.10785,31.10,1.60
2007.05.03 13:04:35.995,1.1076,1.10785,32.70,1.60
2007.05.03 13:04:36.537,1.1076,1.10785,31.10,1.60
2007.05.03 13:04:36.752,1.1076,1.10785,30.30,1.60
2007.05.03 13:04:37.284,1.1076,1.10775,27.10,1.60
2007.05.03 13:04:37.583,1.1076,1.10775,25.50,1.60
2007.05.03 13:04:37.834,1.1076,1.10775,22.30,1.60
2007.05.03 13:04:38.065,1.10755,1.10775,0.80,1.60
2007.05.03 13:04:38.909,1.10755,1.10775,2.40,1.60
2007.05.03 13:04:47.458,1.10755,1.1078,2.40,30.40
2007.05.03 13:04:47.722,1.10765,1.1078,1.50,4.90
2007.05.03 13:04:47.939,1.1076,1.1078,27.90,0.20
2007.05.03 13:04:48.242,1.1076,1.1078,5.60,0.20
2007.05.03 13:04:48.803,1.1076,1.1078,13.50,16.00
2007.05.03 13:04:50.380,1.1076,1.1078,13.50,13.30
2007.05.03 13:04:50.644,1.1076,1.1078,13.50,12.50
2007.05.03 13:04:51.223,1.1076,1.1078,13.50,10.40
2007.05.03 13:04:51.883,1.1076,1.1078,13.50,10.50
2007.05.03 13:04:52.242,1.1076,1.1078,13.50,10.40
2007.05.03 13:04:55.408,1.1076,1.1078,15.90,8.00
2007.05.03 13:04:58.822,1.1076,1.1078,13.50,10.40
2007.05.03 13:05:01.461,1.1076,1.1078,5.40,10.40
2007.05.03 13:05:02.188,1.10755,1.1078,14.30,10.40
2007.05.03 13:05:02.857,1.10755,1.1078,15.70,10.40
2007.05.03 13:05:05.181,1.10755,1.1078,15.00,10.40
2007.05.03 13:05:08.256,1.10755,1.10775,2.30,1.60
2007.05.03 13:05:13.335,1.1075,1.1077,7.30,0.50
2007.05.03 13:05:13.755,1.1075,1.1077,16.90,8.50
2007.05.03 13:05:14.233,1.1075,1.1077,4.20,8.50
2007.05.03 13:05:15.260,1.1075,1.1077,8.20,7.70
2007.05.03 13:05:15.828,1.10745,1.1077,16.80,8.50
2007.05.03 13:05:16.764,1.10745,1.10765,14.30,0.80
2007.05.03 13:05:25.817,1.1074,1.10765,41.40,0.80
2007.05.03 13:05:26.186,1.10735,1.10765,40.60,0.80
2007.05.03 13:05:29.332,1.10735,1.1076,41.40,0.50
2007.05.03 13:05:30.413,1.1074,1.1076,14.60,0.50
2007.05.03 13:05:31.155,1.1074,1.1076,37.50,0.50
2007.05.03 13:05:31.807,1.1075,1.10765,2.40,0.80
2007.05.03 13:05:32.109,1.1075,1.10765,13.50,0.80
2007.05.03 13:05:34.689,1.1075,1.10765,12.70,0.80
2007.05.03 13:05:36.289,1.1075,1.10765,12.00,0.80
2007.05.03 13:05:37.184,1.1075,1.10765,11.20,0.80
2007.05.03 13:05:40.599,1.1075,1.10765,1.20,0.80
2007.05.03 13:05:44.073,1.1074,1.10765,39.20,0.80
2007.05.03 13:05:49.307,1.1075,1.10765,1.50,0.80
2007.05.03 13:05:52.417,1.1074,1.1077,42.70,10.90
2007.05.03 13:05:52.694,1.1076,1.1077,0.80,10.90
2007.05.03 13:05:52.905,1.10755,1.1077,1.60,0.50
2007.05.03 13:05:55.272,1.1075,1.1076,5.30,0.10
2007.05.03 13:05:57.925,1.10755,1.1076,0.10,0.10
2007.05.03 13:05:58.166,1.10745,1.1076,0.80,0.10
2007.05.03 13:05:58.996,1.1074,1.1076,5.90,0.10
2007.05.03 13:05:59.236,1.10735,1.1076,42.90,0.20
2007.05.03 13:06:00.261,1.10735,1.1076,42.10,0.20
2007.05.03 13:06:02.146,1.10735,1.1076,42.90,0.20
2007.05.03 13:06:02.506,1.1074,1.1076,6.40,0.20
2007.05.03 13:06:02.778,1.1073,1.1076,48.70,6.50
2007.05.03 13:06:04.340,1.1075,1.1077,2.00,1.50
2007.05.03 13:06:04.546,1.10745,1.1077,29.70,0.50
2007.05.03 13:06:04.943,1.1075,1.1077,2.20,0.50
2007.05.03 13:06:05.782,1.10745,1.1077,26.00,0.50
2007.05.03 13:06:06.066,1.10745,1.1077,20.40,0.50
2007.05.03 13:06:06.276,1.1075,1.1077,8.20,0.50
2007.05.03 13:06:06.827,1.1075,1.1076,4.50,4.00
2007.05.03 13:06:07.042,1.1074,1.1076,4.00,22.80
2007.05.03 13:06:07.264,1.1073,1.1076,49.50,9.20
2007.05.03 13:06:07.540,1.1074,1.10755,0.60,1.20
2007.05.03 13:06:07.878,1.1074,1.10755,3.20,1.20
2007.05.03 13:06:08.437,1.1074,1.10755,3.20,2.00
2007.05.03 13:06:08.667,1.1074,1.10755,3.20,1.40
2007.05.03 13:06:08.892,1.1074,1.10755,22.30,1.40
2007.05.03 13:06:11.784,1.1074,1.10755,18.30,1.40
2007.05.03 13:06:14.666,1.1074,1.1076,18.30,5.40
2007.05.03 13:06:19.131,1.1074,1.1076,17.50,5.40
2007.05.03 13:06:20.912,1.1074,1.1076,15.90,13.00
2007.05.03 13:06:32.012,1.1074,1.1076,13.50,15.40
2007.05.03 13:06:33.914,1.1073,1.1076,27.50,32.50
2007.05.03 13:06:34.225,1.1073,1.1076,27.20,32.70
2007.05.03 13:06:37.762,1.1073,1.10755,25.60,0.70
2007.05.03 13:06:38.163,1.1073,1.1076,25.70,32.70
2007.05.03 13:06:39.177,1.1073,1.10755,34.40,0.70
2007.05.03 13:06:41.203,1.1073,1.1076,33.70,30.30
2007.05.03 13:06:50.227,1.1073,1.10755,32.80,1.40
2007.05.03 13:06:50.707,1.1073,1.10755,33.10,0.60
2007.05.03 13:06:51.411,1.1073,1.10755,33.20,0.60
2007.05.03 13:06:51.990,1.1073,1.10755,26.40,0.60
2007.05.03 13:06:52.241,1.1074,1.10755,3.20,0.60
2007.05.03 13:06:55.021,1.1074,1.10755,0.30,0.60
2007.05.03 13:06:55.617,1.1073,1.10755,34.80,0.60
2007.05.03 13:06:55.980,1.1074,1.10755,0.30,0.60
2007.05.03 13:06:56.847,1.1073,1.10755,34.80,0.60
2007.05.03 13:06:57.158,1.1073,1.10755,34.80,0.60
2007.05.03 13:06:57.580,1.1073,1.10755,34.00,0.60
2007.05.03 13:06:59.251,1.1073,1.10755,32.40,0.60
2007.05.03 13:07:00.990,1.1073,1.10755,32.90,0.60
2007.05.03 13:07:01.339,1.1073,1.10755,32.70,0.60
2007.05.03 13:07:02.919,1.10725,1.10755,39.10,0.60
2007.05.03 13:07:11.250,1.10725,1.10755,39.20,0.60
2007.05.03 13:07:12.796,1.10725,1.10755,39.00,0.60
2007.05.03 13:07:15.839,1.10725,1.10755,39.20,0.60
2007.05.03 13:07:16.219,1.1073,1.10755,7.30,1.40
2007.05.03 13:07:16.446,1.1073,1.10755,5.40,2.20
2007.05.03 13:07:16.976,1.10725,1.1075,19.10,7.20
2007.05.03 13:07:17.573,1.1072,1.1075,40.30,8.00
2007.05.03 13:07:24.516,1.1073,1.10755,6.80,2.20
2007.05.03 13:07:27.026,1.10725,1.1074,4.80,3.40
2007.05.03 13:07:27.252,1.10715,1.1074,44.20,3.40
2007.05.03 13:07:28.314,1.10715,1.1074,42.80,3.40
2007.05.03 13:07:28.589,1.1072,1.1074,15.70,3.60
2007.05.03 13:07:28.889,1.1072,1.1074,2.30,3.60
2007.05.03 13:07:29.438,1.1072,1.1074,13.40,3.70
2007.05.03 13:07:29.862,1.10715,1.1074,43.60,3.90
2007.05.03 13:07:30.346,1.10715,1.1074,43.60,3.90
2007.05.03 13:07:31.483,1.1072,1.1074,2.90,4.30
2007.05.03 13:07:31.703,1.10715,1.1074,25.20,11.90
2007.05.03 13:07:31.915,1.10715,1.1074,21.10,11.90
2007.05.03 13:07:33.001,1.1072,1.1074,16.80,8.40
2007.05.03 13:07:33.207,1.1072,1.1074,14.20,8.40
2007.05.03 13:07:33.512,1.1072,1.1074,14.10,8.40
2007.05.03 13:07:33.912,1.1072,1.1074,14.10,8.40
2007.05.03 13:07:35.665,1.1072,1.1074,0.20,27.60
2007.05.03 13:07:35.904,1.1072,1.1074,0.20,27.80
2007.05.03 13:07:36.492,1.1072,1.1074,0.50,27.80
2007.05.03 13:07:37.333,1.1072,1.1074,0.40,27.80
2007.05.03 13:07:39.143,1.1072,1.1074,0.40,12.60
2007.05.03 13:07:39.597,1.1072,1.1074,1.10,12.40
2007.05.03 13:07:39.880,1.1072,1.1074,0.40,31.30
2007.05.03 13:07:40.233,1.1071,1.1074,31.90,32.80
2007.05.03 13:07:40.853,1.1071,1.1074,31.90,32.80
2007.05.03 13:07:42.940,1.1071,1.1073,31.90,3.70
2007.05.03 13:07:43.271,1.1071,1.1073,31.90,5.30
2007.05.03 13:07:45.157,1.1071,1.1073,31.10,5.30
2007.05.03 13:07:45.428,1.1071,1.1073,31.10,5.50
2007.05.03 13:07:57.123,1.1071,1.1073,11.20,5.50
2007.05.03 13:07:57.359,1.1071,1.1073,11.20,5.60
2007.05.03 13:08:00.126,1.1071,1.1073,10.40,5.60
2007.05.03 13:08:01.556,1.1071,1.1073,10.40,6.00
2007.05.03 13:08:02.010,1.1071,1.1073,10.40,6.00
2007.05.03 13:08:06.636,1.1071,1.1073,9.70,6.00
2007.05.03 13:08:06.888,1.1071,1.1073,8.00,6.00
2007.05.03 13:08:07.392,1.1071,1.1074,8.00,39.00
2007.05.03 13:08:07.736,1.1071,1.1074,5.60,47.90
2007.05.03 13:08:07.973,1.1071,1.1074,15.90,48.10
2007.05.03 13:08:09.604,1.1071,1.1074,15.10,48.10
2007.05.03 13:08:09.810,1.1071,1.1074,11.10,50.50
2007.05.03 13:08:12.957,1.1071,1.1073,2.40,0.70
2007.05.03 13:08:17.577,1.107,1.1074,15.60,57.90
2007.05.03 13:08:17.785,1.107,1.1073,28.10,0.90
2007.05.03 13:08:18.113,1.107,1.10735,28.10,36.20
2007.05.03 13:08:21.096,1.107,1.10735,19.20,21.10
2007.05.03 13:08:21.441,1.107,1.1073,20.80,0.70
2007.05.03 13:08:26.208,1.107,1.1073,28.70,0.90
2007.05.03 13:08:26.438,1.107,1.10735,26.30,36.20
2007.05.03 13:08:29.110,1.107,1.10735,29.10,36.20
2007.05.03 13:08:33.974,1.1071,1.10735,1.60,36.20
2007.05.03 13:08:34.272,1.1071,1.10735,2.40,36.20
2007.05.03 13:08:34.571,1.1071,1.1073,1.60,0.90
2007.05.03 13:08:34.784,1.107,1.10735,33.10,36.20
2007.05.03 13:08:35.055,1.10705,1.10735,0.80,21.00
2007.05.03 13:08:35.270,1.10705,1.1074,0.80,57.50
2007.05.03 13:08:35.573,1.107,1.10735,29.00,36.10
2007.05.03 13:08:36.646,1.107,1.1073,18.00,18.60
2007.05.03 13:08:36.870,1.107,1.1073,24.60,14.60
2007.05.03 13:08:37.101,1.10705,1.1073,0.80,14.40
2007.05.03 13:08:41.634,1.10705,1.1073,0.80,14.40
2007.05.03 13:08:41.877,1.10705,1.1073,0.80,14.40
2007.05.03 13:09:01.114,1.10705,1.1073,0.80,14.60
2007.05.03 13:09:02.594,1.10705,1.1073,0.80,14.20
2007.05.03 13:09:02.905,1.1071,1.1073,2.40,14.20
2007.05.03 13:09:03.189,1.1071,1.1073,3.20,14.20
2007.05.03 13:09:04.514,1.1071,1.1073,0.80,14.20
2007.05.03 13:09:05.057,1.10705,1.1073,0.80,14.60
2007.05.03 13:09:08.587,1.1071,1.1073,2.40,14.60
2007.05.03 13:09:08.836,1.1071,1.1073,1.60,14.20
2007.05.03 13:09:09.039,1.1071,1.1073,3.20,14.20
2007.05.03 13:09:09.307,1.1071,1.1073,2.40,14.40
2007.05.03 13:09:09.619,1.1071,1.1073,2.40,14.60
2007.05.03 13:09:10.480,1.1071,1.1073,0.80,14.60
2007.05.03 13:09:10.755,1.10705,1.1073,0.80,14.60
2007.05.03 13:09:10.929,1.10705,1.1073,0.80,14.60
2007.05.03 13:09:16.024,1.10705,1.1073,4.00,14.60
2007.05.03 13:09:16.288,1.10705,1.1073,4.00,14.30
2007.05.03 13:09:16.827,1.10705,1.1073,6.40,14.30
2007.05.03 13:09:17.418,1.107,1.1073,29.30,14.30
2007.05.03 13:09:17.751,1.107,1.1073,8.90,29.90
2007.05.03 13:09:18.070,1.10695,1.1073,36.20,33.90
2007.05.03 13:09:19.209,1.10695,1.1072,10.40,8.80
2007.05.03 13:09:19.428,1.10695,1.10715,0.80,0.80
2007.05.03 13:09:23.374,1.1069,1.1072,41.60,23.90
2007.05.03 13:09:35.191,1.10705,1.1072,1.60,8.00
2007.05.03 13:09:35.447,1.107,1.1072,0.80,8.00
2007.05.03 13:09:35.737,1.10705,1.1072,1.60,8.00
2007.05.03 13:09:36.080,1.1071,1.1072,1.00,4.00
2007.05.03 13:09:36.326,1.10705,1.1072,3.20,4.00
2007.05.03 13:09:36.571,1.10705,1.1072,3.20,3.20
2007.05.03 13:09:36.806,1.1071,1.1073,1.60,30.00
2007.05.03 13:09:37.148,1.1071,1.1073,0.90,22.30
2007.05.03 13:09:40.048,1.1071,1.1073,1.20,22.70
2007.05.03 13:09:41.808,1.1071,1.1073,5.60,23.00
2007.05.03 13:09:42.746,1.1071,1.1073,5.60,22.70
2007.05.03 13:09:44.099,1.1071,1.1073,5.60,23.00
2007.05.03 13:09:46.987,1.1071,1.1073,5.60,24.00
2007.05.03 13:09:47.227,1.1071,1.1073,5.60,24.80
2007.05.03 13:09:51.571,1.1071,1.1073,5.60,24.40
2007.05.03 13:09:57.203,1.1071,1.1073,0.60,24.40
2007.05.03 13:09:57.391,1.1071,1.1073,1.50,22.00
2007.05.03 13:09:59.269,1.1071,1.1073,3.80,22.40
2007.05.03 13:10:11.731,1.10705,1.1073,8.80,22.00
2007.05.03 13:10:12.652,1.10705,1.1073,8.80,21.20
2007.05.03 13:10:13.216,1.10705,1.1073,8.80,21.00
2007.05.03 13:10:13.703,1.10705,1.1073,8.80,22.00
2007.05.03 13:10:17.839,1.10705,1.1073,8.80,22.40
2007.05.03 13:10:18.297,1.10705,1.1073,8.80,21.30
2007.05.03 13:10:18.778,1.1071,1.1073,4.20,22.50
2007.05.03 13:10:19.000,1.10705,1.1073,8.80,22.00
2007.05.03 13:10:19.292,1.10705,1.1073,8.80,20.50
2007.05.03 13:10:19.553,1.10705,1.1073,8.80,20.70
2007.05.03 13:10:19.845,1.10705,1.1073,8.80,20.30
2007.05.03 13:10:21.285,1.1071,1.1073,4.00,22.00
2007.05.03 13:10:22.947,1.10705,1.1073,8.80,23.00
2007.05.03 13:10:23.151,1.10705,1.1073,8.80,24.90
2007.05.03 13:10:23.390,1.1071,1.1073,3.10,26.10
2007.05.03 13:10:23.662,1.10705,1.1073,6.40,13.60
2007.05.03 13:10:24.362,1.10705,1.1073,6.40,14.00
2007.05.03 13:10:26.638,1.1071,1.1073,5.60,12.80
2007.05.03 13:10:26.901,1.1071,1.1073,8.00,25.80
2007.05.03 13:10:27.205,1.1071,1.1073,7.20,25.80
2007.05.03 13:10:27.461,1.1071,1.1073,7.90,25.80
2007.05.03 13:10:30.622,1.1071,1.1073,7.90,25.90
2007.05.03 13:10:32.005,1.1071,1.1073,7.90,26.00
2007.05.03 13:10:33.914,1.1071,1.1073,7.90,26.10
2007.05.03 13:10:34.241,1.1071,1.1073,5.50,13.70
2007.05.03 13:10:35.325,1.1071,1.1073,2.30,14.90
2007.05.03 13:10:36.463,1.1071,1.1073,2.30,30.00
2007.05.03 13:10:37.027,1.1071,1.1073,2.30,35.00
2007.05.03 13:10:37.972,1.10705,1.1072,0.80,0.50
2007.05.03 13:11:00.751,1.1071,1.1072,0.80,0.50
2007.05.03 13:11:00.979,1.1071,1.1072,2.40,0.50
2007.05.03 13:11:01.830,1.10705,1.1072,3.20,0.50
2007.05.03 13:11:06.447,1.10705,1.1073,3.20,33.10
2007.05.03 13:11:06.744,1.10705,1.1073,3.20,33.50
2007.05.03 13:11:07.908,1.1071,1.1073,3.00,11.90
2007.05.03 13:11:08.153,1.1071,1.1073,2.40,2.90
2007.05.03 13:11:08.362,1.10705,1.1073,31.90,0.90
2007.05.03 13:11:08.624,1.10705,1.1073,31.90,0.20
2007.05.03 13:11:08.869,1.1071,1.1073,1.10,12.00
2007.05.03 13:11:09.079,1.107,1.1073,32.90,30.20
2007.05.03 13:11:09.405,1.10705,1.1073,2.40,13.50
2007.05.03 13:11:09.823,1.10705,1.1073,6.40,25.20
2007.05.03 13:11:10.106,1.1071,1.1073,1.40,23.40
2007.05.03 13:11:10.373,1.10705,1.1073,6.40,5.10
2007.05.03 13:11:10.761,1.1071,1.1073,2.90,22.40
2007.05.03 13:11:12.284,1.10705,1.1073,7.20,21.40
2007.05.03 13:11:12.520,1.1071,1.1073,4.70,19.00
2007.05.03 13:11:13.189,1.10705,1.1073,8.80,19.80
2007.05.03 13:11:13.736,1.1071,1.1073,1.00,20.30
2007.05.03 13:11:14.247,1.10705,1.1073,8.80,19.80
2007.05.03 13:11:14.519,1.10705,1.1073,8.80,19.90
2007.05.03 13:11:23.025,1.10705,1.1073,8.80,20.30
2007.05.03 13:11:23.984,1.10705,1.1073,8.80,19.90
2007.05.03 13:11:24.969,1.10705,1.10735,16.80,20.70
2007.05.03 13:11:55.722,1.1071,1.1073,8.00,20.10
2007.05.03 13:11:59.988,1.1071,1.1073,11.20,16.10
2007.05.03 13:12:00.216,1.1071,1.1073,23.90,0.30
2007.05.03 13:12:00.502,1.1071,1.10735,23.90,0.80
2007.05.03 13:12:04.555,1.1071,1.1073,23.90,0.30
2007.05.03 13:12:09.488,1.1071,1.10735,23.90,0.80
2007.05.03 13:12:09.900,1.1072,1.10735,0.60,0.80
2007.05.03 13:12:10.135,1.1072,1.1074,0.60,41.60
2007.05.03 13:12:10.141,1.1072,1.10745,0.60,48.00
2007.05.03 13:12:10.843,1.1072,1.10745,0.70,48.00
2007.05.03 13:12:11.101,1.1072,1.10745,3.50,48.00
2007.05.03 13:12:11.336,1.1072,1.10745,0.40,48.00
2007.05.03 13:12:11.667,1.1072,1.10745,0.40,47.20
2007.05.03 13:12:12.168,1.1072,1.1074,0.40,0.80
2007.05.03 13:12:12.564,1.1071,1.1074,24.70,42.60
2007.05.03 13:12:12.793,1.1071,1.1073,23.90,0.80
2007.05.03 13:12:13.055,1.1071,1.1073,23.10,0.60
2007.05.03 13:12:13.476,1.1071,1.1074,21.50,43.10
2007.05.03 13:12:14.020,1.1071,1.1074,21.50,0.50
2007.05.03 13:12:19.509,1.1071,1.1074,21.50,44.50
2007.05.03 13:12:20.837,1.1071,1.1073,21.50,0.80
2007.05.03 13:12:22.434,1.1072,1.10745,0.60,48.70
2007.05.03 13:12:23.802,1.1071,1.10745,21.50,48.70
2007.05.03 13:12:24.498,1.1072,1.10745,0.60,48.70
2007.05.03 13:12:25.107,1.1072,1.1074,0.40,49.50
2007.05.03 13:12:25.420,1.1071,1.1073,8.00,0.90
2007.05.03 13:12:26.878,1.1071,1.1074,8.80,52.00
2007.05.03 13:12:27.096,1.1071,1.1074,8.80,0.80
2007.05.03 13:12:27.406,1.1071,1.10745,16.80,40.90
2007.05.03 13:12:28.648,1.1071,1.1074,16.80,0.60
2007.05.03 13:12:29.562,1.1071,1.1074,16.80,0.60
2007.05.03 13:12:31.293,1.1071,1.1073,8.80,0.60
2007.05.03 13:12:31.559,1.1071,1.1074,1.60,59.30
2007.05.03 13:12:31.808,1.107,1.1073,25.50,0.50
2007.05.03 13:12:32.091,1.107,1.1073,22.30,0.80
2007.05.03 13:12:32.316,1.107,1.1073,22.30,0.70
2007.05.03 13:12:32.757,1.107,1.1073,22.30,0.50
2007.05.03 13:12:33.528,1.107,1.10715,6.40,0.80
2007.05.03 13:12:35.179,1.107,1.10715,2.40,0.80
2007.05.03 13:12:35.410,1.107,1.10715,18.30,0.80
2007.05.03 13:12:35.957,1.107,1.1072,18.30,0.30
2007.05.03 13:12:36.939,1.107,1.10715,18.30,0.80
2007.05.03 13:12:50.639,1.107,1.10715,6.40,0.80
2007.05.03 13:12:57.607,1.107,1.10715,5.60,0.80
2007.05.03 13:13:00.597,1.107,1.10715,3.20,0.80
2007.05.03 13:13:04.144,1.107,1.10715,5.60,0.80
2007.05.03 13:13:06.812,1.107,1.10715,3.20,0.80
2007.05.03 13:13:11.818,1.107,1.1072,3.20,23.10
2007.05.03 13:13:13.763,1.107,1.1072,6.40,19.90
2007.05.03 13:13:14.368,1.107,1.1072,5.60,20.70
2007.05.03 13:13:21.568,1.10695,1.1072,0.80,20.40
2007.05.03 13:13:21.668,1.10695,1.1072,0.80,20.40
2007.05.03 13:13:21.845,1.10695,1.10715,0.80,0.80
2007.05.03 13:14:17.181,1.10695,1.1071,0.80,5.60
2007.05.03 13:14:17.403,1.10695,1.1071,0.80,6.40
2007.05.03 13:14:18.625,1.1069,1.1071,1.00,27.10
2007.05.03 13:14:19.042,1.1069,1.1071,0.30,27.10
2007.05.03 13:14:20.575,1.1069,1.1071,5.30,26.30
2007.05.03 13:14:20.801,1.10695,1.10715,0.80,0.80
2007.05.03 13:14:29.235,1.10695,1.1071,0.80,19.10
2007.05.03 13:14:29.457,1.10695,1.1071,0.80,19.90
2007.05.03 13:14:29.670,1.1069,1.1071,5.90,19.90
2007.05.03 13:14:30.951,1.1069,1.1071,9.50,19.10
2007.05.03 13:14:31.177,1.10695,1.1071,0.80,19.10
2007.05.03 13:14:31.518,1.10695,1.1071,0.80,19.90
2007.05.03 13:14:34.061,1.1069,1.1071,5.90,19.90
2007.05.03 13:14:36.204,1.1069,1.1071,6.70,19.10
2007.05.03 13:14:37.364,1.10695,1.1071,0.80,19.90
2007.05.03 13:14:47.872,1.10695,1.1071,0.80,19.10
2007.05.03 13:14:52.832,1.10695,1.1071,0.80,19.90
2007.05.03 13:14:57.923,1.10695,1.1071,0.80,19.10
2007.05.03 13:14:58.873,1.1069,1.1071,6.70,19.10
2007.05.03 13:14:59.386,1.1069,1.1071,5.90,19.90
2007.05.03 13:15:01.756,1.1069,1.1071,5.90,19.70
2007.05.03 13:15:04.189,1.1068,1.1071,48.70,19.70
2007.05.03 13:15:07.905,1.1069,1.1071,1.20,19.10
2007.05.03 13:15:09.355,1.1069,1.1071,1.00,19.90
2007.05.03 13:15:11.040,1.1068,1.1071,48.70,19.60
2007.05.03 13:15:13.401,1.10695,1.1071,0.80,19.60
2007.05.03 13:15:17.999,1.1069,1.1071,11.40,19.10
2007.05.03 13:15:26.712,1.10695,1.1071,0.80,19.90
2007.05.03 13:15:27.921,1.1069,1.1071,11.40,19.10
2007.05.03 13:15:33.859,1.10695,1.10715,0.80,0.80
2007.05.03 13:15:38.939,1.10695,1.1072,0.80,34.70
2007.05.03 13:15:39.249,1.10695,1.1072,0.80,32.10
2007.05.03 13:15:40.477,1.107,1.1072,1.10,30.30
2007.05.03 13:15:40.744,1.107,1.1072,0.80,29.50
2007.05.03 13:15:41.050,1.10695,1.1072,0.80,31.40
2007.05.03 13:15:41.302,1.10695,1.1071,0.80,0.80
2007.05.03 13:15:42.129,1.10695,1.1071,0.80,2.40
2007.05.03 13:15:42.363,1.10695,1.1071,0.80,1.60
2007.05.03 13:15:42.919,1.10695,1.1072,0.80,33.00
2007.05.03 13:15:55.430,1.107,1.1072,0.80,5.60
2007.05.03 13:15:56.026,1.107,1.1072,6.40,19.90
2007.05.03 13:15:56.916,1.10695,1.1071,0.80,4.00
2007.05.03 13:15:57.128,1.10695,1.1071,0.80,19.10
2007.05.03 13:15:57.552,1.1069,1.1071,6.60,19.10
2007.05.03 13:15:58.159,1.10695,1.1071,0.80,19.10
2007.05.03 13:15:59.719,1.1069,1.1071,7.50,19.10
2007.05.03 13:16:00.156,1.1069,1.1071,6.40,19.10
2007.05.03 13:16:00.585,1.1068,1.1071,42.10,27.10
2007.05.03 13:16:00.855,1.1068,1.1071,35.70,27.10
2007.05.03 13:16:01.124,1.1068,1.1071,33.20,27.10
2007.05.03 13:16:03.721,1.1068,1.1071,33.90,27.10
2007.05.03 13:16:05.451,1.1069,1.1071,3.20,22.30
2007.05.03 13:16:09.384,1.1069,1.1071,6.40,19.10
2007.05.03 13:16:09.598,1.1069,1.1071,5.60,19.90
2007.05.03 13:16:13.566,1.1068,1.1071,35.70,28.70
2007.05.03 13:16:14.078,1.1068,1.1071,34.10,28.70
2007.05.03 13:16:19.029,1.1068,1.10715,34.10,39.10
2007.05.03 13:16:19.035,1.1068,1.1071,34.10,31.10
2007.05.03 13:16:19.249,1.1068,1.1071,34.20,0.50
2007.05.03 13:16:22.879,1.1069,1.1071,3.20,0.80
2007.05.03 13:16:27.834,1.1069,1.10715,6.40,20.70
2007.05.03 13:16:28.047,1.1069,1.1071,8.80,0.80
2007.05.03 13:16:29.173,1.1069,1.1071,5.60,0.70
2007.05.03 13:16:31.994,1.1069,1.10715,6.40,20.70
2007.05.03 13:16:33.510,1.1069,1.10715,3.20,24.20
2007.05.03 13:17:06.184,1.1069,1.1071,19.90,0.40
2007.05.03 13:17:15.225,1.1069,1.1071,3.20,22.60
2007.05.03 13:17:19.867,1.1069,1.10705,3.20,0.80
2007.05.03 13:17:20.446,1.1068,1.10705,31.80,0.80
2007.05.03 13:17:20.721,1.1068,1.10705,33.40,0.80
2007.05.03 13:17:23.529,1.1068,1.10705,1.60,0.80
2007.05.03 13:17:23.652,1.1068,1.10705,0.70,0.80
2007.05.03 13:17:23.873,1.1068,1.10705,0.70,0.80
2007.05.03 13:17:24.302,1.10675,1.10705,38.20,0.80
2007.05.03 13:17:24.570,1.10675,1.10705,38.10,0.80
2007.05.03 13:17:25.297,1.10675,1.10705,37.30,0.80
2007.05.03 13:17:25.505,1.10675,1.10705,38.10,0.80
2007.05.03 13:17:25.728,1.1069,1.10705,0.60,0.80
2007.05.03 13:17:33.786,1.1069,1.1071,1.90,22.60
2007.05.03 13:17:34.100,1.1069,1.1071,1.80,22.80
2007.05.03 13:17:34.417,1.1068,1.10705,34.20,0.80
2007.05.03 13:17:34.660,1.10675,1.10705,32.60,0.80
2007.05.03 13:17:34.943,1.1068,1.10705,4.60,0.80
2007.05.03 13:17:38.133,1.10675,1.107,33.40,4.00
2007.05.03 13:17:38.427,1.1068,1.107,1.00,22.30
2007.05.03 13:17:39.083,1.1066,1.107,47.60,26.30
2007.05.03 13:17:39.321,1.10665,1.107,34.20,26.30
2007.05.03 13:17:40.643,1.10665,1.107,35.80,26.30
2007.05.03 13:17:40.873,1.1068,1.107,1.30,22.30
2007.05.03 13:17:41.779,1.1067,1.107,35.90,22.30
2007.05.03 13:17:42.680,1.1067,1.107,38.50,26.30
2007.05.03 13:17:42.886,1.10665,1.107,35.00,26.30
2007.05.03 13:17:45.659,1.1068,1.107,1.80,22.30
2007.05.03 13:17:48.256,1.1068,1.107,1.00,22.30
2007.05.03 13:17:49.583,1.1067,1.107,7.00,7.20
2007.05.03 13:17:49.886,1.10665,1.107,35.20,26.30
2007.05.03 13:17:53.745,1.1067,1.1069,32.80,0.80
2007.05.03 13:17:54.015,1.1067,1.1069,32.00,1.60
2007.05.03 13:17:54.295,1.1067,1.107,31.60,27.10
2007.05.03 13:17:54.524,1.1067,1.107,31.60,26.30
2007.05.03 13:17:55.859,1.1067,1.107,39.60,18.30
2007.05.03 13:17:57.576,1.1067,1.1069,39.60,1.60
2007.05.03 13:17:58.861,1.1067,1.1069,38.80,1.60
2007.05.03 13:18:01.558,1.1067,1.1069,38.80,0.80
2007.05.03 13:18:01.773,1.1067,1.1069,38.80,1.60
2007.05.03 13:18:02.118,1.1067,1.1069,38.70,1.60
2007.05.03 13:18:02.920,1.1067,1.107,38.80,18.30
2007.05.03 13:18:04.598,1.1067,1.107,39.00,18.30
2007.05.03 13:18:05.364,1.1067,1.107,38.80,18.30
2007.05.03 13:18:07.072,1.1067,1.10705,38.80,25.50
2007.05.03 13:18:21.011,1.1068,1.10705,4.50,25.50
2007.05.03 13:18:21.244,1.1068,1.10705,5.30,25.50
2007.05.03 13:18:21.453,1.1068,1.107,6.10,0.90
2007.05.03 13:18:21.733,1.1068,1.10705,23.20,10.40
2007.05.03 13:18:21.949,1.1068,1.10705,23.20,8.80
2007.05.03 13:18:22.283,1.1068,1.10705,23.20,8.80
2007.05.03 13:18:23.560,1.1068,1.107,23.40,0.90
2007.05.03 13:18:26.192,1.1068,1.107,23.50,0.80
2007.05.03 13:18:31.355,1.1068,1.10705,24.30,8.00
2007.05.03 13:18:31.919,1.1068,1.107,23.50,0.60
2007.05.03 13:18:34.743,1.1068,1.10705,23.30,8.80
2007.05.03 13:18:37.776,1.1068,1.107,15.30,0.80
2007.05.03 13:18:38.020,1.1068,1.107,16.90,0.80
2007.05.03 13:18:38.288,1.1068,1.107,17.00,0.80
2007.05.03 13:18:41.251,1.1068,1.10705,18.00,0.80
2007.05.03 13:18:42.543,1.1068,1.1071,18.00,22.60
2007.05.03 13:18:45.386,1.1068,1.107,17.20,0.80
2007.05.03 13:18:50.178,1.1068,1.107,17.00,0.80
2007.05.03 13:18:50.829,1.1068,1.1071,17.80,15.30
2007.05.03 13:18:51.086,1.1068,1.1071,41.10,21.50
2007.05.03 13:18:51.314,1.1068,1.1071,41.10,19.10
2007.05.03 13:18:51.753,1.1069,1.1071,0.30,19.10
2007.05.03 13:18:52.212,1.1069,1.1071,18.90,10.40
2007.05.03 13:18:52.439,1.10695,1.1071,0.80,10.40
2007.05.03 13:18:52.841,1.10695,1.1071,0.80,8.00
2007.05.03 13:18:54.522,1.10695,1.1071,0.80,0.90
2007.05.03 13:18:58.810,1.10695,1.1071,0.80,0.80
2007.05.03 13:19:03.407,1.10695,1.10715,0.80,1.60
2007.05.03 13:19:03.732,1.10695,1.1071,0.80,0.80
2007.05.03 13:19:04.772,1.10695,1.1071,0.80,2.40
2007.05.03 13:19:05.188,1.10695,1.1071,0.80,19.90
2007.05.03 13:19:07.780,1.10695,1.1071,0.80,1.60
2007.05.03 13:19:08.002,1.10695,1.1071,0.80,0.80
2007.05.03 13:19:13.289,1.10695,1.1071,0.80,19.90
2007.05.03 13:19:15.350,1.10695,1.1071,0.80,0.80
2007.05.03 13:19:16.823,1.10695,1.10715,0.80,1.60
2007.05.03 13:19:17.099,1.10695,1.1072,0.80,27.20
2007.05.03 13:19:17.470,1.10695,1.1072,0.80,24.80
2007.05.03 13:19:19.020,1.10695,1.1072,0.80,24.70
2007.05.03 13:19:21.591,1.10695,1.1072,0.80,0.70
2007.05.03 13:19:31.628,1.10695,1.1072,0.80,0.50
2007.05.03 13:19:31.893,1.10695,1.10715,0.80,1.60
2007.05.03 13:19:32.177,1.10695,1.10715,0.80,8.80
2007.05.03 13:19:32.417,1.10695,1.10715,0.80,8.00
2007.05.03 13:19:41.951,1.10695,1.10715,0.80,8.80
2007.05.03 13:19:42.368,1.10695,1.10715,0.80,8.00
2007.05.03 13:19:51.903,1.10695,1.1071,0.80,8.00
2007.05.03 13:19:52.462,1.10695,1.1071,0.80,7.20
2007.05.03 13:20:00.953,1.1069,1.107,18.30,0.80
2007.05.03 13:20:01.209,1.1069,1.107,15.10,0.80
2007.05.03 13:20:01.528,1.1069,1.107,2.40,0.80
2007.05.03 13:20:01.810,1.1068,1.107,42.50,0.80
2007.05.03 13:20:02.086,1.1068,1.107,35.30,0.80
2007.05.03 13:20:02.395,1.1068,1.107,36.90,0.80
2007.05.03 13:20:03.256,1.1068,1.10705,36.20,0.80
2007.05.03 13:20:03.563,1.1068,1.10705,36.10,0.80
2007.05.03 13:20:06.319,1.1068,1.10705,34.50,0.80
2007.05.03 13:20:07.637,1.1068,1.10705,34.90,0.80
2007.05.03 13:20:08.132,1.1068,1.10705,35.00,0.80
2007.05.03 13:20:16.637,1.1068,1.10705,34.80,0.80
2007.05.03 13:20:21.495,1.1068,1.10705,34.70,0.80
2007.05.03 13:20:26.016,1.10675,1.10705,41.10,0.80
2007.05.03 13:20:37.582,1.1068,1.10705,12.00,0.80
2007.05.03 13:20:38.897,1.1068,1.10705,11.60,0.80
2007.05.03 13:20:39.275,1.10675,1.10705,41.10,0.80
2007.05.03 13:20:39.659,1.10675,1.10705,41.70,0.80
2007.05.03 13:20:40.753,1.10675,1.10705,41.50,0.80
2007.05.03 13:20:42.411,1.10675,1.10705,41.10,0.80
2007.05.03 13:20:46.412,1.10675,1.10705,22.00,0.80
2007.05.03 13:20:46.670,1.10675,1.107,24.40,8.00
2007.05.03 13:20:46.947,1.1067,1.107,50.80,7.20
2007.05.03 13:20:47.642,1.1067,1.107,49.20,8.00
2007.05.03 13:20:49.802,1.1067,1.107,47.20,8.00
2007.05.03 13:20:50.813,1.1067,1.107,46.30,8.00
2007.05.03 13:21:00.382,1.1068,1.107,15.10,10.40
2007.05.03 13:21:02.204,1.1068,1.107,15.40,10.40
2007.05.03 13:21:19.116,1.1068,1.107,15.60,10.40
2007.05.03 13:21:19.505,1.1068,1.107,17.20,10.40
2007.05.03 13:21:23.731,1.1067,1.1069,5.30,8.00
2007.05.03 13:21:23.962,1.1067,1.1069,5.10,21.50
2007.05.03 13:21:24.212,1.1067,1.1069,5.30,21.50
2007.05.03 13:21:24.526,1.1067,1.1069,9.80,4.80
2007.05.03 13:21:24.723,1.1067,1.1069,22.00,2.40
2007.05.03 13:21:26.477,1.1067,1.1068,1.60,0.80
2007.05.03 13:21:26.706,1.1066,1.1068,4.00,2.40
2007.05.03 13:21:26.981,1.1067,1.1068,4.00,2.80
2007.05.03 13:21:29.073,1.1067,1.1068,4.00,3.10
2007.05.03 13:21:30.034,1.1067,1.1068,4.00,3.20
2007.05.03 13:21:30.592,1.1067,1.1068,4.00,3.30
2007.05.03 13:21:31.300,1.1067,1.1068,4.00,2.00
2007.05.03 13:21:32.650,1.1067,1.1068,4.00,1.10
2007.05.03 13:21:33.072,1.1067,1.1069,4.00,10.40
2007.05.03 13:21:33.617,1.1067,1.1069,4.00,11.20
2007.05.03 13:21:34.036,1.1067,1.1069,4.00,10.40
2007.05.03 13:21:36.551,1.1067,1.1068,4.00,6.50
2007.05.03 13:21:36.794,1.1066,1.1068,6.40,10.60
2007.05.03 13:21:37.059,1.1066,1.1068,6.40,10.90
2007.05.03 13:21:37.268,1.1066,1.1068,6.40,11.20
2007.05.03 13:21:38.507,1.1066,1.1068,6.40,11.10
2007.05.03 13:21:40.089,1.1067,1.1068,4.00,5.90
2007.05.03 13:21:40.317,1.1067,1.1068,4.00,4.90
2007.05.03 13:21:40.543,1.1067,1.1068,4.00,3.30
2007.05.03 13:21:41.488,1.1067,1.1068,4.00,0.60
2007.05.03 13:21:45.573,1.1066,1.10685,6.40,15.90
2007.05.03 13:21:50.633,1.1067,1.1068,4.00,0.70
2007.05.03 13:21:50.849,1.1067,1.1069,4.00,35.30
2007.05.03 13:21:53.065,1.1067,1.1068,4.00,0.70
2007.05.03 13:21:53.501,1.1067,1.1069,4.00,34.20
2007.05.03 13:21:54.586,1.1066,1.10685,1.60,13.20
2007.05.03 13:21:54.791,1.1066,1.1067,0.80,7.50
2007.05.03 13:21:55.003,1.1065,1.1067,4.00,14.10
2007.05.03 13:22:00.133,1.10645,1.1066,0.80,0.90
2007.05.03 13:22:00.378,1.10645,1.10665,0.80,14.50
2007.05.03 13:22:00.864,1.10645,1.10665,0.80,14.40
2007.05.03 13:22:05.084,1.1064,1.1066,4.10,0.90
2007.05.03 13:22:05.654,1.1065,1.10665,4.00,2.50
2007.05.03 13:22:05.965,1.1065,1.1066,4.00,0.90
2007.05.03 13:22:08.157,1.1066,1.10665,4.00,1.70
2007.05.03 13:22:10.146,1.1065,1.10665,4.00,1.70
2007.05.03 13:22:11.156,1.1065,1.1066,4.00,5.70
2007.05.03 13:22:11.372,1.1064,1.1066,4.80,12.50
2007.05.03 13:22:11.599,1.1064,1.10655,4.80,0.80
2007.05.03 13:22:12.045,1.1064,1.10655,4.00,0.80
2007.05.03 13:22:17.693,1.1063,1.1065,4.40,1.60
2007.05.03 13:22:17.906,1.1063,1.1065,0.50,19.80
2007.05.03 13:22:18.174,1.1063,1.1065,23.30,0.80
2007.05.03 13:22:18.427,1.1063,1.1065,12.30,0.80
2007.05.03 13:22:19.244,1.1063,1.1065,31.40,0.80
2007.05.03 13:22:21.137,1.1064,1.1065,4.00,0.80
2007.05.03 13:22:21.360,1.1064,1.10655,4.00,0.80
2007.05.03 13:22:21.757,1.1063,1.10655,51.20,0.80
2007.05.03 13:22:22.687,1.10625,1.10655,41.00,0.80
2007.05.03 13:22:23.070,1.10625,1.10655,41.00,0.80
2007.05.03 13:22:23.765,1.1063,1.10655,15.80,0.80
2007.05.03 13:22:24.664,1.10625,1.10655,40.80,0.80
2007.05.03 13:22:25.893,1.10625,1.10655,41.90,0.80
2007.05.03 13:22:27.912,1.10625,1.10655,42.30,0.80
2007.05.03 13:22:30.850,1.1064,1.10655,1.80,0.80
2007.05.03 13:22:33.720,1.10625,1.10655,48.80,0.80
2007.05.03 13:22:34.269,1.10625,1.10655,48.80,0.80
2007.05.03 13:22:36.688,1.1063,1.10655,49.60,0.80
2007.05.03 13:22:37.736,1.1063,1.10655,52.00,0.80
2007.05.03 13:22:39.221,1.1063,1.10655,52.00,0.50
2007.05.03 13:22:41.959,1.1064,1.1066,1.70,8.40
2007.05.03 13:22:42.215,1.1063,1.1066,56.30,2.50
2007.05.03 13:22:42.440,1.10635,1.1066,34.20,2.50
2007.05.03 13:22:42.725,1.10635,1.1066,35.00,1.70
2007.05.03 13:22:42.967,1.1063,1.1066,51.90,8.10
2007.05.03 13:22:44.291,1.1063,1.1066,51.10,8.90
2007.05.03 13:22:45.232,1.10625,1.1066,34.30,10.00
2007.05.03 13:22:45.537,1.10625,1.10655,34.30,0.80
2007.05.03 13:22:45.956,1.10625,1.10655,49.40,0.80
2007.05.03 13:22:47.273,1.1063,1.10655,13.60,0.80
2007.05.03 13:22:47.922,1.10625,1.1066,49.20,21.60
2007.05.03 13:22:48.139,1.1064,1.1066,1.50,7.30
2007.05.03 13:22:50.815,1.1064,1.1066,4.00,8.90
2007.05.03 13:22:51.068,1.1064,1.1066,4.00,10.00
2007.05.03 13:22:52.191,1.1065,1.1066,4.00,2.80
2007.05.03 13:22:52.477,1.1065,1.1066,4.00,2.00
2007.05.03 13:22:52.714,1.1065,1.1066,4.00,1.70
2007.05.03 13:22:53.951,1.1065,1.10665,4.00,2.50
2007.05.03 13:22:57.313,1.1065,1.10665,4.00,1.70
2007.05.03 13:22:57.528,1.1065,1.10665,4.00,1.60
2007.05.03 13:23:05.270,1.1064,1.1066,4.20,0.60
2007.05.03 13:23:05.490,1.1064,1.10665,4.00,16.70
2007.05.03 13:23:06.212,1.1065,1.10665,4.00,3.20
2007.05.03 13:23:06.825,1.1065,1.1066,4.00,0.80
2007.05.03 13:23:11.690,1.1064,1.1066,15.90,0.80
2007.05.03 13:23:11.990,1.1064,1.1066,4.00,0.50
2007.05.03 13:23:16.392,1.1064,1.1066,4.00,0.70
2007.05.03 13:23:16.612,1.1064,1.1066,4.00,9.40
2007.05.03 13:23:17.860,1.1065,1.1066,4.00,8.00
2007.05.03 13:23:20.052,1.1065,1.1066,4.80,0.80
2007.05.03 13:23:20.308,1.1066,1.10665,4.00,1.60
2007.05.03 13:23:20.550,1.1066,1.10665,4.00,0.80
2007.05.03 13:23:20.863,1.1065,1.1067,4.80,11.80
2007.05.03 13:23:22.190,1.1065,1.1067,4.80,4.60
2007.05.03 13:23:22.401,1.1066,1.10665,4.00,0.80
2007.05.03 13:23:23.367,1.1066,1.1067,4.00,0.80
2007.05.03 13:23:28.258,1.1066,1.1067,6.40,0.80
2007.05.03 13:23:28.519,1.1066,1.1068,6.40,15.10
2007.05.03 13:23:36.790,1.1067,1.1068,4.00,13.50
2007.05.03 13:23:37.169,1.1067,1.1068,4.00,7.20
2007.05.03 13:23:37.380,1.1067,1.1068,4.00,6.00
2007.05.03 13:23:38.089,1.1067,1.1068,4.00,2.80
2007.05.03 13:23:38.490,1.1067,1.1068,4.00,1.90
2007.05.03 13:23:39.404,1.1067,1.1068,4.00,1.10
2007.05.03 13:23:40.376,1.1066,1.1068,6.40,3.60
2007.05.03 13:23:40.603,1.1066,1.1068,6.40,10.60
2007.05.03 13:23:41.163,1.1066,1.1068,6.40,10.70
2007.05.03 13:23:42.263,1.1066,1.1068,6.40,8.80
2007.05.03 13:23:42.527,1.1066,1.1068,6.40,8.00
2007.05.03 13:23:43.101,1.1066,1.1068,6.40,8.90
2007.05.03 13:23:43.358,1.1066,1.1067,6.40,2.40
2007.05.03 13:23:43.574,1.1066,1.1067,2.40,4.00
2007.05.03 13:23:43.884,1.1066,1.1067,5.60,5.60
2007.05.03 13:23:44.137,1.1066,1.10675,4.00,2.40
2007.05.03 13:23:44.372,1.1066,1.1068,4.00,24.80
2007.05.03 13:23:44.624,1.1066,1.1068,4.00,18.40
2007.05.03 13:23:44.840,1.1066,1.1068,4.00,24.80
2007.05.03 13:23:45.081,1.1066,1.1068,4.00,32.30
2007.05.03 13:23:45.362,1.1066,1.1068,4.00,34.70
2007.05.03 13:23:45.571,1.1066,1.1068,4.00,34.80
2007.05.03 13:23:46.085,1.1066,1.10665,4.00,0.80
2007.05.03 13:23:46.353,1.1066,1.1067,4.00,2.20
2007.05.03 13:23:48.444,1.1066,1.10665,4.80,0.80
2007.05.03 13:23:48.708,1.1066,1.1068,5.60,39.30
2007.05.03 13:23:48.950,1.1066,1.1069,7.20,45.00
2007.05.03 13:23:49.285,1.1066,1.1068,7.20,0.70
2007.05.03 13:23:49.843,1.1066,1.1068,7.20,0.50
2007.05.03 13:23:50.051,1.1067,1.1068,4.00,0.90
2007.05.03 13:23:50.469,1.1066,1.1068,7.20,0.50
2007.05.03 13:23:50.758,1.1066,1.10685,7.20,16.00
2007.05.03 13:23:51.325,1.1066,1.10685,7.20,15.60
2007.05.03 13:23:52.325,1.1066,1.1068,6.40,0.60
2007.05.03 13:23:52.622,1.1066,1.10685,4.00,31.60
2007.05.03 13:23:52.858,1.1066,1.1068,4.00,0.50
2007.05.03 13:23:53.117,1.1066,1.1068,4.00,0.90
2007.05.03 13:23:53.351,1.1066,1.1068,4.00,0.50
2007.05.03 13:23:53.886,1.1066,1.10685,4.00,32.00
2007.05.03 13:23:54.114,1.1066,1.1068,4.00,0.80
2007.05.03 13:23:54.330,1.1065,1.1067,4.80,0.80
2007.05.03 13:23:54.651,1.1065,1.10675,4.00,11.20
2007.05.03 13:23:57.342,1.1066,1.1068,4.00,37.60
2007.05.03 13:23:58.060,1.1066,1.10685,6.40,24.80
2007.05.03 13:23:58.510,1.1066,1.1068,4.80,0.60
2007.05.03 13:23:58.826,1.1066,1.10685,4.00,24.80
2007.05.03 13:23:59.735,1.1066,1.1068,4.00,21.90
2007.05.03 13:24:00.035,1.1066,1.1067,4.00,0.80
2007.05.03 13:24:00.277,1.1066,1.1068,4.00,38.20
2007.05.03 13:24:02.373,1.1065,1.10675,11.90,11.30
2007.05.03 13:24:02.730,1.1065,1.10675,4.00,15.40
2007.05.03 13:24:02.984,1.1065,1.10675,4.00,25.20
2007.05.03 13:24:03.198,1.10645,1.10675,0.80,25.20
2007.05.03 13:24:04.617,1.10645,1.1067,0.80,0.70
2007.05.03 13:24:05.755,1.10645,1.10675,0.80,14.50
2007.05.03 13:24:06.023,1.1065,1.10675,19.10,16.90
2007.05.03 13:24:07.471,1.1065,1.1068,19.10,46.20
2007.05.03 13:24:08.366,1.1065,1.1067,19.10,0.80
2007.05.03 13:24:10.965,1.1065,1.1068,19.10,41.70
2007.05.03 13:24:11.191,1.1065,1.1067,21.80,0.90
2007.05.03 13:24:11.422,1.1066,1.1068,0.80,0.60
2007.05.03 13:24:11.663,1.1066,1.1068,2.40,0.60
2007.05.03 13:24:12.008,1.1066,1.1068,2.40,0.50
2007.05.03 13:24:12.397,1.1066,1.10685,2.40,33.70
2007.05.03 13:24:12.688,1.1066,1.1068,6.40,0.90
2007.05.03 13:24:12.926,1.1066,1.10685,19.10,11.20
2007.05.03 13:24:13.147,1.1066,1.10685,21.50,9.00
2007.05.03 13:24:13.968,1.1066,1.1068,21.50,0.60
2007.05.03 13:24:14.332,1.1066,1.1069,21.50,27.20
2007.05.03 13:24:14.918,1.1066,1.1068,21.50,6.40
2007.05.03 13:24:17.898,1.1067,1.1069,5.30,29.50
2007.05.03 13:24:18.305,1.1067,1.1069,5.30,27.10
2007.05.03 13:24:20.643,1.1066,1.1069,12.00,16.00
2007.05.03 13:24:20.852,1.1066,1.1068,11.20,0.40
2007.05.03 13:24:21.090,1.1066,1.1068,24.70,5.30
2007.05.03 13:24:21.397,1.1066,1.1068,8.00,5.30
2007.05.03 13:24:21.656,1.1066,1.1068,21.60,5.30
2007.05.03 13:24:21.862,1.1066,1.1068,24.70,8.40
2007.05.03 13:24:23.395,1.1066,1.1068,0.80,29.40
2007.05.03 13:24:23.689,1.1065,1.1068,11.60,17.60
2007.05.03 13:24:23.919,1.1065,1.1067,25.10,3.20
2007.05.03 13:24:24.199,1.1065,1.1067,22.30,3.60
2007.05.03 13:24:24.416,1.1065,1.1067,19.10,6.80
2007.05.03 13:24:24.672,1.1065,1.10665,19.10,0.80
2007.05.03 13:24:24.901,1.10645,1.10665,0.80,0.80
2007.05.03 13:24:26.628,1.1066,1.1067,2.40,18.30
2007.05.03 13:24:26.855,1.1066,1.1067,2.40,2.40
2007.05.03 13:24:27.064,1.1066,1.10675,3.20,2.40
2007.05.03 13:24:27.280,1.1066,1.1068,19.90,8.00
2007.05.03 13:24:27.505,1.1066,1.1068,22.30,8.70
2007.05.03 13:24:29.036,1.1066,1.1068,22.30,7.20
2007.05.03 13:24:29.316,1.1066,1.1068,22.30,6.40
2007.05.03 13:24:29.547,1.1067,1.1068,0.60,6.40
2007.05.03 13:24:30.070,1.1067,1.1068,0.60,0.80
2007.05.03 13:24:31.325,1.1066,1.1068,3.20,3.20
2007.05.03 13:24:31.539,1.1066,1.1068,2.40,5.70
2007.05.03 13:24:32.059,1.1066,1.1068,2.40,15.30
2007.05.03 13:24:32.549,1.1066,1.1068,2.40,20.20
2007.05.03 13:24:33.497,1.1066,1.1068,6.40,18.60
2007.05.03 13:24:33.798,1.1066,1.1068,6.40,6.80
2007.05.03 13:24:34.088,1.1066,1.1068,6.40,2.80
2007.05.03 13:24:34.302,1.1066,1.1068,21.50,8.40
2007.05.03 13:24:34.744,1.1066,1.1068,21.50,8.20
2007.05.03 13:24:34.966,1.1066,1.1068,21.50,7.40
2007.05.03 13:24:35.656,1.1066,1.1068,21.50,6.50
2007.05.03 13:24:36.360,1.1066,1.1068,2.40,19.30
2007.05.03 13:24:36.650,1.1066,1.1068,2.40,20.60
2007.05.03 13:24:37.593,1.1066,1.1068,2.40,23.30
2007.05.03 13:24:38.099,1.1066,1.1068,2.40,23.80
2007.05.03 13:24:39.357,1.1066,1.1068,2.40,23.40
2007.05.03 13:24:39.807,1.1066,1.1068,2.40,23.30
2007.05.03 13:24:40.680,1.1066,1.10685,2.40,29.70
2007.05.03 13:24:42.832,1.1066,1.10685,2.40,12.40
2007.05.03 13:24:43.102,1.1066,1.10685,21.50,8.80
2007.05.03 13:24:45.436,1.1067,1.10695,5.30,37.50
2007.05.03 13:24:45.764,1.1067,1.10695,5.40,35.10
2007.05.03 13:24:48.862,1.1067,1.10695,1.60,31.20
2007.05.03 13:24:49.078,1.1066,1.1069,10.40,20.20
2007.05.03 13:24:49.493,1.1066,1.1069,25.50,17.00
2007.05.03 13:24:49.711,1.1066,1.1069,21.60,23.20
2007.05.03 13:24:49.926,1.1066,1.10695,21.60,28.80
2007.05.03 13:24:50.163,1.1066,1.10695,20.80,28.80
2007.05.03 13:24:50.501,1.1066,1.10695,9.60,24.80
2007.05.03 13:24:50.715,1.1066,1.1069,24.70,27.00
2007.05.03 13:24:51.000,1.1066,1.1068,21.50,0.70
2007.05.03 13:24:51.501,1.1066,1.1068,21.50,0.80
2007.05.03 13:24:54.957,1.10655,1.1068,0.80,0.50
2007.05.03 13:24:55.405,1.10655,1.10685,0.80,35.30
2007.05.03 13:24:55.628,1.1065,1.1068,25.70,33.70
2007.05.03 13:24:56.010,1.1065,1.1067,22.30,0.60
2007.05.03 13:24:56.404,1.1065,1.1068,23.20,0.60
2007.05.03 13:24:56.825,1.1065,1.10685,23.20,33.00
2007.05.03 13:24:57.533,1.1065,1.10685,23.40,33.60
2007.05.03 13:24:57.747,1.1065,1.10685,23.50,33.60
2007.05.03 13:24:58.709,1.1065,1.10685,23.50,32.80
2007.05.03 13:24:59.547,1.1065,1.1068,23.60,0.90
2007.05.03 13:24:59.847,1.1065,1.10685,23.60,32.60
2007.05.03 13:25:00.379,1.1065,1.1068,23.60,0.60
2007.05.03 13:25:01.572,1.1065,1.10685,23.50,32.70
2007.05.03 13:25:04.746,1.10645,1.10685,30.70,59.00
2007.05.03 13:25:05.030,1.10645,1.10685,30.80,32.70
2007.05.03 13:25:09.989,1.10645,1.1068,30.40,26.30
2007.05.03 13:25:10.316,1.10645,1.1067,30.40,0.20
2007.05.03 13:25:10.628,1.1065,1.1068,5.20,26.00
2007.05.03 13:25:10.927,1.10655,1.1068,8.00,11.50
2007.05.03 13:25:11.151,1.10655,1.1068,38.30,3.20
2007.05.03 13:25:11.456,1.10655,1.1068,38.30,2.40
2007.05.03 13:25:12.429,1.1066,1.1068,5.20,3.50
2007.05.03 13:25:13.080,1.10655,1.1068,38.30,2.20
2007.05.03 13:25:15.759,1.10655,1.1069,38.30,27.90
2007.05.03 13:25:16.218,1.10655,1.1069,38.30,27.10
2007.05.03 13:25:16.592,1.1066,1.1069,7.60,27.90
2007.05.03 13:25:20.013,1.1067,1.1069,4.60,6.40
2007.05.03 13:25:20.281,1.1067,1.1069,6.50,8.00
2007.05.03 13:25:20.565,1.1066,1.1069,41.70,8.00
2007.05.03 13:25:21.148,1.1067,1.1069,9.00,8.00
2007.05.03 13:25:21.491,1.1067,1.1069,2.00,8.00
2007.05.03 13:25:21.789,1.1066,1.1069,47.10,8.00
2007.05.03 13:25:22.017,1.1067,1.1069,9.10,8.00
2007.05.03 13:25:22.311,1.1067,1.1069,10.00,2.40
2007.05.03 13:25:22.768,1.1066,1.1069,49.80,3.20
2007.05.03 13:25:23.038,1.1067,1.1069,1.60,8.80
2007.05.03 13:25:23.263,1.1066,1.1069,34.60,25.50
2007.05.03 13:25:23.509,1.10655,1.1069,40.70,25.50
2007.05.03 13:25:24.241,1.1066,1.1069,2.20,25.50
2007.05.03 13:25:25.060,1.1066,1.1069,4.70,22.40
2007.05.03 13:25:25.431,1.10655,1.1068,25.50,0.40
2007.05.03 13:25:26.404,1.10655,1.1068,25.50,3.50
2007.05.03 13:25:26.702,1.1066,1.1068,0.50,4.30
2007.05.03 13:25:27.381,1.1066,1.1068,18.30,1.10
2007.05.03 13:25:28.628,1.1066,1.1068,18.30,2.80
2007.05.03 13:25:28.879,1.1066,1.1068,4.20,3.60
2007.05.03 13:25:29.157,1.1066,1.1068,2.40,4.60
2007.05.03 13:25:29.369,1.1066,1.1068,7.10,8.90
2007.05.03 13:25:29.659,1.10655,1.1068,7.20,12.10
2007.05.03 13:25:30.489,1.1066,1.1068,0.50,13.10
2007.05.03 13:25:30.731,1.1066,1.1068,2.10,13.20
2007.05.03 13:25:31.155,1.1067,1.1068,0.80,9.40
2007.05.03 13:25:31.470,1.1066,1.1068,11.20,8.90
2007.05.03 13:25:31.705,1.1066,1.1069,31.20,18.40
2007.05.03 13:25:31.920,1.1066,1.1069,30.40,18.40
2007.05.03 13:25:32.352,1.1067,1.1069,4.90,16.00
2007.05.03 13:25:32.631,1.1067,1.1069,4.00,15.20
2007.05.03 13:25:32.986,1.1067,1.1068,4.00,7.00
2007.05.03 13:25:34.949,1.1067,1.1068,4.00,6.80
2007.05.03 13:25:36.034,1.1067,1.1068,4.00,7.90
2007.05.03 13:25:36.170,1.1067,1.1068,1.10,7.90
2007.05.03 13:25:49.303,1.1066,1.1068,26.30,7.70
2007.05.03 13:25:50.778,1.1067,1.1068,1.90,7.00
2007.05.03 13:25:52.509,1.10655,1.1068,28.00,7.20
2007.05.03 13:25:55.419,1.1067,1.1068,0.70,7.20
2007.05.03 13:25:56.156,1.1067,1.1068,2.30,6.40
2007.05.03 13:25:57.448,1.1067,1.1068,1.60,6.40
2007.05.03 13:25:58.974,1.1066,1.1068,26.30,6.30
2007.05.03 13:26:00.425,1.1066,1.1068,27.50,0.80
2007.05.03 13:26:00.649,1.1068,1.1069,2.20,10.40
2007.05.03 13:26:00.876,1.1067,1.1069,43.10,1.60
2007.05.03 13:26:03.728,1.1068,1.1069,6.60,0.80
2007.05.03 13:26:04.573,1.1068,1.107,6.60,13.00
2007.05.03 13:26:05.169,1.1068,1.107,6.60,12.20
2007.05.03 13:26:10.184,1.1068,1.107,6.60,12.00
2007.05.03 13:26:11.052,1.1068,1.1069,6.60,0.80
2007.05.03 13:26:11.389,1.1068,1.1069,6.60,1.60
2007.05.03 13:26:32.574,1.1069,1.107,4.00,10.80
2007.05.03 13:26:32.917,1.1069,1.107,4.00,9.60
2007.05.03 13:26:33.123,1.1069,1.107,4.00,1.60
2007.05.03 13:26:33.432,1.1069,1.107,4.00,0.80
2007.05.03 13:26:34.776,1.1069,1.107,4.00,3.70
2007.05.03 13:26:34.998,1.1068,1.1069,13.30,1.60
2007.05.03 13:26:35.913,1.1068,1.1069,20.50,1.60
2007.05.03 13:26:36.173,1.1068,1.1069,5.40,1.60
2007.05.03 13:26:38.592,1.1067,1.1068,12.70,1.50
2007.05.03 13:26:39.294,1.1067,1.1068,13.00,1.50
2007.05.03 13:26:39.618,1.1067,1.1068,4.00,1.50
2007.05.03 13:26:39.903,1.1067,1.1068,4.00,1.80
2007.05.03 13:26:40.311,1.1067,1.1068,4.00,6.70
2007.05.03 13:26:41.239,1.1067,1.1068,4.00,7.50
2007.05.03 13:26:41.700,1.1067,1.1068,4.00,7.70
2007.05.03 13:26:42.182,1.1066,1.1068,6.40,9.70
2007.05.03 13:26:42.478,1.1066,1.1068,6.40,12.40
2007.05.03 13:26:42.859,1.1066,1.1068,6.40,12.60
2007.05.03 13:26:44.753,1.1066,1.1068,6.40,12.30
2007.05.03 13:26:45.044,1.1066,1.1068,6.40,12.00
2007.05.03 13:26:46.065,1.1066,1.1068,6.40,11.90
2007.05.03 13:26:47.698,1.1066,1.1068,6.40,12.40
2007.05.03 13:26:49.329,1.1066,1.1068,4.00,12.30
2007.05.03 13:26:49.989,1.1066,1.1068,4.00,12.50
2007.05.03 13:26:50.338,1.1066,1.1068,4.00,15.60
2007.05.03 13:26:50.857,1.1066,1.1068,4.00,18.80
2007.05.03 13:26:51.101,1.1066,1.1068,4.00,25.20
2007.05.03 13:26:51.328,1.1066,1.1068,4.00,30.80
2007.05.03 13:26:51.882,1.1066,1.1068,4.00,24.50
2007.05.03 13:26:52.202,1.1066,1.1068,4.00,13.60
2007.05.03 13:26:53.241,1.1066,1.1068,4.00,13.70
2007.05.03 13:26:53.694,1.1065,1.1067,4.80,7.80
2007.05.03 13:26:53.991,1.1065,1.10665,4.00,0.80
2007.05.03 13:27:02.180,1.10645,1.1066,0.80,5.60
2007.05.03 13:27:03.166,1.1065,1.10665,4.00,7.20
2007.05.03 13:27:03.371,1.1065,1.10665,4.00,0.80
2007.05.03 13:27:21.936,1.1064,1.10665,22.50,0.80
2007.05.03 13:27:24.755,1.1065,1.10665,19.90,0.80
2007.05.03 13:27:25.088,1.1065,1.10665,22.30,0.80
2007.05.03 13:27:28.095,1.1065,1.1067,22.30,6.30
2007.05.03 13:27:28.363,1.1065,1.1068,18.40,32.50
2007.05.03 13:27:29.347,1.1066,1.1068,4.00,32.50
2007.05.03 13:27:29.885,1.1066,1.1068,4.00,21.50
2007.05.03 13:27:30.202,1.1067,1.1068,4.00,11.90
2007.05.03 13:27:30.579,1.1067,1.1068,4.00,8.20
2007.05.03 13:27:30.822,1.1067,1.1068,4.00,7.20
2007.05.03 13:27:31.129,1.1067,1.1068,4.00,7.00
2007.05.03 13:27:31.949,1.1067,1.1068,4.00,6.80
2007.05.03 13:27:33.128,1.1067,1.1068,4.00,0.50
2007.05.03 13:27:34.062,1.1067,1.1069,4.00,33.50
2007.05.03 13:27:34.405,1.1067,1.1068,4.00,0.90
2007.05.03 13:27:34.714,1.1067,1.1069,4.00,33.50
2007.05.03 13:27:35.449,1.1066,1.1068,24.70,0.70
2007.05.03 13:27:35.862,1.1066,1.1069,24.70,40.70
2007.05.03 13:27:39.876,1.10655,1.1068,0.80,0.60
2007.05.03 13:27:41.579,1.10655,1.1068,0.20,33.00
2007.05.03 13:27:41.816,1.1065,1.1068,34.30,33.80
2007.05.03 13:27:42.066,1.1065,1.10665,34.30,0.80
2007.05.03 13:27:42.362,1.1066,1.1068,4.00,0.50
2007.05.03 13:27:42.672,1.10665,1.10685,0.80,17.30
2007.05.03 13:27:42.985,1.10665,1.10685,0.80,16.50
2007.05.03 13:27:43.355,1.1065,1.1068,33.80,0.80
2007.05.03 13:27:43.600,1.1065,1.10685,33.50,36.30
2007.05.03 13:27:43.820,1.10665,1.10685,0.80,16.00
2007.05.03 13:27:44.061,1.10665,1.1068,0.80,0.70
2007.05.03 13:27:44.592,1.10665,1.1068,0.80,0.50
2007.05.03 13:27:45.264,1.10665,1.1068,0.80,0.90
2007.05.03 13:27:45.473,1.10665,1.1068,0.80,0.90
2007.05.03 13:27:45.681,1.10665,1.1069,0.80,29.70
2007.05.03 13:27:46.096,1.1067,1.1069,3.00,0.70
2007.05.03 13:27:46.311,1.1067,1.1069,8.00,0.70
2007.05.03 13:27:46.514,1.1067,1.1069,8.80,0.60
2007.05.03 13:27:46.743,1.1067,1.107,39.90,17.50
2007.05.03 13:27:47.028,1.1067,1.107,42.00,18.90
2007.05.03 13:27:47.327,1.1067,1.1069,42.00,0.50
2007.05.03 13:27:48.039,1.1067,1.1069,43.50,0.70
2007.05.03 13:27:51.734,1.1067,1.1069,43.60,0.50
2007.05.03 13:27:54.635,1.1067,1.107,43.60,30.50
2007.05.03 13:27:54.881,1.1067,1.10705,43.60,38.80
2007.05.03 13:27:55.689,1.1067,1.10705,43.60,38.90
2007.05.03 13:27:56.975,1.1067,1.107,46.60,0.60
2007.05.03 13:27:57.228,1.1067,1.10705,43.60,38.90
2007.05.03 13:27:57.803,1.1067,1.10705,45.20,33.40
2007.05.03 13:27:58.633,1.1067,1.10705,45.20,28.70
2007.05.03 13:27:58.912,1.1067,1.10705,46.00,28.70
2007.05.03 13:28:01.052,1.1068,1.107,4.70,0.80
2007.05.03 13:28:06.297,1.1068,1.107,8.80,4.00
2007.05.03 13:28:06.589,1.1068,1.107,23.90,6.40
2007.05.03 13:28:06.959,1.1068,1.107,27.10,3.20
2007.05.03 13:28:08.827,1.1068,1.10705,15.20,0.80
2007.05.03 13:28:10.412,1.1068,1.107,6.00,19.90
2007.05.03 13:28:10.686,1.1068,1.107,7.60,19.90
2007.05.03 13:28:10.933,1.1068,1.107,14.60,4.00
2007.05.03 13:28:11.191,1.1068,1.1071,18.30,8.20
2007.05.03 13:28:11.422,1.1068,1.1071,18.30,13.20
2007.05.03 13:28:11.674,1.1068,1.10705,18.30,0.80
2007.05.03 13:28:11.942,1.1069,1.1071,4.00,7.20
2007.05.03 13:28:12.175,1.1069,1.1071,19.10,8.80
2007.05.03 13:28:12.378,1.10695,1.1071,4.00,6.40
2007.05.03 13:28:12.583,1.10695,1.1071,4.00,0.80
2007.05.03 13:28:12.902,1.10695,1.1071,4.80,0.80
2007.05.03 13:28:13.189,1.1071,1.10715,0.80,0.80
2007.05.03 13:28:14.548,1.1071,1.10715,0.80,1.60
2007.05.03 13:28:14.826,1.1069,1.1071,9.90,0.80
2007.05.03 13:28:15.038,1.107,1.1071,0.80,1.60
2007.05.03 13:28:15.306,1.10695,1.107,0.80,0.10
2007.05.03 13:28:17.343,1.10695,1.1071,0.80,3.20
2007.05.03 13:28:17.849,1.10695,1.10715,0.80,1.60
2007.05.03 13:28:20.281,1.10695,1.10715,0.80,0.80
2007.05.03 13:28:25.953,1.107,1.10715,4.00,0.80
2007.05.03 13:28:26.781,1.10695,1.10715,0.80,0.80
2007.05.03 13:28:29.001,1.107,1.10715,4.00,0.80
2007.05.03 13:28:31.028,1.107,1.1072,4.00,4.40
2007.05.03 13:28:31.339,1.107,1.1072,4.80,3.60
2007.05.03 13:28:31.864,1.107,1.1072,4.80,3.50
2007.05.03 13:28:32.151,1.107,1.1072,27.10,0.40
2007.05.03 13:28:32.451,1.107,1.1072,23.10,3.50
2007.05.03 13:28:33.454,1.107,1.1072,23.10,3.20
2007.05.03 13:28:33.613,1.107,1.1073,23.10,38.20
2007.05.03 13:28:33.723,1.107,1.1073,25.20,38.40
2007.05.03 13:28:33.954,1.107,1.10735,11.70,24.90
2007.05.03 13:28:34.175,1.10705,1.1073,0.80,0.80
2007.05.03 13:28:34.571,1.1071,1.1073,0.80,0.50
2007.05.03 13:28:35.861,1.1071,1.1073,0.80,0.60
2007.05.03 13:28:36.127,1.1071,1.1074,0.80,65.40
2007.05.03 13:28:36.377,1.10705,1.1073,0.80,46.90
2007.05.03 13:28:39.120,1.1071,1.1073,5.60,41.30
2007.05.03 13:28:39.393,1.10715,1.1073,0.80,34.90
2007.05.03 13:28:40.285,1.1071,1.1073,5.60,32.50
2007.05.03 13:28:40.747,1.1071,1.1072,6.40,0.60
2007.05.03 13:28:41.126,1.1072,1.1073,4.00,32.50
2007.05.03 13:28:41.671,1.1072,1.1073,5.60,31.60
2007.05.03 13:28:42.656,1.1073,1.1074,4.00,17.80
2007.05.03 13:28:43.185,1.1072,1.1073,9.60,31.90
2007.05.03 13:28:43.797,1.1072,1.1073,5.60,0.70
2007.05.03 13:28:44.160,1.1073,1.1074,4.00,33.40
2007.05.03 13:28:45.006,1.1073,1.1075,4.00,39.50
2007.05.03 13:28:45.244,1.1073,1.1075,4.00,37.90
2007.05.03 13:28:45.462,1.1072,1.1075,12.60,37.30
2007.05.03 13:28:45.767,1.1072,1.1075,6.20,36.50
2007.05.03 13:28:46.105,1.1072,1.1075,5.90,33.60
2007.05.03 13:28:46.497,1.1072,1.1075,5.90,33.90
2007.05.03 13:28:47.028,1.1072,1.1075,26.00,31.70
2007.05.03 13:28:47.233,1.1073,1.10755,0.80,12.00
2007.05.03 13:28:47.564,1.1072,1.1075,31.90,0.50
2007.05.03 13:28:47.972,1.1072,1.10755,16.80,12.00
2007.05.03 13:28:48.215,1.1073,1.1075,18.30,0.70
2007.05.03 13:28:48.746,1.1073,1.1075,0.80,0.80
2007.05.03 13:28:49.085,1.1072,1.10755,38.70,29.50
2007.05.03 13:28:49.297,1.1072,1.1075,39.00,0.70
2007.05.03 13:28:49.725,1.1072,1.1075,38.30,0.60
2007.05.03 13:28:50.990,1.1072,1.10755,36.70,31.90
2007.05.03 13:28:51.225,1.1072,1.10755,37.50,32.70
2007.05.03 13:28:52.871,1.1072,1.1075,37.40,25.90
2007.05.03 13:28:55.471,1.1072,1.1074,37.30,0.40
2007.05.03 13:28:58.201,1.1072,1.1075,37.40,26.80
2007.05.03 13:28:58.463,1.1072,1.1074,10.80,0.90
2007.05.03 13:28:58.692,1.1072,1.1075,8.80,26.00
2007.05.03 13:28:58.938,1.1072,1.1075,22.90,29.70
2007.05.03 13:29:00.529,1.1072,1.1075,22.90,30.60
2007.05.03 13:29:01.942,1.1072,1.1074,18.90,0.50
2007.05.03 13:29:02.535,1.1072,1.1075,18.70,30.70
2007.05.03 13:29:02.741,1.1072,1.1074,0.50,22.70
2007.05.03 13:29:03.696,1.1072,1.1074,0.50,21.90
2007.05.03 13:29:03.945,1.1072,1.1074,0.50,10.70
2007.05.03 13:29:04.159,1.1072,1.1074,16.30,7.40
2007.05.03 13:29:08.983,1.1072,1.1074,13.10,8.20
2007.05.03 13:29:09.212,1.1072,1.1074,13.90,8.20
2007.05.03 13:29:09.851,1.1072,1.1074,19.30,8.20
2007.05.03 13:29:10.164,1.1072,1.1074,16.80,5.00
2007.05.03 13:29:10.605,1.1072,1.1074,16.80,7.10
2007.05.03 13:29:10.880,1.1072,1.1073,3.20,0.50
2007.05.03 13:29:11.112,1.10715,1.1073,2.40,5.80
2007.05.03 13:29:11.377,1.1071,1.1073,30.30,6.00
2007.05.03 13:29:12.697,1.1071,1.1073,29.50,6.00
2007.05.03 13:29:13.684,1.1072,1.1073,0.70,2.40
2007.05.03 13:29:13.904,1.1072,1.1074,0.70,27.20
2007.05.03 13:29:15.994,1.1072,1.1074,3.90,10.50
2007.05.03 13:29:16.695,1.1072,1.10745,3.90,12.90
2007.05.03 13:29:17.018,1.1072,1.10745,21.10,12.90
2007.05.03 13:29:17.542,1.1072,1.1074,7.40,0.70
2007.05.03 13:29:17.825,1.1072,1.1075,21.00,30.50
2007.05.03 13:29:18.332,1.1072,1.1075,16.80,28.20
2007.05.03 13:29:18.577,1.1072,1.1074,16.00,0.90
2007.05.03 13:29:19.069,1.1072,1.1074,16.00,0.80
2007.05.03 13:29:19.373,1.1072,1.1075,16.00,18.70
2007.05.03 13:29:20.050,1.1072,1.1075,19.20,14.80
2007.05.03 13:29:20.369,1.1073,1.1075,5.60,10.30
2007.05.03 13:29:20.608,1.1073,1.1075,13.60,0.60
2007.05.03 13:29:20.824,1.1073,1.10755,15.50,4.80
2007.05.03 13:29:21.056,1.1073,1.10755,36.50,2.40
2007.05.03 13:29:21.428,1.1073,1.10755,36.80,2.40
2007.05.03 13:29:21.750,1.1073,1.1075,33.80,0.90
2007.05.03 13:29:22.374,1.1073,1.1075,34.40,0.90
2007.05.03 13:29:22.932,1.1074,1.1076,20.70,4.80
2007.05.03 13:29:24.271,1.1074,1.1076,17.50,8.20
2007.05.03 13:29:24.971,1.1073,1.1076,23.60,5.80
2007.05.03 13:29:25.201,1.1073,1.1076,36.40,21.70
2007.05.03 13:29:25.544,1.1073,1.1076,36.20,23.30
2007.05.03 13:29:26.277,1.1073,1.1075,36.90,0.70
2007.05.03 13:29:26.983,1.1074,1.1076,2.40,6.50
2007.05.03 13:29:27.831,1.1073,1.1076,37.70,20.80
2007.05.03 13:29:29.244,1.1074,1.1075,4.50,0.90
2007.05.03 13:29:29.459,1.1074,1.1076,0.80,20.70
2007.05.03 13:29:30.076,1.1073,1.1076,40.20,20.70
2007.05.03 13:29:30.495,1.1073,1.1075,37.00,0.50
2007.05.03 13:29:31.549,1.1074,1.1076,3.20,4.80
2007.05.03 13:29:31.830,1.1074,1.1075,18.30,0.80
2007.05.03 13:29:33.235,1.1074,1.1076,19.10,8.00
2007.05.03 13:29:34.127,1.1073,1.1076,41.30,19.90
2007.05.03 13:29:34.538,1.1073,1.1075,38.90,0.90
2007.05.03 13:29:35.593,1.1073,1.1076,38.10,19.90
2007.05.03 13:29:36.120,1.1073,1.1076,38.40,19.90
2007.05.03 13:29:36.392,1.1073,1.1076,14.40,17.20
2007.05.03 13:29:36.604,1.1073,1.1076,14.00,23.80
2007.05.03 13:29:37.087,1.1073,1.10755,14.00,2.40
2007.05.03 13:29:42.252,1.1073,1.10755,14.00,2.40
2007.05.03 13:29:44.619,1.1073,1.1075,27.80,0.50
2007.05.03 13:29:44.947,1.1073,1.1076,27.00,22.70
2007.05.03 13:29:48.674,1.1073,1.1075,26.30,0.80
2007.05.03 13:29:48.976,1.1073,1.1076,16.70,13.60
2007.05.03 13:29:49.218,1.1073,1.1074,9.60,0.60
2007.05.03 13:29:49.469,1.1073,1.1075,18.30,10.40
2007.05.03 13:29:49.719,1.1073,1.10755,18.30,9.60
2007.05.03 13:29:50.562,1.1073,1.10755,6.40,3.20
2007.05.03 13:29:50.778,1.1073,1.1075,25.80,0.50
2007.05.03 13:29:51.398,1.1073,1.10755,23.30,2.40
2007.05.03 13:29:51.606,1.1073,1.1075,23.50,0.60
2007.05.03 13:29:52.750,1.1073,1.1075,23.60,0.50
2007.05.03 13:29:53.118,1.1073,1.10755,21.80,2.40
2007.05.03 13:29:53.338,1.1073,1.1075,20.20,0.70
2007.05.03 13:29:53.553,1.1073,1.10755,18.60,9.60
2007.05.03 13:29:56.720,1.1073,1.10755,18.50,10.40
2007.05.03 13:29:57.057,1.1073,1.1074,5.60,0.90
2007.05.03 13:29:57.266,1.1072,1.1074,37.70,0.50
2007.05.03 13:29:57.494,1.1072,1.1075,14.90,24.00
2007.05.03 13:29:57.992,1.1072,1.1074,25.20,0.80
2007.05.03 13:29:58.226,1.1072,1.1074,25.10,0.50
2007.05.03 13:29:58.545,1.1072,1.1075,25.10,34.00
2007.05.03 13:30:00.420,1.1072,1.1075,25.90,34.20
2007.05.03 13:30:00.644,1.1072,1.1075,14.70,19.20
2007.05.03 13:30:00.860,1.1072,1.1074,35.40,0.70
2007.05.03 13:30:01.136,1.1072,1.1074,34.60,0.50
2007.05.03 13:30:01.757,1.1072,1.1074,35.00,0.70
2007.05.03 13:30:02.621,1.1072,1.1074,36.60,0.70
2007.05.03 13:30:06.222,1.1072,1.1075,36.60,27.10
2007.05.03 13:30:09.824,1.1072,1.1074,36.40,0.70
2007.05.03 13:30:13.762,1.1072,1.1074,36.40,3.20
2007.05.03 13:30:14.284,1.1072,1.1074,36.30,3.20
2007.05.03 13:30:17.286,1.1072,1.1074,36.50,3.20
2007.05.03 13:30:19.826,1.1072,1.1074,36.40,3.20
2007.05.03 13:30:21.495,1.1072,1.1074,36.70,3.20
2007.05.03 13:30:24.150,1.1072,1.1074,35.60,3.20
2007.05.03 13:30:24.438,1.1072,1.1074,35.60,3.50
2007.05.03 13:30:24.824,1.1072,1.1074,35.50,3.20
2007.05.03 13:30:25.220,1.1072,1.1074,35.50,1.60
2007.05.03 13:30:26.550,1.1072,1.1074,36.40,1.60
2007.05.03 13:30:26.859,1.1072,1.1074,36.70,1.60
2007.05.03 13:30:27.897,1.1072,1.1074,35.60,1.60
2007.05.03 13:30:30.458,1.1072,1.1074,35.90,0.80
2007.05.03 13:30:31.747,1.1072,1.1074,35.90,1.00
2007.05.03 13:30:32.165,1.1072,1.1074,35.90,1.60
2007.05.03 13:30:32.878,1.1072,1.1074,15.60,2.30
2007.05.03 13:30:33.085,1.1072,1.1074,25.10,9.70
2007.05.03 13:30:33.291,1.1072,1.1074,25.00,9.80
2007.05.03 13:30:33.897,1.1072,1.1074,25.00,9.90
2007.05.03 13:30:34.382,1.1072,1.1074,25.30,9.60
2007.05.03 13:30:35.086,1.1072,1.1074,25.30,2.40
2007.05.03 13:30:35.376,1.1072,1.1074,25.40,2.40
2007.05.03 13:30:35.740,1.1072,1.1074,25.40,1.70
2007.05.03 13:30:37.354,1.1072,1.1074,25.40,3.60
2007.05.03 13:30:37.677,1.1072,1.1074,26.20,3.60
2007.05.03 13:30:37.919,1.1072,1.1074,26.90,3.20
2007.05.03 13:30:38.143,1.1072,1.1074,27.30,3.20
2007.05.03 13:30:41.424,1.10715,1.1074,34.50,3.20
2007.05.03 13:30:42.839,1.1072,1.1074,8.60,3.10
2007.05.03 13:30:43.693,1.10715,1.1074,34.80,1.50
2007.05.03 13:30:43.907,1.10715,1.1074,35.60,0.80
2007.05.03 13:30:44.191,1.1073,1.1075,6.30,1.60
2007.05.03 13:30:44.415,1.1073,1.1075,16.80,1.60
2007.05.03 13:30:44.711,1.1073,1.1075,16.40,1.60
2007.05.03 13:30:44.934,1.1073,1.1075,13.20,1.60
2007.05.03 13:30:46.914,1.1073,1.1075,11.00,1.60
2007.05.03 13:30:47.354,1.10725,1.1075,46.40,1.60
2007.05.03 13:30:47.780,1.1074,1.1075,6.90,1.60
2007.05.03 13:30:48.098,1.1074,1.1075,0.80,1.60
2007.05.03 13:30:48.303,1.10725,1.1075,34.80,1.60
2007.05.03 13:30:48.547,1.1073,1.1075,3.60,1.60
2007.05.03 13:30:49.762,1.10725,1.1075,36.90,1.60
2007.05.03 13:30:50.008,1.10725,1.1075,37.70,1.60
2007.05.03 13:30:52.639,1.1073,1.1075,7.70,1.60
2007.05.03 13:30:53.736,1.10725,1.1075,38.00,1.60
2007.05.03 13:31:00.065,1.10725,1.1075,38.10,1.60
2007.05.03 13:31:00.860,1.10725,1.1075,38.20,1.60
2007.05.03 13:31:01.505,1.1073,1.1075,12.00,1.60
2007.05.03 13:31:01.708,1.1073,1.1075,0.90,1.60
2007.05.03 13:31:02.087,1.10725,1.1074,3.10,0.30
2007.05.03 13:31:02.323,1.10715,1.1074,39.60,0.30
2007.05.03 13:31:02.598,1.10715,1.1074,39.60,3.20
2007.05.03 13:31:02.913,1.10715,1.1074,38.40,3.60
2007.05.03 13:31:03.183,1.10715,1.1074,37.60,4.00
2007.05.03 13:31:05.082,1.10715,1.1074,37.90,2.70
2007.05.03 13:31:05.670,1.1072,1.1074,9.00,3.20
2007.05.03 13:31:06.174,1.10715,1.1074,37.90,3.60
2007.05.03 13:31:07.620,1.10715,1.1074,38.40,3.60
2007.05.03 13:31:08.532,1.10715,1.1074,37.60,3.90
2007.05.03 13:31:08.843,1.10715,1.1074,36.60,4.00
2007.05.03 13:31:09.150,1.10715,1.1074,18.00,7.50
2007.05.03 13:31:09.428,1.10715,1.1074,9.20,9.60
2007.05.03 13:31:09.711,1.1072,1.1074,14.80,6.40
2007.05.03 13:31:09.937,1.1072,1.1074,15.20,4.30
2007.05.03 13:31:10.457,1.1072,1.1074,15.40,4.10
2007.05.03 13:31:16.194,1.1072,1.1074,37.00,4.00
2007.05.03 13:31:16.821,1.1072,1.1074,37.10,2.40
2007.05.03 13:31:17.094,1.1072,1.1074,37.90,1.60
2007.05.03 13:31:17.405,1.1072,1.1074,38.80,1.60
2007.05.03 13:31:19.102,1.1072,1.1074,38.80,1.60
2007.05.03 13:31:19.581,1.1072,1.1074,3.40,1.60
2007.05.03 13:31:20.235,1.1073,1.1075,4.80,5.60
2007.05.03 13:31:20.446,1.1073,1.1075,13.50,6.40
2007.05.03 13:31:20.810,1.1072,1.1074,25.50,2.40
2007.05.03 13:31:21.045,1.1072,1.1074,29.60,3.20
2007.05.03 13:31:21.287,1.1072,1.1074,29.20,3.20
2007.05.03 13:31:22.151,1.1072,1.1074,26.80,3.20
2007.05.03 13:31:23.381,1.1073,1.1074,0.80,2.50
2007.05.03 13:31:23.620,1.1072,1.1074,27.40,2.50
2007.05.03 13:31:24.128,1.1072,1.1074,27.60,2.40
2007.05.03 13:31:24.538,1.1072,1.1074,27.60,2.40
2007.05.03 13:31:24.973,1.1072,1.1074,27.60,4.00
2007.05.03 13:31:25.251,1.1072,1.1074,29.80,4.00
2007.05.03 13:31:28.583,1.1072,1.1074,29.00,4.00
2007.05.03 13:31:29.704,1.1073,1.1074,15.10,3.20
2007.05.03 13:31:31.363,1.1073,1.1074,4.00,4.40
2007.05.03 13:31:32.114,1.1073,1.1074,4.00,4.30
2007.05.03 13:31:36.662,1.1073,1.1074,4.00,3.60
2007.05.03 13:31:37.002,1.1073,1.1074,15.10,3.30
2007.05.03 13:31:37.604,1.1073,1.1074,15.10,3.20
2007.05.03 13:31:38.396,1.1074,1.1075,0.80,2.40
2007.05.03 13:31:38.739,1.1074,1.1075,0.80,1.60
2007.05.03 13:31:38.968,1.1074,1.1075,0.80,8.80
2007.05.03 13:31:39.182,1.1074,1.1075,0.80,4.00
2007.05.03 13:31:39.522,1.1074,1.1075,0.80,1.60
2007.05.03 13:31:42.185,1.1074,1.1075,5.60,1.60
2007.05.03 13:31:42.387,1.1074,1.1075,6.40,1.60
2007.05.03 13:31:42.620,1.1074,1.1075,28.00,1.60
2007.05.03 13:31:44.696,1.1075,1.10765,0.20,0.80
2007.05.03 13:31:51.932,1.1075,1.1077,0.20,27.50
2007.05.03 13:31:56.648,1.1074,1.1077,30.90,27.50
2007.05.03 13:31:57.725,1.1075,1.1077,0.20,27.30
2007.05.03 13:31:58.227,1.1074,1.1077,22.80,9.20
2007.05.03 13:31:58.449,1.1075,1.1077,2.40,3.80
2007.05.03 13:31:58.719,1.10745,1.1077,13.70,2.80
2007.05.03 13:31:58.961,1.10745,1.1077,33.60,0.50
2007.05.03 13:31:59.888,1.1075,1.1077,2.30,0.40
2007.05.03 13:32:02.221,1.10745,1.1077,36.00,0.40
2007.05.03 13:32:03.230,1.10745,1.1077,33.60,0.40
2007.05.03 13:32:11.632,1.1075,1.1078,5.10,29.20
2007.05.03 13:32:12.105,1.10745,1.1078,33.60,28.40
2007.05.03 13:32:12.368,1.1075,1.1078,12.80,30.00
2007.05.03 13:32:15.396,1.10745,1.1078,36.20,30.00
2007.05.03 13:32:15.829,1.1075,1.1078,9.50,30.10
2007.05.03 13:32:16.215,1.1075,1.10775,10.60,1.60
2007.05.03 13:32:16.483,1.10745,1.10775,33.80,1.60
2007.05.03 13:32:18.803,1.1075,1.1077,1.10,11.60
2007.05.03 13:32:19.049,1.1074,1.10765,45.90,0.80
2007.05.03 13:32:22.252,1.1075,1.10775,10.10,1.60
2007.05.03 13:32:22.655,1.10745,1.10775,32.00,1.60
2007.05.03 13:32:22.906,1.1075,1.10775,4.50,1.60
2007.05.03 13:32:24.722,1.1075,1.10775,17.70,1.60
2007.05.03 13:32:24.950,1.1075,1.10775,18.50,1.60
2007.05.03 13:32:25.341,1.1075,1.10775,16.90,1.60
2007.05.03 13:32:25.565,1.1075,1.10775,16.10,1.60
2007.05.03 13:32:27.070,1.1076,1.10775,0.80,1.60
2007.05.03 13:32:28.446,1.1076,1.1077,0.80,1.20
2007.05.03 13:32:28.703,1.1075,1.1076,16.10,0.10
2007.05.03 13:32:30.360,1.1075,1.1076,6.50,0.10
2007.05.03 13:32:31.274,1.1075,1.1076,0.90,0.10
2007.05.03 13:32:31.543,1.1075,1.1076,0.20,0.10
2007.05.03 13:32:33.333,1.1074,1.1075,0.80,4.00
2007.05.03 13:32:33.567,1.10735,1.1075,2.40,4.00
2007.05.03 13:32:33.783,1.1073,1.1075,9.20,4.00
2007.05.03 13:32:34.059,1.1073,1.1075,9.20,0.90
2007.05.03 13:32:34.151,1.1073,1.10755,11.40,19.90
2007.05.03 13:32:34.793,1.1073,1.10755,6.80,19.90
2007.05.03 13:32:35.074,1.1073,1.1075,6.90,0.50
2007.05.03 13:32:36.927,1.1073,1.10755,6.80,19.90
2007.05.03 13:32:37.787,1.1073,1.10755,28.00,4.00
2007.05.03 13:32:38.024,1.1073,1.1076,30.60,32.50
2007.05.03 13:32:38.410,1.1073,1.1076,30.70,32.10
2007.05.03 13:32:38.995,1.1073,1.1076,31.20,32.10
2007.05.03 13:32:41.489,1.1073,1.1076,31.20,0.70
2007.05.03 13:32:42.835,1.1073,1.10765,31.20,36.10
2007.05.03 13:32:43.444,1.1073,1.1076,31.20,0.90
2007.05.03 13:32:44.458,1.1073,1.10765,31.40,36.00
2007.05.03 13:32:44.865,1.1073,1.10755,30.60,0.80
2007.05.03 13:32:45.950,1.1073,1.1076,30.80,30.80
2007.05.03 13:32:46.769,1.1073,1.10755,13.20,0.80
2007.05.03 13:32:47.032,1.1073,1.1076,13.00,30.00
2007.05.03 13:32:47.474,1.1073,1.1076,12.40,30.60
2007.05.03 13:32:49.978,1.1073,1.10755,12.30,0.80
2007.05.03 13:33:00.487,1.1073,1.10755,21.70,8.00
2007.05.03 13:33:01.034,1.1073,1.10755,18.80,8.00
2007.05.03 13:33:01.273,1.1073,1.10755,17.20,8.80
2007.05.03 13:33:01.744,1.1073,1.1075,2.90,0.80
2007.05.03 13:33:02.085,1.1073,1.10755,0.50,31.10
2007.05.03 13:33:02.388,1.1073,1.1075,0.50,25.50
2007.05.03 13:33:05.837,1.1073,1.1074,0.50,0.40
2007.05.03 13:33:13.517,1.1073,1.1074,0.20,0.40
2007.05.03 13:33:13.880,1.1073,1.1074,0.50,0.40
2007.05.03 13:33:17.116,1.1073,1.1075,0.50,25.50
2007.05.03 13:33:19.451,1.1073,1.10755,0.50,32.70
2007.05.03 13:33:20.933,1.1072,1.10755,36.10,32.70
2007.05.03 13:33:22.148,1.1072,1.1075,35.20,26.10
2007.05.03 13:33:22.587,1.1072,1.1075,15.40,21.40
2007.05.03 13:33:28.488,1.1072,1.1074,33.20,0.60
2007.05.03 13:33:38.129,1.1072,1.1075,33.20,33.30
2007.05.03 13:33:39.139,1.1072,1.1074,33.20,0.70
2007.05.03 13:33:40.165,1.1072,1.10745,32.40,1.50
2007.05.03 13:33:40.467,1.1072,1.10745,31.60,1.50
2007.05.03 13:33:40.917,1.1072,1.1074,15.60,0.70
2007.05.03 13:33:41.189,1.1072,1.10745,15.60,1.50
2007.05.03 13:33:42.751,1.1072,1.1074,14.80,0.70
2007.05.03 13:33:43.109,1.1072,1.10745,14.00,1.40
2007.05.03 13:33:44.880,1.1072,1.10745,13.40,1.40
2007.05.03 13:33:46.050,1.1072,1.10745,23.70,8.60
2007.05.03 13:33:50.380,1.1072,1.1074,22.90,8.00
2007.05.03 13:33:51.005,1.1072,1.1074,22.10,8.00
2007.05.03 13:33:51.402,1.1072,1.1074,22.10,0.70
2007.05.03 13:33:51.418,1.1072,1.1074,22.10,0.60
2007.05.03 13:33:52.257,1.1072,1.10745,22.00,9.60
2007.05.03 13:33:52.665,1.1072,1.10745,22.00,9.70
2007.05.03 13:34:02.771,1.1072,1.1074,21.90,0.60
2007.05.03 13:34:05.980,1.1072,1.1074,20.20,0.80
2007.05.03 13:34:06.424,1.1072,1.1074,20.20,0.90
2007.05.03 13:34:07.887,1.1072,1.10745,15.20,14.70
2007.05.03 13:34:08.097,1.1071,1.10745,31.90,37.70
2007.05.03 13:34:09.086,1.1071,1.1074,31.10,0.50
2007.05.03 13:34:09.291,1.1071,1.1074,31.10,0.50
2007.05.03 13:34:10.083,1.1071,1.1074,31.10,0.50
2007.05.03 13:34:14.347,1.1071,1.10745,31.10,40.40
2007.05.03 13:34:15.954,1.1071,1.1073,31.10,0.80
2007.05.03 13:34:16.193,1.1071,1.1074,31.10,38.70
2007.05.03 13:34:17.057,1.1071,1.1074,31.10,39.70
2007.05.03 13:34:31.650,1.1071,1.1073,31.10,5.00
2007.05.03 13:34:36.156,1.1071,1.1073,19.10,5.60
2007.05.03 13:34:37.173,1.1071,1.1073,11.20,5.90
2007.05.03 13:34:37.405,1.1071,1.1073,8.80,10.10
2007.05.03 13:34:37.731,1.1071,1.1073,4.00,12.80
2007.05.03 13:34:37.959,1.1071,1.1073,4.00,13.00
2007.05.03 13:34:38.665,1.10705,1.1073,0.80,37.20
2007.05.03 13:34:38.898,1.107,1.1073,29.50,37.20
2007.05.03 13:34:39.585,1.107,1.1072,13.60,6.80
2007.05.03 13:34:39.907,1.107,1.1072,13.60,7.10
2007.05.03 13:34:40.112,1.107,1.1072,13.60,7.40
2007.05.03 13:34:40.540,1.107,1.1072,13.60,7.90
2007.05.03 13:34:41.019,1.107,1.1072,13.60,8.30
2007.05.03 13:34:42.957,1.107,1.1072,13.60,8.10
2007.05.03 13:34:43.493,1.107,1.1072,13.60,8.20
2007.05.03 13:34:48.012,1.107,1.1072,12.80,8.20
2007.05.03 13:34:49.082,1.107,1.1072,1.60,14.80
2007.05.03 13:34:49.287,1.107,1.1072,1.60,15.20
2007.05.03 13:34:51.160,1.107,1.1072,6.40,12.80
2007.05.03 13:34:51.375,1.107,1.1072,8.80,8.20
2007.05.03 13:34:55.809,1.10695,1.1072,16.00,8.20
2007.05.03 13:34:57.052,1.10695,1.1072,9.60,8.00
2007.05.03 13:34:57.280,1.10695,1.1072,7.20,11.20
2007.05.03 13:34:59.080,1.10695,1.1072,8.80,8.20
2007.05.03 13:35:02.528,1.107,1.1072,0.80,18.10
2007.05.03 13:35:02.961,1.10695,1.1072,0.80,34.30
2007.05.03 13:35:03.635,1.1069,1.1072,34.60,34.60
2007.05.03 13:35:04.776,1.10685,1.1072,39.40,34.60
2007.05.03 13:35:05.039,1.10685,1.1072,38.30,34.60
2007.05.03 13:35:07.507,1.10685,1.1072,38.30,35.40
2007.05.03 13:35:07.739,1.1069,1.1072,11.80,36.20
2007.05.03 13:35:09.051,1.10685,1.1072,38.30,36.00
2007.05.03 13:35:16.791,1.1069,1.1072,1.80,36.00
2007.05.03 13:35:17.087,1.1069,1.1072,14.00,36.00
2007.05.03 13:35:19.027,1.10685,1.1072,39.60,35.90
2007.05.03 13:35:20.077,1.10695,1.1072,0.80,35.90
2007.05.03 13:35:20.357,1.1069,1.1072,33.30,35.70
2007.05.03 13:35:22.034,1.10685,1.1072,38.30,35.70
2007.05.03 13:35:22.540,1.10685,1.10705,18.40,0.80
2007.05.03 13:35:41.064,1.10685,1.1072,37.50,38.00
2007.05.03 13:35:41.396,1.10685,1.1072,38.30,35.90
2007.05.03 13:35:41.767,1.1069,1.1072,15.50,35.90
2007.05.03 13:35:42.000,1.10685,1.1072,39.10,34.30
2007.05.03 13:35:42.707,1.10685,1.1072,39.10,34.40
2007.05.03 13:35:43.999,1.10685,1.1072,39.20,34.40
2007.05.03 13:35:45.742,1.1069,1.1072,34.00,34.40
2007.05.03 13:35:46.018,1.10695,1.1072,0.80,34.40
2007.05.03 13:35:56.869,1.10695,1.1072,0.80,34.30
2007.05.03 13:36:00.213,1.1069,1.1072,35.20,34.30
2007.05.03 13:36:03.276,1.1069,1.1072,35.20,34.00
2007.05.03 13:36:07.287,1.1069,1.1072,35.20,33.90
2007.05.03 13:36:18.777,1.1069,1.1071,2.40,5.60
2007.05.03 13:36:19.106,1.10675,1.1071,48.90,24.20
2007.05.03 13:36:19.361,1.1068,1.1071,6.70,24.20
2007.05.03 13:36:19.585,1.1068,1.1071,36.90,8.00
2007.05.03 13:36:19.797,1.1069,1.1071,25.80,0.50
2007.05.03 13:36:20.693,1.1069,1.1071,23.20,4.50
2007.05.03 13:36:20.938,1.1069,1.1071,10.50,6.10
2007.05.03 13:36:21.165,1.1069,1.1071,8.00,9.30
2007.05.03 13:36:21.380,1.1069,1.1071,26.90,0.50
2007.05.03 13:36:22.238,1.10695,1.1071,4.00,0.50
2007.05.03 13:36:26.166,1.1068,1.1071,42.00,6.10
2007.05.03 13:36:26.446,1.1068,1.1071,12.80,25.40
2007.05.03 13:36:26.735,1.1069,1.1071,2.10,0.50
2007.05.03 13:36:26.941,1.10685,1.1071,28.10,0.50
2007.05.03 13:36:27.146,1.10685,1.1071,4.80,5.30
2007.05.03 13:36:27.392,1.1068,1.1071,44.90,25.50
2007.05.03 13:36:27.690,1.1069,1.1071,3.70,0.80
2007.05.03 13:36:27.912,1.1068,1.1071,44.70,1.60
2007.05.03 13:36:28.197,1.1069,1.1071,6.80,11.20
2007.05.03 13:36:30.634,1.1068,1.1071,44.20,10.90
2007.05.03 13:36:31.152,1.1069,1.1071,1.00,10.40
2007.05.03 13:36:32.467,1.1068,1.1071,44.80,7.20
2007.05.03 13:36:34.484,1.1068,1.1071,45.70,7.20
2007.05.03 13:36:34.753,1.1068,1.1072,43.30,23.10
2007.05.03 13:36:35.003,1.10685,1.1072,24.80,36.60
2007.05.03 13:36:35.376,1.10685,1.1072,27.20,34.20
2007.05.03 13:36:35.642,1.1069,1.1072,2.50,33.80
2007.05.03 13:36:36.110,1.1069,1.1071,5.40,2.60
2007.05.03 13:36:36.323,1.1069,1.10705,2.60,0.80
2007.05.03 13:36:36.785,1.10685,1.1072,27.10,36.20
2007.05.03 13:36:37.011,1.1069,1.1072,4.90,34.80
2007.05.03 13:36:41.570,1.10685,1.1072,27.10,34.90
2007.05.03 13:36:43.411,1.10685,1.1072,27.10,35.20
2007.05.03 13:36:44.549,1.1069,1.1072,7.90,34.90
2007.05.03 13:36:45.225,1.1069,1.1072,7.80,34.90
2007.05.03 13:36:45.909,1.10685,1.1072,26.30,34.40
2007.05.03 13:36:46.211,1.1069,1.1072,5.30,33.60
2007.05.03 13:36:48.679,1.10685,1.1072,27.20,33.70
2007.05.03 13:36:48.907,1.10685,1.1072,28.80,33.70
2007.05.03 13:36:52.054,1.1069,1.1072,9.70,33.60
2007.05.03 13:36:53.957,1.10695,1.1072,0.80,32.00
2007.05.03 13:36:54.294,1.10695,1.1072,0.80,31.90
2007.05.03 13:36:56.883,1.10695,1.1072,0.10,31.90
2007.05.03 13:36:57.122,1.10695,1.1072,0.10,32.60
2007.05.03 13:37:01.538,1.10695,1.1072,0.10,32.40
2007.05.03 13:37:03.935,1.10695,1.1072,0.10,32.10
2007.05.03 13:37:06.825,1.10695,1.1072,0.10,31.90
2007.05.03 13:37:07.053,1.107,1.1072,3.20,26.50
2007.05.03 13:37:10.567,1.10695,1.1072,3.30,26.50
2007.05.03 13:37:13.151,1.1069,1.1072,24.50,9.80
2007.05.03 13:37:13.394,1.1069,1.1072,37.50,28.20
2007.05.03 13:37:14.213,1.10695,1.1072,0.10,28.40
2007.05.03 13:37:14.461,1.1069,1.1072,27.40,28.60
2007.05.03 13:37:15.668,1.1069,1.1072,27.70,28.40
2007.05.03 13:37:18.700,1.1069,1.1072,30.40,27.10
2007.05.03 13:37:19.600,1.1069,1.1072,30.50,26.90
2007.05.03 13:37:20.874,1.10695,1.1072,0.10,26.80
2007.05.03 13:37:21.078,1.1069,1.1072,30.60,27.00
2007.05.03 13:37:21.413,1.10695,1.1072,0.10,27.10
2007.05.03 13:37:23.769,1.1069,1.1072,30.60,26.80
2007.05.03 13:37:24.132,1.10695,1.1072,0.10,26.70
2007.05.03 13:37:29.387,1.1069,1.1072,30.80,26.50
2007.05.03 13:37:42.377,1.10695,1.1072,0.10,29.70
2007.05.03 13:37:42.586,1.10695,1.1071,0.10,7.20
2007.05.03 13:37:46.399,1.10695,1.1072,0.10,24.40
2007.05.03 13:37:46.612,1.10695,1.1072,0.10,20.40
2007.05.03 13:37:46.863,1.10695,1.1072,0.10,18.00
2007.05.03 13:37:47.826,1.10695,1.1072,0.10,33.20
2007.05.03 13:37:49.234,1.10695,1.1072,0.10,33.10
2007.05.03 13:37:52.220,1.10695,1.1072,0.10,33.30
2007.05.03 13:37:52.863,1.10695,1.1072,0.10,33.50
2007.05.03 13:37:53.254,1.10695,1.1072,0.10,33.60
2007.05.03 13:37:55.156,1.10695,1.1072,0.10,33.90
2007.05.03 13:37:55.964,1.10695,1.1071,0.10,19.10
2007.05.03 13:37:59.214,1.1069,1.1071,6.60,19.10
2007.05.03 13:38:00.004,1.1069,1.1071,9.40,19.10
2007.05.03 13:38:00.243,1.10695,1.1071,0.80,19.10
2007.05.03 13:38:01.492,1.1069,1.1071,1.00,28.70
2007.05.03 13:38:01.772,1.1069,1.1071,0.30,28.70
2007.05.03 13:38:02.369,1.1068,1.1071,37.80,31.30
2007.05.03 13:38:02.825,1.1068,1.1071,37.00,31.10
2007.05.03 13:38:06.038,1.1068,1.1071,37.00,31.30
2007.05.03 13:38:09.134,1.1068,1.1071,37.00,31.40
2007.05.03 13:38:13.170,1.1068,1.1071,37.00,31.10
2007.05.03 13:38:13.374,1.1068,1.1071,38.10,31.10
2007.05.03 13:38:16.871,1.1068,1.1071,38.10,0.90
2007.05.03 13:38:17.703,1.1068,1.1071,38.10,0.80
2007.05.03 13:38:18.221,1.1068,1.1071,37.30,0.70
2007.05.03 13:38:21.135,1.1069,1.10715,0.80,39.10
2007.05.03 13:38:23.946,1.107,1.10715,7.20,8.80
2007.05.03 13:38:24.154,1.1071,1.10735,2.60,52.50
2007.05.03 13:38:24.436,1.1071,1.1073,1.00,45.60
2007.05.03 13:38:24.640,1.1071,1.1072,0.30,0.70
2007.05.03 13:38:24.954,1.1071,1.1072,0.30,0.60
2007.05.03 13:38:25.456,1.1071,1.1073,1.80,23.60
2007.05.03 13:38:25.712,1.1071,1.1073,2.60,42.20
2007.05.03 13:38:26.024,1.1071,1.1072,1.80,0.80
2007.05.03 13:38:26.234,1.1071,1.1072,0.30,0.50
2007.05.03 13:38:26.434,1.1071,1.1073,2.60,46.20
2007.05.03 13:38:26.915,1.1071,1.10725,2.60,0.80
2007.05.03 13:38:27.428,1.1071,1.10725,2.60,4.80
2007.05.03 13:38:28.101,1.1071,1.1073,2.60,46.30
2007.05.03 13:38:30.401,1.1071,1.1073,2.60,0.80
2007.05.03 13:38:32.104,1.1071,1.1073,2.60,0.80
2007.05.03 13:38:33.214,1.1071,1.10735,2.60,22.00
2007.05.03 13:38:35.838,1.10705,1.1073,0.80,29.10
2007.05.03 13:38:36.151,1.107,1.1073,4.00,30.70
2007.05.03 13:38:36.500,1.107,1.1072,0.80,0.60
2007.05.03 13:38:36.704,1.10695,1.1072,0.80,0.70
2007.05.03 13:38:36.909,1.10695,1.1072,0.80,0.50
2007.05.03 13:38:37.837,1.10695,1.1072,0.80,0.90
2007.05.03 13:38:39.948,1.10695,1.1073,0.80,57.80
2007.05.03 13:38:40.846,1.10695,1.1072,0.80,0.60
2007.05.03 13:38:41.462,1.10695,1.1072,0.80,0.80
2007.05.03 13:38:49.152,1.10695,1.1072,0.80,18.00
2007.05.03 13:38:49.616,1.107,1.1072,4.00,4.80
2007.05.03 13:38:49.836,1.107,1.1072,5.60,1.60
2007.05.03 13:38:50.071,1.10695,1.1072,3.20,10.80
2007.05.03 13:38:50.367,1.10695,1.1072,3.20,16.40
2007.05.03 13:38:50.632,1.10695,1.1072,0.80,16.40
2007.05.03 13:38:51.102,1.10695,1.1072,0.80,12.40
2007.05.03 13:39:02.076,1.10695,1.1072,0.80,12.50
2007.05.03 13:39:04.409,1.10695,1.1072,0.80,11.10
2007.05.03 13:39:04.690,1.10695,1.1072,0.80,9.50
2007.05.03 13:39:06.465,1.10695,1.1072,0.80,12.40
2007.05.03 13:39:06.936,1.107,1.1072,0.80,11.60
2007.05.03 13:39:08.346,1.107,1.1072,0.80,11.50
2007.05.03 13:39:13.994,1.107,1.1072,0.80,8.60
2007.05.03 13:39:18.772,1.107,1.1072,0.80,10.40
2007.05.03 13:39:18.998,1.107,1.1072,0.80,11.50
2007.05.03 13:39:20.113,1.107,1.1072,0.80,11.20
2007.05.03 13:39:20.740,1.107,1.1072,0.80,7.50
2007.05.03 13:39:22.124,1.107,1.1072,0.80,6.70
2007.05.03 13:39:23.250,1.107,1.1072,0.80,15.00
2007.05.03 13:39:23.642,1.107,1.1072,0.80,19.00
2007.05.03 13:39:28.259,1.107,1.1072,0.80,19.20
2007.05.03 13:39:31.126,1.107,1.1072,5.60,8.50
2007.05.03 13:39:31.671,1.107,1.1072,5.60,8.80
2007.05.03 13:39:34.226,1.107,1.1072,5.60,8.40
2007.05.03 13:39:34.795,1.107,1.1072,5.60,8.80
2007.05.03 13:39:44.577,1.107,1.1072,5.60,0.80
2007.05.03 13:39:44.884,1.107,1.1073,6.40,25.30
2007.05.03 13:39:45.171,1.107,1.1072,7.20,2.20
2007.05.03 13:39:46.066,1.107,1.1072,8.80,2.20
2007.05.03 13:39:46.278,1.107,1.1072,9.60,2.20
2007.05.03 13:39:46.885,1.107,1.1072,8.80,2.20
2007.05.03 13:39:52.200,1.107,1.1072,8.00,2.20
2007.05.03 13:39:56.949,1.107,1.1072,8.00,4.80
2007.05.03 13:40:02.492,1.107,1.1072,8.80,1.60
2007.05.03 13:40:02.857,1.107,1.1073,8.80,28.50
2007.05.03 13:40:03.101,1.107,1.1073,8.80,25.20
2007.05.03 13:40:03.974,1.10695,1.1073,12.00,25.20
2007.05.03 13:40:10.529,1.10695,1.1073,27.90,42.80
2007.05.03 13:40:10.777,1.107,1.1073,9.60,38.80
2007.05.03 13:40:19.559,1.10695,1.1073,31.10,38.80
2007.05.03 13:40:21.368,1.10695,1.1073,28.70,38.80
2007.05.03 13:40:22.123,1.10695,1.1073,28.70,41.10
2007.05.03 13:40:24.284,1.10695,1.1073,28.00,41.10
2007.05.03 13:40:24.615,1.107,1.1073,5.90,41.10
2007.05.03 13:40:25.080,1.10695,1.1072,26.30,0.40
2007.05.03 13:40:38.230,1.107,1.1072,0.50,7.50
2007.05.03 13:40:38.433,1.107,1.1072,1.90,12.30
2007.05.03 13:40:38.660,1.1069,1.1072,35.70,34.80
2007.05.03 13:40:39.152,1.1069,1.1072,35.50,34.50
2007.05.03 13:40:39.428,1.1069,1.1071,35.40,0.40
2007.05.03 13:40:43.946,1.10695,1.1071,4.00,0.40
2007.05.03 13:40:44.263,1.107,1.1072,1.90,22.60
2007.05.03 13:40:44.786,1.10695,1.1071,0.80,0.40
2007.05.03 13:40:45.101,1.10695,1.1072,0.80,7.20
2007.05.03 13:40:45.394,1.107,1.1072,1.40,22.30
2007.05.03 13:40:45.662,1.107,1.1072,2.20,22.30
2007.05.03 13:40:45.896,1.10695,1.1073,30.70,40.80
2007.05.03 13:40:46.232,1.107,1.1073,25.10,40.80
2007.05.03 13:40:46.531,1.10695,1.1073,31.50,40.80
2007.05.03 13:40:48.983,1.107,1.1073,4.30,40.90
2007.05.03 13:40:49.404,1.10695,1.1073,29.80,41.10
2007.05.03 13:40:50.897,1.10695,1.1073,29.10,41.10
2007.05.03 13:40:52.394,1.107,1.1073,21.20,41.90
2007.05.03 13:40:56.338,1.107,1.1073,21.10,41.90
2007.05.03 13:40:59.758,1.107,1.1073,14.60,18.80
2007.05.03 13:41:00.001,1.10705,1.1073,0.80,16.40
2007.05.03 13:41:00.232,1.1071,1.1073,2.40,13.80
2007.05.03 13:41:00.597,1.1071,1.1073,5.60,26.00
2007.05.03 13:41:00.835,1.1071,1.1073,6.40,4.20
2007.05.03 13:41:01.141,1.1071,1.1074,23.90,45.30
2007.05.03 13:41:01.458,1.1071,1.1074,23.90,40.40
2007.05.03 13:41:02.071,1.1071,1.1074,23.90,38.00
2007.05.03 13:41:02.384,1.1071,1.1074,24.70,38.00
2007.05.03 13:41:03.491,1.1071,1.1074,3.80,38.00
2007.05.03 13:41:07.278,1.1071,1.1074,9.50,37.80
2007.05.03 13:41:09.972,1.1071,1.1074,10.50,37.80
2007.05.03 13:41:10.694,1.1071,1.1074,27.50,37.80
2007.05.03 13:41:10.992,1.1072,1.1074,0.40,37.00
2007.05.03 13:41:15.794,1.1071,1.1074,35.70,23.70
2007.05.03 13:41:16.001,1.1072,1.1074,0.40,34.60
2007.05.03 13:41:16.301,1.1071,1.1074,28.30,34.70
2007.05.03 13:41:16.882,1.10715,1.1074,6.10,14.00
2007.05.03 13:41:17.136,1.10715,1.1074,40.10,0.30
2007.05.03 13:41:17.370,1.1072,1.1074,1.50,0.30
2007.05.03 13:41:17.577,1.10715,1.1075,31.70,8.00
2007.05.03 13:41:17.877,1.1071,1.1075,49.30,8.00
2007.05.03 13:41:18.145,1.1072,1.1075,5.10,8.00
2007.05.03 13:41:18.391,1.1072,1.1075,3.30,8.00
2007.05.03 13:41:18.877,1.1072,1.1075,5.30,27.10
2007.05.03 13:41:22.222,1.1072,1.1074,0.90,4.00
2007.05.03 13:41:22.493,1.10715,1.1074,15.60,4.00
2007.05.03 13:41:22.698,1.1071,1.1074,42.80,4.00
2007.05.03 13:41:25.231,1.1071,1.1074,43.70,4.00
2007.05.03 13:41:25.743,1.1071,1.1074,43.60,4.00
2007.05.03 13:41:31.173,1.1072,1.1074,14.10,4.00
2007.05.03 13:41:31.714,1.1072,1.1074,14.20,4.00
2007.05.03 13:41:32.366,1.1072,1.1074,14.10,4.00
2007.05.03 13:41:32.829,1.1072,1.1075,14.10,24.80
2007.05.03 13:41:35.270,1.1072,1.1075,14.20,24.80
2007.05.03 13:41:41.770,1.1072,1.10755,14.20,28.80
2007.05.03 13:41:42.810,1.1072,1.1074,14.20,4.00
2007.05.03 13:41:44.623,1.1072,1.1074,13.40,4.00
2007.05.03 13:41:44.894,1.1072,1.1073,12.80,0.80
2007.05.03 13:41:45.161,1.1072,1.1074,12.80,4.30
2007.05.03 13:41:45.918,1.1072,1.1074,12.30,4.70
2007.05.03 13:41:46.276,1.1072,1.1074,12.20,4.70
2007.05.03 13:41:47.281,1.1072,1.1074,8.50,6.00
2007.05.03 13:41:47.505,1.1071,1.1074,30.30,30.20
2007.05.03 13:41:47.802,1.1072,1.1074,0.80,13.30
2007.05.03 13:41:48.131,1.1072,1.1074,3.20,27.10
2007.05.03 13:41:48.412,1.1071,1.1074,26.30,31.10
2007.05.03 13:41:48.773,1.1071,1.1074,23.90,31.10
2007.05.03 13:41:50.335,1.1072,1.1074,3.20,27.10
2007.05.03 13:41:51.265,1.1072,1.1074,3.20,26.30
2007.05.03 13:41:51.478,1.1072,1.1074,3.30,25.50
2007.05.03 13:41:51.789,1.1072,1.1074,28.60,2.80
2007.05.03 13:41:52.077,1.1072,1.1074,28.80,2.80
2007.05.03 13:41:52.436,1.1072,1.1074,28.60,2.80
2007.05.03 13:41:53.704,1.1072,1.1074,28.00,2.80
2007.05.03 13:41:54.106,1.1072,1.1074,28.30,2.80
2007.05.03 13:41:54.427,1.1072,1.1074,28.90,2.80
2007.05.03 13:41:54.667,1.1072,1.1074,31.60,2.80
2007.05.03 13:41:55.098,1.1072,1.1074,31.40,2.60
2007.05.03 13:41:55.374,1.1072,1.1074,27.60,6.60
2007.05.03 13:41:55.604,1.1072,1.1074,8.40,6.60
2007.05.03 13:41:55.959,1.1072,1.1074,11.40,22.30
2007.05.03 13:41:56.170,1.1072,1.1074,10.20,22.30
2007.05.03 13:41:56.445,1.1072,1.1074,7.60,22.30
2007.05.03 13:41:56.883,1.1072,1.1074,7.60,22.50
2007.05.03 13:41:58.808,1.1072,1.1074,2.40,22.50
2007.05.03 13:42:01.906,1.1071,1.1073,32.00,0.20
2007.05.03 13:42:02.119,1.1071,1.1073,41.50,0.20
2007.05.03 13:42:02.933,1.10705,1.1073,26.40,0.20
2007.05.03 13:42:04.879,1.1071,1.1073,7.70,5.50
2007.05.03 13:42:05.202,1.10705,1.1073,35.10,6.30
2007.05.03 13:42:05.408,1.1071,1.1073,6.70,6.40
2007.05.03 13:42:06.258,1.1071,1.1073,11.60,6.70
2007.05.03 13:42:07.357,1.10705,1.1073,33.50,6.70
2007.05.03 13:42:07.877,1.1071,1.1073,8.50,6.80
2007.05.03 13:42:09.289,1.10705,1.1073,33.50,6.30
2007.05.03 13:42:12.628,1.10705,1.1073,33.50,6.50
2007.05.03 13:42:17.977,1.10705,1.1073,33.50,5.50
2007.05.03 13:42:18.244,1.10705,1.1073,33.50,5.10
2007.05.03 13:42:19.010,1.1071,1.1073,27.10,5.10
2007.05.03 13:42:19.956,1.1071,1.1073,27.10,0.40
2007.05.03 13:42:20.377,1.1071,1.1073,26.40,0.40
2007.05.03 13:42:21.834,1.1071,1.1073,26.31,0.40
2007.05.03 13:42:24.046,1.1071,1.1073,26.31,0.60
2007.05.03 13:42:28.054,1.1072,1.1073,5.60,0.50
2007.05.03 13:42:33.388,1.1072,1.1073,2.40,0.40
2007.05.03 13:42:44.723,1.1072,1.1073,1.60,5.20
2007.05.03 13:42:45.776,1.1072,1.1073,23.20,5.60
2007.05.03 13:42:46.261,1.1072,1.1073,26.20,0.70
2007.05.03 13:42:57.514,1.1072,1.1074,24.00,49.50
2007.05.03 13:43:10.011,1.1072,1.1074,0.80,49.80
2007.05.03 13:43:12.637,1.1072,1.1074,37.10,49.00
2007.05.03 13:43:13.540,1.1072,1.1073,1.60,2.50
2007.05.03 13:43:13.835,1.1072,1.1073,0.50,2.00
2007.05.03 13:43:15.044,1.1072,1.1073,45.70,0.30
2007.05.03 13:43:16.029,1.1072,1.1074,12.20,40.00
2007.05.03 13:43:16.308,1.1072,1.1074,9.40,37.50
2007.05.03 13:43:16.753,1.1072,1.1074,1.20,36.80
2007.05.03 13:43:19.384,1.1072,1.1073,2.30,1.50
2007.05.03 13:43:19.599,1.1072,1.1073,0.40,2.30
2007.05.03 13:43:21.109,1.1072,1.1073,10.80,5.60
2007.05.03 13:43:21.465,1.1072,1.1073,4.80,0.40
2007.05.03 13:43:21.478,1.1071,1.1073,27.11,0.40
2007.05.03 13:43:22.148,1.1072,1.1073,20.70,2.10
2007.05.03 13:43:22.466,1.1071,1.1073,27.11,1.60
2007.05.03 13:43:22.730,1.1072,1.1073,16.40,0.80
2007.05.03 13:43:22.937,1.1071,1.1074,27.11,36.00
2007.05.03 13:43:24.499,1.1072,1.1073,43.50,9.30
2007.05.03 13:43:24.706,1.1072,1.1073,2.40,9.90
2007.05.03 13:43:25.724,1.1071,1.1073,8.81,10.00
2007.05.03 13:43:27.562,1.1072,1.1073,25.20,6.00
2007.05.03 13:43:27.777,1.1072,1.1073,1.90,5.60
2007.05.03 13:43:32.716,1.1072,1.1073,33.20,5.40
2007.05.03 13:43:36.548,1.1071,1.1073,5.61,15.00
2007.05.03 13:43:36.782,1.1072,1.1073,23.60,36.80
2007.05.03 13:43:37.062,1.10695,1.1073,34.60,36.80
2007.05.03 13:43:37.305,1.10695,1.1073,34.30,36.80
2007.05.03 13:43:37.523,1.10695,1.1073,34.30,37.60
2007.05.03 13:43:46.017,1.10695,1.10715,10.40,0.80
2007.05.03 13:43:46.235,1.1069,1.10715,45.90,0.80
2007.05.03 13:43:46.636,1.1069,1.1072,49.10,29.50
2007.05.03 13:43:46.653,1.10695,1.10715,0.80,0.80
2007.05.03 13:43:49.077,1.107,1.10715,3.20,0.80
2007.05.03 13:43:49.740,1.107,1.1072,3.20,0.60
2007.05.03 13:43:52.542,1.107,1.1073,3.20,52.70
2007.05.03 13:43:53.081,1.107,1.1072,6.40,0.90
2007.05.03 13:43:53.438,1.107,1.1073,7.20,36.50
2007.05.03 13:43:53.700,1.107,1.1073,4.80,28.60
2007.05.03 13:43:54.081,1.107,1.1073,23.10,0.70
2007.05.03 13:43:55.719,1.107,1.10735,23.10,48.60
2007.05.03 13:43:57.901,1.107,1.1073,23.10,0.50
2007.05.03 13:43:58.155,1.107,1.1073,23.10,42.30
2007.05.03 13:43:58.631,1.107,1.1073,23.10,47.80
2007.05.03 13:43:59.170,1.107,1.1072,8.00,8.10
2007.05.03 13:44:19.659,1.107,1.10715,9.60,0.80
2007.05.03 13:44:19.861,1.107,1.1072,23.10,3.70
2007.05.03 13:44:20.066,1.1072,1.1073,0.80,9.60
2007.05.03 13:44:20.474,1.1072,1.1073,0.80,3.50
2007.05.03 13:44:20.714,1.1072,1.1073,0.10,2.70
2007.05.03 13:44:20.994,1.1072,1.1073,0.10,1.60
2007.05.03 13:44:21.199,1.1072,1.1073,0.10,5.30
2007.05.03 13:44:21.522,1.1072,1.1073,0.10,5.50
2007.05.03 13:44:21.918,1.1072,1.1073,0.10,6.00
2007.05.03 13:44:22.563,1.1072,1.1073,0.10,6.40
2007.05.03 13:44:23.097,1.1072,1.1073,0.10,0.80
2007.05.03 13:44:23.302,1.1072,1.1074,0.10,40.50
2007.05.03 13:44:23.609,1.1072,1.1073,0.10,0.40
2007.05.03 13:44:27.039,1.1072,1.1074,0.30,17.00
2007.05.03 13:44:27.283,1.1072,1.1074,0.30,16.20
2007.05.03 13:44:27.488,1.1072,1.1074,0.40,13.10
2007.05.03 13:44:27.906,1.1072,1.1074,1.10,12.30
2007.05.03 13:44:28.165,1.1072,1.1074,1.20,12.30
2007.05.03 13:44:28.375,1.1072,1.1074,3.00,12.30
2007.05.03 13:44:29.022,1.1072,1.1074,3.00,11.90
2007.05.03 13:44:29.346,1.1072,1.1074,3.80,11.10
2007.05.03 13:44:30.094,1.1072,1.1074,6.20,26.20
2007.05.03 13:44:31.128,1.1072,1.1074,32.50,2.90
2007.05.03 13:44:31.504,1.1072,1.1074,33.30,2.70
2007.05.03 13:44:32.570,1.1072,1.1074,33.20,2.70
2007.05.03 13:44:38.087,1.1072,1.1074,33.90,2.70
2007.05.03 13:44:39.625,1.1072,1.1074,34.00,2.70
2007.05.03 13:44:44.941,1.1072,1.1075,37.00,32.70
2007.05.03 13:44:45.156,1.1073,1.10755,13.70,0.80
2007.05.03 13:44:45.445,1.1073,1.10755,28.80,0.80
2007.05.03 13:44:45.691,1.1073,1.10755,32.80,0.80
2007.05.03 13:44:46.049,1.1073,1.10755,33.60,0.80
2007.05.03 13:44:48.167,1.1073,1.10755,34.10,0.80
2007.05.03 13:44:48.986,1.10725,1.10755,40.50,0.80
2007.05.03 13:44:51.531,1.10725,1.10755,40.70,0.80
2007.05.03 13:44:52.578,1.1073,1.10755,16.90,0.80
2007.05.03 13:44:53.740,1.1074,1.10755,1.70,0.80
2007.05.03 13:44:59.162,1.1072,1.10755,74.30,0.80
2007.05.03 13:44:59.476,1.1073,1.10755,18.80,0.80
2007.05.03 13:45:00.727,1.1073,1.10755,18.00,0.80
2007.05.03 13:45:03.892,1.1074,1.10755,0.80,0.80
2007.05.03 13:45:09.367,1.1073,1.10755,13.10,0.80
2007.05.03 13:45:10.265,1.1073,1.10755,15.30,0.80
2007.05.03 13:45:13.913,1.1073,1.10755,41.60,0.80
2007.05.03 13:45:14.286,1.1073,1.10755,16.90,0.80
2007.05.03 13:45:16.633,1.1073,1.10755,13.30,0.80
2007.05.03 13:45:17.583,1.1073,1.10755,41.90,0.80
2007.05.03 13:45:19.096,1.1073,1.10755,42.40,0.80
2007.05.03 13:45:20.447,1.1074,1.10755,0.80,0.80
2007.05.03 13:45:20.774,1.1073,1.10755,17.60,0.80
2007.05.03 13:45:22.076,1.1073,1.10755,17.50,0.80
2007.05.03 13:45:26.980,1.1073,1.10755,21.50,0.80
2007.05.03 13:45:27.247,1.1073,1.10755,36.60,0.80
2007.05.03 13:45:27.459,1.1073,1.10755,37.00,0.80
2007.05.03 13:45:30.521,1.1073,1.10755,41.80,0.80
2007.05.03 13:45:31.243,1.1074,1.10755,3.20,0.80
2007.05.03 13:45:32.223,1.1074,1.1076,3.20,29.00
2007.05.03 13:45:33.724,1.1074,1.1076,3.20,0.70
2007.05.03 13:45:34.331,1.1074,1.10765,4.00,22.60
2007.05.03 13:45:35.665,1.1074,1.10765,4.00,22.50
2007.05.03 13:45:36.550,1.1074,1.1076,4.00,0.70
2007.05.03 13:45:41.865,1.1075,1.10765,6.40,0.80
2007.05.03 13:45:42.099,1.1075,1.10765,12.00,0.80
2007.05.03 13:45:43.921,1.1075,1.1077,12.80,9.10
2007.05.03 13:45:45.885,1.1075,1.1077,8.00,10.70
2007.05.03 13:45:46.289,1.1075,1.1077,3.20,11.60
2007.05.03 13:45:46.608,1.1074,1.10765,26.70,0.80
2007.05.03 13:45:51.232,1.1074,1.1076,17.60,0.50
2007.05.03 13:45:51.519,1.1074,1.1076,17.50,0.70
2007.05.03 13:45:54.930,1.1074,1.1076,21.50,0.90
2007.05.03 13:45:55.141,1.1074,1.1077,21.50,41.90
2007.05.03 13:45:56.283,1.1074,1.1077,20.70,39.50
2007.05.03 13:45:56.631,1.1074,1.1077,5.60,32.40
2007.05.03 13:45:56.855,1.1074,1.1076,16.70,0.90
2007.05.03 13:46:00.307,1.1074,1.1077,4.90,33.30
2007.05.03 13:46:00.526,1.1074,1.1077,5.70,26.90
2007.05.03 13:46:00.746,1.1074,1.1077,21.60,35.60
2007.05.03 13:46:01.765,1.10745,1.10765,0.80,0.80
2007.05.03 13:46:02.211,1.1075,1.10765,3.20,0.80
2007.05.03 13:46:02.993,1.10745,1.1076,0.80,10.80
2007.05.03 13:46:03.210,1.1073,1.10755,24.80,0.80
2007.05.03 13:46:03.508,1.1073,1.10755,24.70,0.80
2007.05.03 13:46:04.069,1.1073,1.10755,23.90,0.80
2007.05.03 13:46:04.282,1.1073,1.10755,22.30,0.80
2007.05.03 13:46:04.858,1.1073,1.10755,26.30,0.80
2007.05.03 13:46:05.083,1.1074,1.1076,3.20,23.30
2007.05.03 13:46:05.365,1.1074,1.1076,3.20,22.30
2007.05.03 13:46:05.979,1.1074,1.1076,4.00,21.50
2007.05.03 13:46:06.790,1.1074,1.10755,0.80,0.80
2007.05.03 13:46:07.012,1.1073,1.10755,41.40,0.80
2007.05.03 13:46:19.422,1.1073,1.10755,41.60,0.80
2007.05.03 13:46:20.037,1.1073,1.10755,42.30,0.80
2007.05.03 13:46:21.190,1.1073,1.10755,41.60,0.80
2007.05.03 13:46:27.801,1.1073,1.10755,18.40,0.80
2007.05.03 13:46:28.026,1.1073,1.10755,17.40,0.80
2007.05.03 13:46:28.614,1.1073,1.10755,17.10,0.80
2007.05.03 13:46:28.982,1.1073,1.10755,17.20,0.80
2007.05.03 13:46:29.556,1.1073,1.10755,6.20,0.80
2007.05.03 13:46:30.736,1.10725,1.10755,21.20,0.80
2007.05.03 13:46:32.111,1.1073,1.10755,8.10,0.80
2007.05.03 13:46:32.330,1.10725,1.10755,40.40,0.80
2007.05.03 13:46:32.706,1.1073,1.10755,8.10,0.80
2007.05.03 13:46:33.043,1.1073,1.10755,6.60,0.80
2007.05.03 13:46:33.345,1.10725,1.10755,41.60,0.80
2007.05.03 13:46:34.874,1.10725,1.1076,41.90,30.30
2007.05.03 13:46:38.237,1.10725,1.1076,42.10,30.30
2007.05.03 13:46:38.629,1.10725,1.1076,45.60,30.30
2007.05.03 13:46:38.860,1.1073,1.1076,40.50,23.90
2007.05.03 13:46:39.100,1.1074,1.1076,0.90,22.30
2007.05.03 13:46:41.221,1.1074,1.1076,1.10,19.10
2007.05.03 13:46:44.007,1.1073,1.1076,43.30,19.10
2007.05.03 13:46:46.654,1.1073,1.1076,42.30,19.10
2007.05.03 13:46:49.210,1.10735,1.10765,11.30,0.80
2007.05.03 13:46:49.426,1.1074,1.10765,9.20,0.80
2007.05.03 13:46:49.701,1.1073,1.1076,47.50,7.20
2007.05.03 13:46:50.071,1.1073,1.1076,45.90,7.30
2007.05.03 13:46:50.798,1.1073,1.1076,46.00,0.20
2007.05.03 13:46:51.136,1.1073,1.1076,46.00,0.50
2007.05.03 13:46:51.347,1.10735,1.1076,27.10,0.20
2007.05.03 13:46:51.993,1.10735,1.1076,8.80,2.50
2007.05.03 13:46:52.210,1.1073,1.10755,39.50,0.80
2007.05.03 13:46:52.418,1.1073,1.10755,14.40,0.80
2007.05.03 13:46:53.696,1.10725,1.10755,37.70,0.80
2007.05.03 13:46:54.603,1.10725,1.10755,37.60,0.80
2007.05.03 13:46:56.868,1.10725,1.1076,33.60,8.30
2007.05.03 13:46:57.098,1.1074,1.1076,0.70,23.40
2007.05.03 13:47:00.904,1.1074,1.1076,1.80,25.60
2007.05.03 13:47:01.177,1.1073,1.10755,40.10,0.80
2007.05.03 13:47:01.764,1.1073,1.1076,40.10,23.10
2007.05.03 13:47:02.064,1.1073,1.1076,40.10,22.30
2007.05.03 13:47:06.893,1.1073,1.10765,44.10,23.90
2007.05.03 13:47:09.041,1.1073,1.10755,34.50,4.80
2007.05.03 13:47:09.378,1.1074,1.1075,0.80,0.50
2007.05.03 13:47:09.762,1.1072,1.10755,30.80,11.20
2007.05.03 13:47:12.036,1.1073,1.1074,0.90,0.80
2007.05.03 13:47:12.418,1.1072,1.1075,28.10,9.90
2007.05.03 13:47:12.624,1.1073,1.1074,0.80,0.80
2007.05.03 13:47:13.231,1.1072,1.1075,24.10,11.40
2007.05.03 13:47:13.453,1.10715,1.1075,48.00,28.90
2007.05.03 13:47:13.677,1.10715,1.1075,47.90,28.90
2007.05.03 13:47:13.974,1.10715,1.1075,29.50,34.70
2007.05.03 13:47:14.265,1.1072,1.1074,0.80,0.60
2007.05.03 13:47:14.611,1.1072,1.1074,0.70,0.70
2007.05.03 13:47:16.016,1.1072,1.1075,34.40,33.30
2007.05.03 13:47:16.249,1.1072,1.1074,34.40,0.60
2007.05.03 13:47:16.869,1.1072,1.1074,34.40,0.50
2007.05.03 13:47:17.282,1.1072,1.10755,34.40,37.50
2007.05.03 13:47:17.851,1.1072,1.1075,34.40,0.60
2007.05.03 13:47:18.313,1.1072,1.10755,35.20,35.90
2007.05.03 13:47:19.033,1.1072,1.1075,35.60,0.80
2007.05.03 13:47:19.450,1.1072,1.10755,36.30,35.90
2007.05.03 13:47:19.713,1.1072,1.1075,37.10,0.90
2007.05.03 13:47:20.326,1.1072,1.1075,37.20,0.60
2007.05.03 13:47:20.685,1.1072,1.1074,37.20,0.90
