2008.02.18 12:00:00.282,1.008,1.0082,0.60,0.06
2008.02.18 12:00:00.577,1.008,1.0082,0.60,0.06
2008.02.18 12:00:00.834,1.008,1.0082,0.60,0.06
2008.02.18 12:00:01.094,1.008,1.0082,0.60,0.06
2008.02.18 12:00:01.375,1.008,1.0082,0.60,0.06
2008.02.18 12:00:01.600,1.008,1.0082,0.60,0.06
2008.02.18 12:00:01.844,1.008,1.0082,0.60,0.06
2008.02.18 12:00:02.341,1.008,1.0082,0.60,0.06
2008.02.18 12:00:02.599,1.008,1.0082,0.60,0.06
2008.02.18 12:00:02.860,1.008,1.0082,0.60,0.06
2008.02.18 12:00:03.127,1.008,1.0082,0.60,0.06
2008.02.18 12:00:03.388,1.008,1.0082,0.60,0.06
2008.02.18 12:00:03.647,1.008,1.0082,0.60,0.06
2008.02.18 12:00:04.151,1.008,1.0082,0.60,0.06
2008.02.18 12:00:04.385,1.008,1.0082,0.60,0.06
2008.02.18 12:00:04.620,1.008,1.0082,0.60,0.06
2008.02.18 12:00:04.904,1.008,1.0082,0.60,0.06
2008.02.18 12:00:05.208,1.008,1.0082,0.60,0.06
2008.02.18 12:00:05.502,1.008,1.0082,0.60,0.06
2008.02.18 12:00:05.777,1.008,1.0082,0.60,0.06
2008.02.18 12:00:05.998,1.008,1.0082,0.60,0.06
2008.02.18 12:00:06.218,1.008,1.0082,0.60,0.06
2008.02.18 12:00:06.448,1.008,1.0082,0.60,0.06
2008.02.18 12:00:06.657,1.008,1.0082,0.60,0.06
2008.02.18 12:00:06.936,1.008,1.0082,0.60,0.06
2008.02.18 12:00:07.433,1.008,1.0082,0.60,0.06
2008.02.18 12:00:07.712,1.00795,1.00815,0.60,0.06
2008.02.18 12:00:07.968,1.00795,1.00815,0.60,0.06
2008.02.18 12:00:08.231,1.00795,1.00815,0.60,0.06
2008.02.18 12:00:08.545,1.00795,1.00815,0.60,0.06
2008.02.18 12:00:08.866,1.00795,1.00815,0.60,0.06
2008.02.18 12:00:09.892,1.00795,1.00815,0.60,0.06
2008.02.18 12:00:10.847,1.008,1.0082,0.60,0.06
2008.02.18 12:00:11.166,1.008,1.0082,0.60,0.06
2008.02.18 12:00:11.484,1.008,1.0082,0.60,0.06
2008.02.18 12:00:11.805,1.008,1.0082,0.60,0.06
2008.02.18 12:00:11.974,1.008,1.0082,0.60,0.06
2008.02.18 12:00:12.142,1.008,1.0082,0.60,0.06
2008.02.18 12:00:12.312,1.008,1.0082,0.60,0.06
2008.02.18 12:00:12.524,1.008,1.0082,0.60,0.06
2008.02.18 12:00:12.741,1.008,1.0082,0.60,0.06
2008.02.18 12:00:13.106,1.008,1.0082,0.60,0.06
2008.02.18 12:00:15.921,1.00795,1.0081,0.20,0.06
2008.02.18 12:00:16.033,1.00795,1.0081,0.20,0.06
2008.02.18 12:00:16.147,1.00795,1.0081,0.20,0.06
2008.02.18 12:00:16.289,1.00795,1.0081,0.20,0.06
2008.02.18 12:00:16.403,1.00795,1.0081,0.20,0.06
2008.02.18 12:00:16.516,1.00795,1.0081,0.20,0.06
2008.02.18 12:00:16.632,1.00795,1.0081,0.20,0.06
2008.02.18 12:00:18.021,1.00795,1.00815,0.60,0.06
2008.02.18 12:00:18.197,1.00795,1.00815,0.60,0.06
2008.02.18 12:00:18.454,1.00795,1.00815,0.60,0.06
2008.02.18 12:00:18.832,1.008,1.0082,0.60,0.20
2008.02.18 12:00:19.010,1.008,1.0082,0.60,0.06
2008.02.18 12:00:19.190,1.008,1.0082,0.60,0.06
2008.02.18 12:00:19.457,1.008,1.0082,0.70,0.06
2008.02.18 12:00:19.722,1.008,1.0082,0.80,0.06
2008.02.18 12:00:20.145,1.008,1.0082,0.80,0.06
2008.02.18 12:00:20.566,1.008,1.0082,0.80,0.06
2008.02.18 12:00:23.416,1.008,1.0082,0.80,0.06
2008.02.18 12:00:23.621,1.00805,1.0082,0.20,0.06
2008.02.18 12:00:23.825,1.00805,1.0082,0.20,0.06
2008.02.18 12:00:24.028,1.00805,1.0082,0.20,0.06
2008.02.18 12:00:24.231,1.00805,1.0082,0.20,0.06
2008.02.18 12:00:26.401,1.0082,1.00825,0.60,3.20
2008.02.18 12:00:26.486,1.0082,1.0083,0.60,0.50
2008.02.18 12:00:26.571,1.0082,1.00835,0.60,2.40
2008.02.18 12:00:26.655,1.0082,1.0084,0.60,0.20
2008.02.18 12:00:26.749,1.0082,1.0084,0.60,0.20
2008.02.18 12:00:26.823,1.0082,1.0084,0.60,0.20
2008.02.18 12:00:26.907,1.0082,1.0084,0.60,0.20
2008.02.18 12:00:26.992,1.00825,1.0084,0.20,0.06
2008.02.18 12:00:27.075,1.00825,1.0084,0.20,0.06
2008.02.18 12:00:27.205,1.00825,1.0084,0.20,0.06
2008.02.18 12:00:27.345,1.00825,1.0084,0.20,0.06
2008.02.18 12:00:27.430,1.00825,1.0084,0.20,0.06
2008.02.18 12:00:27.577,1.00825,1.0084,0.20,0.06
2008.02.18 12:00:28.285,1.00825,1.0084,0.20,0.06
2008.02.18 12:00:28.499,1.00825,1.0084,0.20,0.06
2008.02.18 12:00:28.721,1.00825,1.0084,0.20,0.06
2008.02.18 12:00:29.696,1.00825,1.0084,0.20,0.06
2008.02.18 12:00:30.442,1.00825,1.00835,0.20,0.06
2008.02.18 12:00:30.515,1.00825,1.00835,0.20,0.06
2008.02.18 12:00:30.590,1.0082,1.00835,0.20,0.06
2008.02.18 12:00:30.763,1.0082,1.00835,0.20,0.06
2008.02.18 12:00:30.921,1.0082,1.00835,0.20,0.06
2008.02.18 12:00:31.036,1.0082,1.00835,0.20,0.06
2008.02.18 12:00:31.155,1.0082,1.00835,0.20,0.06
2008.02.18 12:00:35.354,1.0082,1.00835,0.20,0.06
2008.02.18 12:00:36.398,1.0082,1.00835,0.20,0.06
2008.02.18 12:00:36.979,1.0082,1.00835,0.20,0.06
2008.02.18 12:00:37.076,1.0083,1.00845,0.20,1.00
2008.02.18 12:00:37.185,1.0083,1.00845,0.20,0.06
2008.02.18 12:00:37.294,1.0083,1.00845,0.20,0.06
2008.02.18 12:00:37.402,1.0083,1.00845,0.20,0.06
2008.02.18 12:00:37.580,1.00825,1.00845,0.60,0.06
2008.02.18 12:00:37.689,1.00825,1.00845,0.60,0.06
2008.02.18 12:00:38.007,1.00825,1.00845,0.60,0.06
2008.02.18 12:00:38.265,1.00825,1.00845,0.60,0.06
2008.02.18 12:00:38.524,1.0082,1.0084,1.60,0.06
2008.02.18 12:00:38.783,1.0082,1.0084,1.60,0.06
2008.02.18 12:00:39.041,1.0082,1.0084,0.80,0.06
2008.02.18 12:00:39.701,1.0082,1.0084,0.80,0.06
2008.02.18 12:00:39.916,1.0082,1.0084,0.80,0.06
2008.02.18 12:00:48.974,1.0082,1.0084,0.80,0.30
2008.02.18 12:00:49.083,1.0082,1.00835,0.50,0.06
2008.02.18 12:00:49.192,1.0082,1.00835,0.50,0.06
2008.02.18 12:00:49.867,1.0082,1.00835,0.50,0.06
2008.02.18 12:00:50.443,1.0082,1.0084,0.80,0.30
2008.02.18 12:00:50.757,1.0082,1.0084,0.80,0.06
2008.02.18 12:00:50.951,1.0082,1.0084,0.80,0.06
2008.02.18 12:00:51.145,1.0082,1.0084,0.80,0.06
2008.02.18 12:00:51.839,1.0082,1.0084,0.80,0.06
2008.02.18 12:00:52.073,1.0082,1.00835,0.50,0.06
2008.02.18 12:00:52.307,1.0082,1.00835,0.50,0.06
2008.02.18 12:00:53.884,1.0082,1.00835,0.50,0.06
2008.02.18 12:00:59.102,1.0082,1.00835,0.50,0.06
2008.02.18 12:01:06.518,1.0082,1.0084,0.80,0.30
2008.02.18 12:01:06.608,1.0083,1.0084,0.20,0.06
2008.02.18 12:01:06.941,1.0083,1.0084,0.20,0.06
2008.02.18 12:01:07.275,1.0083,1.0084,0.20,0.06
2008.02.18 12:01:07.609,1.0083,1.0084,0.20,0.06
2008.02.18 12:01:08.815,1.0083,1.0084,0.20,0.06
2008.02.18 12:01:10.147,1.0083,1.0084,0.20,0.06
2008.02.18 12:01:10.360,1.0083,1.0084,0.20,0.06
2008.02.18 12:01:17.291,1.0083,1.0084,0.20,0.06
2008.02.18 12:01:22.879,1.0083,1.0084,0.20,0.06
2008.02.18 12:01:23.080,1.0083,1.0084,0.20,0.06
2008.02.18 12:01:24.650,1.0083,1.0084,0.20,0.06
2008.02.18 12:01:28.486,1.0083,1.00835,0.20,0.06
2008.02.18 12:01:28.714,1.0083,1.00835,0.20,0.06
2008.02.18 12:01:28.890,1.0083,1.00835,0.20,0.06
2008.02.18 12:01:28.982,1.0083,1.00835,0.20,0.06
2008.02.18 12:01:29.091,1.0083,1.00835,0.20,0.06
2008.02.18 12:01:29.184,1.0083,1.00835,0.20,0.06
2008.02.18 12:01:29.316,1.0083,1.00835,0.20,0.06
2008.02.18 12:01:29.414,1.0083,1.00835,0.20,0.06
2008.02.18 12:01:41.868,1.0083,1.00835,0.20,0.06
2008.02.18 12:01:42.551,1.0083,1.00835,0.20,0.06
2008.02.18 12:01:42.734,1.0083,1.0084,0.20,0.20
2008.02.18 12:01:42.919,1.0083,1.00835,0.20,0.70
2008.02.18 12:01:43.102,1.0083,1.00835,0.20,0.60
2008.02.18 12:01:44.126,1.0083,1.00835,0.20,0.50
2008.02.18 12:01:44.365,1.0083,1.00835,0.20,0.70
2008.02.18 12:01:44.550,1.0083,1.00835,0.20,0.70
2008.02.18 12:01:44.733,1.0083,1.00835,0.20,0.60
2008.02.18 12:01:44.930,1.0083,1.0084,0.20,1.00
2008.02.18 12:01:45.114,1.0083,1.00835,0.20,0.20
2008.02.18 12:01:45.333,1.0083,1.0084,0.20,0.20
2008.02.18 12:01:45.552,1.0083,1.0084,0.20,0.20
2008.02.18 12:01:45.771,1.0083,1.0084,0.20,0.20
2008.02.18 12:01:46.328,1.0083,1.0084,0.20,0.20
2008.02.18 12:01:46.532,1.0083,1.00835,0.20,0.50
2008.02.18 12:01:46.737,1.0083,1.00835,0.20,0.50
2008.02.18 12:01:46.940,1.0083,1.00835,0.20,1.30
2008.02.18 12:01:47.234,1.0083,1.00835,0.20,1.30
2008.02.18 12:01:47.473,1.0083,1.00835,0.20,0.50
2008.02.18 12:01:47.711,1.0083,1.00835,0.20,0.60
2008.02.18 12:01:47.950,1.0083,1.00835,0.20,1.30
2008.02.18 12:01:49.119,1.0083,1.00835,0.20,1.30
2008.02.18 12:01:49.222,1.0083,1.00835,0.20,1.30
2008.02.18 12:01:49.328,1.0083,1.00835,0.20,1.30
2008.02.18 12:01:50.034,1.0083,1.00835,0.20,1.40
2008.02.18 12:01:50.288,1.0083,1.00835,0.20,0.50
2008.02.18 12:01:50.553,1.0083,1.0084,0.20,0.20
2008.02.18 12:01:50.762,1.0083,1.00835,0.20,0.60
2008.02.18 12:01:50.971,1.0083,1.00835,0.20,1.40
2008.02.18 12:01:51.823,1.0083,1.00835,0.20,1.40
2008.02.18 12:01:52.292,1.0083,1.00835,0.20,1.40
2008.02.18 12:01:52.467,1.0083,1.00835,0.20,0.50
2008.02.18 12:01:52.646,1.0083,1.0084,0.20,0.20
2008.02.18 12:01:52.843,1.0083,1.0084,0.20,1.00
2008.02.18 12:01:53.580,1.0083,1.0084,0.20,1.00
2008.02.18 12:01:53.873,1.0083,1.0084,0.20,1.00
2008.02.18 12:01:54.086,1.0083,1.0084,0.20,1.00
2008.02.18 12:01:54.684,1.0083,1.00835,0.20,0.30
2008.02.18 12:01:54.929,1.0083,1.00835,0.20,0.50
2008.02.18 12:01:55.173,1.0083,1.00835,0.20,0.60
2008.02.18 12:01:55.417,1.0083,1.00835,0.20,0.50
2008.02.18 12:01:55.582,1.0083,1.00835,0.20,0.60
2008.02.18 12:01:55.746,1.0083,1.00835,0.20,0.60
2008.02.18 12:01:55.910,1.0083,1.00835,0.20,1.20
2008.02.18 12:01:57.247,1.0083,1.00835,0.20,1.30
2008.02.18 12:01:57.310,1.0083,1.00835,0.20,1.30
2008.02.18 12:01:57.374,1.0083,1.00835,0.20,1.30
2008.02.18 12:01:58.320,1.0083,1.00835,0.20,1.30
2008.02.18 12:01:59.339,1.0083,1.00835,0.20,1.30
2008.02.18 12:01:59.368,1.0083,1.00835,0.20,0.50
2008.02.18 12:01:59.571,1.0083,1.00835,0.20,0.50
2008.02.18 12:02:14.844,1.0083,1.00835,0.20,0.50
2008.02.18 12:02:14.962,1.0083,1.00835,0.20,0.50
2008.02.18 12:02:16.351,1.0083,1.00835,0.20,0.50
2008.02.18 12:02:17.376,1.0083,1.00835,0.20,0.50
2008.02.18 12:02:20.263,1.0083,1.00835,0.20,0.50
2008.02.18 12:02:29.071,1.0083,1.00835,0.20,0.50
2008.02.18 12:02:30.092,1.0083,1.00835,0.20,0.50
2008.02.18 12:02:31.147,1.0083,1.00835,0.20,0.50
2008.02.18 12:02:31.211,1.0083,1.00835,0.20,0.50
2008.02.18 12:02:31.288,1.0083,1.00835,0.20,0.50
2008.02.18 12:02:31.352,1.0083,1.00835,0.20,0.50
2008.02.18 12:02:31.415,1.0083,1.00835,0.20,0.60
2008.02.18 12:02:31.480,1.0082,1.00825,0.80,0.30
2008.02.18 12:02:31.625,1.0082,1.00825,0.80,0.30
2008.02.18 12:02:32.272,1.0082,1.00825,0.80,0.30
2008.02.18 12:02:32.390,1.0082,1.00825,1.60,0.30
2008.02.18 12:02:32.550,1.0082,1.00825,1.60,0.30
2008.02.18 12:02:33.335,1.0082,1.00825,1.60,0.30
2008.02.18 12:02:33.393,1.0083,1.00835,0.20,0.40
2008.02.18 12:02:33.548,1.0083,1.00845,0.20,0.60
2008.02.18 12:02:33.606,1.0083,1.00845,0.20,0.50
2008.02.18 12:02:33.664,1.0083,1.00835,0.20,0.30
2008.02.18 12:02:33.722,1.0083,1.00835,0.20,0.30
2008.02.18 12:02:33.809,1.0083,1.00835,0.20,0.30
2008.02.18 12:02:33.871,1.0083,1.00835,0.20,0.30
2008.02.18 12:02:34.570,1.0083,1.00835,0.20,0.30
2008.02.18 12:02:34.878,1.0083,1.00835,0.20,0.30
2008.02.18 12:02:35.234,1.0083,1.00835,0.20,0.50
2008.02.18 12:02:35.362,1.0083,1.00845,0.20,0.60
2008.02.18 12:02:35.491,1.0083,1.00835,0.20,0.50
2008.02.18 12:02:35.760,1.0083,1.00835,0.20,0.30
2008.02.18 12:02:36.045,1.0083,1.00835,0.20,0.50
2008.02.18 12:02:37.054,1.0083,1.00835,0.20,0.50
2008.02.18 12:02:37.897,1.0083,1.00835,0.20,0.50
2008.02.18 12:02:38.815,1.0083,1.00835,0.20,0.50
2008.02.18 12:02:41.802,1.0083,1.00835,0.20,0.50
2008.02.18 12:02:41.871,1.0083,1.00835,0.20,0.60
2008.02.18 12:02:41.887,1.0083,1.00835,0.20,0.60
2008.02.18 12:02:41.926,1.0083,1.00835,0.20,0.50
2008.02.18 12:02:41.966,1.0083,1.00835,0.20,0.60
2008.02.18 12:02:42.055,1.0083,1.00835,0.20,0.50
2008.02.18 12:02:42.117,1.0083,1.00835,0.20,0.50
2008.02.18 12:02:42.169,1.0083,1.00835,0.20,0.50
2008.02.18 12:02:42.207,1.0083,1.00835,0.20,0.60
2008.02.18 12:02:42.247,1.0082,1.00835,0.50,0.60
2008.02.18 12:02:42.286,1.0082,1.00825,0.50,0.60
2008.02.18 12:02:42.326,1.0082,1.00825,0.20,0.60
2008.02.18 12:02:42.370,1.0082,1.00825,0.20,0.70
2008.02.18 12:02:42.409,1.0082,1.00825,0.20,0.70
2008.02.18 12:02:42.472,1.0082,1.00825,0.20,0.70
2008.02.18 12:02:42.509,1.0082,1.00825,0.20,0.70
2008.02.18 12:02:42.579,1.0082,1.00825,0.20,0.80
2008.02.18 12:02:42.637,1.0082,1.00825,0.20,0.80
2008.02.18 12:02:42.675,1.00815,1.0082,0.10,0.06
2008.02.18 12:02:42.747,1.00815,1.0082,0.10,0.06
2008.02.18 12:02:42.795,1.0081,1.0082,0.20,0.06
2008.02.18 12:02:43.063,1.0081,1.0082,0.20,0.06
2008.02.18 12:02:43.332,1.0081,1.0082,0.20,0.06
2008.02.18 12:02:43.600,1.0081,1.0082,0.20,0.06
2008.02.18 12:02:43.870,1.0081,1.0082,0.20,0.06
2008.02.18 12:02:44.061,1.0081,1.0082,0.20,0.06
2008.02.18 12:02:44.382,1.0081,1.0082,0.20,0.06
2008.02.18 12:02:44.873,1.0081,1.00815,0.20,0.40
2008.02.18 12:02:45.002,1.0081,1.00815,0.20,0.60
2008.02.18 12:02:45.172,1.0081,1.00815,0.20,0.50
2008.02.18 12:02:45.446,1.0081,1.00815,0.20,0.50
2008.02.18 12:02:45.552,1.0081,1.00815,0.20,0.50
2008.02.18 12:02:45.695,1.0081,1.00815,0.20,0.50
2008.02.18 12:02:45.752,1.0081,1.00815,0.20,0.50
2008.02.18 12:02:45.811,1.0081,1.00815,0.20,0.50
2008.02.18 12:02:45.880,1.0081,1.00815,0.20,0.50
2008.02.18 12:02:45.991,1.0081,1.00815,0.20,0.60
2008.02.18 12:02:46.095,1.0081,1.00815,0.20,0.60
2008.02.18 12:02:46.198,1.00805,1.00815,2.40,0.60
2008.02.18 12:02:46.373,1.00805,1.00815,2.40,0.60
2008.02.18 12:02:46.637,1.00805,1.00815,2.40,0.60
2008.02.18 12:02:47.238,1.0081,1.00815,0.20,0.60
2008.02.18 12:02:47.317,1.0081,1.00815,0.20,0.60
2008.02.18 12:02:47.447,1.0081,1.00815,0.20,0.60
2008.02.18 12:02:47.615,1.0081,1.00815,0.20,1.40
2008.02.18 12:02:47.770,1.00805,1.00815,2.40,1.40
2008.02.18 12:02:47.849,1.00805,1.00815,2.40,1.40
2008.02.18 12:02:47.938,1.00805,1.00815,2.40,1.40
2008.02.18 12:02:48.222,1.0081,1.00815,0.20,1.40
2008.02.18 12:02:48.366,1.0081,1.00815,0.20,1.40
2008.02.18 12:02:48.626,1.0081,1.00815,0.20,1.40
2008.02.18 12:02:49.315,1.0081,1.00815,0.20,1.40
2008.02.18 12:02:49.459,1.0081,1.00815,0.20,0.60
2008.02.18 12:02:49.602,1.0081,1.00815,0.20,1.40
2008.02.18 12:02:50.675,1.0081,1.00815,0.20,1.40
2008.02.18 12:02:51.305,1.0081,1.00815,0.20,1.40
2008.02.18 12:02:51.500,1.0081,1.00815,0.20,0.60
2008.02.18 12:02:51.694,1.0081,1.00815,0.20,1.40
2008.02.18 12:02:52.508,1.008,1.00805,0.40,0.40
2008.02.18 12:02:53.138,1.008,1.00805,0.50,0.40
2008.02.18 12:02:53.283,1.00805,1.0081,2.40,0.06
2008.02.18 12:02:53.430,1.00805,1.0081,2.40,0.06
2008.02.18 12:02:53.574,1.0079,1.00805,1.60,0.50
2008.02.18 12:02:53.718,1.0079,1.00795,0.80,0.30
2008.02.18 12:02:53.862,1.0079,1.00795,0.80,0.30
2008.02.18 12:02:54.065,1.0079,1.00795,0.80,0.30
2008.02.18 12:02:54.209,1.0079,1.00795,0.50,0.30
2008.02.18 12:02:54.542,1.0079,1.00795,0.50,0.30
2008.02.18 12:02:54.888,1.0079,1.00795,0.50,0.30
2008.02.18 12:02:55.305,1.0079,1.00795,0.50,0.30
2008.02.18 12:02:55.467,1.0079,1.00805,0.50,0.70
2008.02.18 12:02:55.631,1.0079,1.00805,0.50,0.60
2008.02.18 12:02:55.796,1.0079,1.00795,0.80,0.30
2008.02.18 12:02:55.960,1.0079,1.00795,0.80,0.30
2008.02.18 12:02:56.124,1.0079,1.00805,0.80,0.30
2008.02.18 12:02:56.289,1.0079,1.00805,0.50,0.60
2008.02.18 12:02:56.517,1.0079,1.00795,0.50,0.40
2008.02.18 12:02:56.746,1.0079,1.00795,0.50,0.40
2008.02.18 12:02:57.365,1.0079,1.00795,0.50,0.40
2008.02.18 12:02:58.095,1.0079,1.00795,0.50,0.40
2008.02.18 12:02:58.296,1.0079,1.00805,0.50,1.40
2008.02.18 12:02:58.440,1.0079,1.00805,0.50,0.60
2008.02.18 12:02:58.584,1.0079,1.00795,0.50,0.30
2008.02.18 12:02:58.728,1.0079,1.00795,0.50,0.30
2008.02.18 12:03:00.185,1.0079,1.00805,0.50,1.40
2008.02.18 12:03:00.356,1.0079,1.00805,0.50,0.60
2008.02.18 12:03:00.428,1.0079,1.00795,0.50,0.30
2008.02.18 12:03:00.556,1.0079,1.00795,0.50,0.30
2008.02.18 12:03:01.237,1.0079,1.00805,0.50,1.40
2008.02.18 12:03:01.303,1.0079,1.00805,0.50,0.60
2008.02.18 12:03:02.406,1.0079,1.00805,0.50,1.40
2008.02.18 12:03:02.478,1.0079,1.00795,0.50,0.30
2008.02.18 12:03:03.708,1.0079,1.00795,0.80,0.30
2008.02.18 12:03:03.761,1.0079,1.00795,0.80,0.30
2008.02.18 12:03:03.792,1.0079,1.00795,1.60,0.30
2008.02.18 12:03:03.866,1.0079,1.00795,1.60,0.30
2008.02.18 12:03:03.932,1.0079,1.00795,1.60,0.40
2008.02.18 12:03:04.280,1.0079,1.00795,1.60,0.40
2008.02.18 12:03:04.307,1.0079,1.00795,1.60,0.40
2008.02.18 12:03:04.338,1.008,1.00805,0.20,0.20
2008.02.18 12:03:04.529,1.008,1.0081,0.20,0.06
2008.02.18 12:03:04.609,1.008,1.0081,0.20,0.06
2008.02.18 12:03:04.638,1.008,1.00805,0.20,0.40
2008.02.18 12:03:04.667,1.008,1.00805,0.20,0.40
2008.02.18 12:03:04.761,1.008,1.00805,0.20,0.40
2008.02.18 12:03:04.996,1.008,1.00805,0.20,0.40
2008.02.18 12:03:05.336,1.008,1.00805,0.20,0.40
2008.02.18 12:03:05.359,1.008,1.00805,0.20,0.40
2008.02.18 12:03:05.858,1.008,1.00805,0.20,0.40
2008.02.18 12:03:06.191,1.008,1.00815,0.20,0.60
2008.02.18 12:03:06.369,1.008,1.00805,0.20,0.30
2008.02.18 12:03:06.550,1.008,1.00805,0.20,0.30
2008.02.18 12:03:06.738,1.008,1.00805,0.20,0.30
2008.02.18 12:03:07.850,1.008,1.00805,0.20,0.30
2008.02.18 12:03:08.143,1.008,1.00805,0.20,0.30
2008.02.18 12:03:08.421,1.008,1.00815,0.20,0.80
2008.02.18 12:03:08.709,1.008,1.00815,0.20,0.70
2008.02.18 12:03:11.655,1.00795,1.008,0.10,0.06
2008.02.18 12:03:11.899,1.0079,1.008,0.20,0.06
2008.02.18 12:03:12.144,1.0079,1.008,0.20,0.06
2008.02.18 12:03:12.733,1.0079,1.008,0.20,0.06
2008.02.18 12:03:12.931,1.0079,1.008,0.20,0.06
2008.02.18 12:03:13.130,1.0079,1.008,0.20,0.06
2008.02.18 12:03:13.229,1.0079,1.008,0.20,0.06
2008.02.18 12:03:13.327,1.0079,1.008,0.20,0.06
2008.02.18 12:03:15.299,1.0078,1.008,1.50,0.30
2008.02.18 12:03:15.452,1.0078,1.00785,1.00,0.06
2008.02.18 12:03:15.597,1.00765,1.00785,0.60,0.06
2008.02.18 12:03:15.741,1.0076,1.0078,0.80,0.06
2008.02.18 12:03:15.885,1.0076,1.0078,0.70,0.06
2008.02.18 12:03:16.029,1.0076,1.0078,0.70,0.06
2008.02.18 12:03:16.173,1.0076,1.0078,0.60,0.06
2008.02.18 12:03:16.427,1.0076,1.0078,0.60,0.06
2008.02.18 12:03:16.680,1.0076,1.0078,0.60,0.06
2008.02.18 12:03:17.456,1.0076,1.0078,0.60,0.06
2008.02.18 12:03:17.710,1.0076,1.0078,0.60,0.06
2008.02.18 12:03:21.241,1.0077,1.00785,0.60,0.50
2008.02.18 12:03:21.363,1.0077,1.00785,0.60,0.50
2008.02.18 12:03:21.479,1.0077,1.00785,0.60,0.40
2008.02.18 12:03:21.599,1.0077,1.00785,0.60,0.40
2008.02.18 12:03:21.718,1.0077,1.00785,0.60,0.20
2008.02.18 12:03:21.856,1.0077,1.00785,0.60,0.20
2008.02.18 12:03:22.328,1.0077,1.00785,0.60,0.20
2008.02.18 12:03:22.640,1.0077,1.00785,0.60,0.20
2008.02.18 12:03:23.044,1.0077,1.00785,0.60,0.20
2008.02.18 12:03:23.365,1.0077,1.00785,0.60,0.20
2008.02.18 12:03:45.988,1.0077,1.00785,0.60,0.20
2008.02.18 12:03:56.339,1.0077,1.00785,0.60,0.20
2008.02.18 12:03:56.471,1.0077,1.00785,0.80,0.20
2008.02.18 12:03:56.510,1.0077,1.00785,0.80,0.20
2008.02.18 12:03:56.827,1.0077,1.00785,0.80,0.20
2008.02.18 12:04:14.262,1.0077,1.0079,0.80,0.06
2008.02.18 12:04:14.368,1.0077,1.0079,0.80,0.06
2008.02.18 12:04:14.534,1.0077,1.0079,0.80,0.06
2008.02.18 12:04:14.770,1.00775,1.00795,0.60,0.50
2008.02.18 12:04:14.923,1.00775,1.00795,0.60,0.50
2008.02.18 12:04:15.058,1.00775,1.00795,0.60,0.50
2008.02.18 12:04:15.181,1.00775,1.00795,0.60,0.50
2008.02.18 12:04:15.504,1.00775,1.00795,0.60,0.50
2008.02.18 12:04:16.076,1.00775,1.00795,0.60,0.50
2008.02.18 12:04:16.280,1.00775,1.00795,0.60,0.50
2008.02.18 12:04:16.998,1.00775,1.00795,0.60,0.50
2008.02.18 12:04:18.892,1.00775,1.00795,0.60,0.50
2008.02.18 12:04:18.935,1.0077,1.00795,0.80,0.50
2008.02.18 12:04:19.032,1.0077,1.00795,0.80,0.50
2008.02.18 12:04:19.094,1.0077,1.00795,0.80,0.50
2008.02.18 12:04:19.299,1.0077,1.00795,0.80,0.50
2008.02.18 12:04:19.358,1.0077,1.0079,0.50,0.06
2008.02.18 12:04:19.436,1.0077,1.0079,0.30,0.06
2008.02.18 12:04:19.516,1.0077,1.0079,0.30,0.06
2008.02.18 12:04:20.021,1.0077,1.0079,0.30,0.06
2008.02.18 12:04:20.330,1.0077,1.0079,0.30,0.06
2008.02.18 12:04:20.535,1.0077,1.0079,0.30,0.06
2008.02.18 12:04:20.976,1.00765,1.0079,0.60,0.06
2008.02.18 12:04:21.070,1.00765,1.0079,0.60,0.06
2008.02.18 12:04:21.215,1.00765,1.00785,0.60,0.60
2008.02.18 12:04:21.309,1.0076,1.00785,4.50,0.60
2008.02.18 12:04:21.402,1.0076,1.00785,4.50,0.60
2008.02.18 12:04:21.506,1.0076,1.00785,4.50,0.60
2008.02.18 12:04:21.610,1.0076,1.00785,0.80,0.60
2008.02.18 12:04:21.775,1.0076,1.00785,0.80,0.60
2008.02.18 12:04:21.979,1.0076,1.00785,0.80,0.60
2008.02.18 12:04:22.273,1.0076,1.00785,0.80,0.60
2008.02.18 12:04:22.592,1.0076,1.00785,0.80,0.60
2008.02.18 12:04:23.307,1.0076,1.00785,0.80,0.60
2008.02.18 12:04:24.340,1.0076,1.00775,0.50,0.06
2008.02.18 12:04:24.430,1.0076,1.00775,0.50,0.06
2008.02.18 12:04:24.530,1.0076,1.00775,0.50,0.40
2008.02.18 12:04:24.600,1.0076,1.00775,0.50,0.40
2008.02.18 12:04:24.802,1.0076,1.00775,0.50,0.40
2008.02.18 12:04:25.002,1.0076,1.00775,0.50,0.40
2008.02.18 12:04:25.517,1.0076,1.00775,0.50,0.40
2008.02.18 12:04:25.570,1.0076,1.00775,0.20,0.40
2008.02.18 12:04:25.763,1.0076,1.00775,0.20,0.40
2008.02.18 12:04:25.897,1.0076,1.00775,0.20,0.40
2008.02.18 12:04:26.331,1.0076,1.00775,0.20,0.40
2008.02.18 12:04:31.247,1.0076,1.00775,0.20,0.50
2008.02.18 12:04:31.336,1.0076,1.00775,0.20,0.50
2008.02.18 12:04:33.260,1.0076,1.00775,0.20,0.50
2008.02.18 12:04:33.336,1.0076,1.00775,0.20,0.50
2008.02.18 12:04:33.414,1.0076,1.00775,0.20,0.50
2008.02.18 12:04:33.432,1.0076,1.00775,0.20,0.50
2008.02.18 12:04:33.469,1.0076,1.00775,0.20,0.50
2008.02.18 12:04:33.532,1.0076,1.0078,0.20,0.06
2008.02.18 12:04:33.555,1.0076,1.0078,0.20,0.06
2008.02.18 12:04:33.572,1.0076,1.0078,0.20,0.06
2008.02.18 12:04:33.628,1.0076,1.0078,0.20,0.06
2008.02.18 12:04:33.674,1.0076,1.0078,0.50,0.06
2008.02.18 12:04:33.786,1.0076,1.0078,0.50,0.06
2008.02.18 12:04:33.873,1.0077,1.00785,0.60,0.50
2008.02.18 12:04:33.901,1.0077,1.00785,0.60,0.50
2008.02.18 12:04:33.945,1.0077,1.00785,0.60,0.40
2008.02.18 12:04:33.982,1.0077,1.00785,0.60,0.40
2008.02.18 12:04:34.040,1.0077,1.00795,0.60,7.00
2008.02.18 12:04:34.314,1.0077,1.00795,0.60,0.60
2008.02.18 12:04:34.597,1.00765,1.0079,0.60,0.06
2008.02.18 12:04:34.861,1.00775,1.00795,0.60,0.50
2008.02.18 12:04:35.136,1.00775,1.00795,0.60,0.20
2008.02.18 12:04:35.201,1.00775,1.00795,0.60,0.20
2008.02.18 12:04:35.309,1.00775,1.00795,0.60,0.20
2008.02.18 12:04:35.580,1.00775,1.00795,0.60,0.20
2008.02.18 12:04:37.561,1.00775,1.00795,0.60,0.20
2008.02.18 12:04:39.020,1.00775,1.00795,0.60,0.20
2008.02.18 12:04:39.100,1.00775,1.00795,0.60,0.20
2008.02.18 12:04:39.268,1.00775,1.00795,0.60,0.20
2008.02.18 12:04:39.342,1.0077,1.00785,3.90,0.06
2008.02.18 12:04:39.394,1.0077,1.00785,3.90,0.06
2008.02.18 12:04:39.438,1.0077,1.00785,3.90,0.06
2008.02.18 12:04:39.463,1.0077,1.00785,3.60,0.06
2008.02.18 12:04:39.531,1.0077,1.00785,3.60,0.60
2008.02.18 12:04:39.586,1.0077,1.00785,3.60,0.60
2008.02.18 12:04:39.639,1.0077,1.00785,3.60,0.60
2008.02.18 12:04:39.680,1.0077,1.00785,3.60,0.60
2008.02.18 12:04:39.796,1.0076,1.00785,0.80,0.60
2008.02.18 12:04:40.050,1.0076,1.00785,0.80,0.50
2008.02.18 12:04:40.324,1.0076,1.00785,0.80,0.50
2008.02.18 12:04:40.587,1.0076,1.00785,0.80,0.50
2008.02.18 12:04:40.860,1.0076,1.00785,0.80,0.50
2008.02.18 12:04:45.349,1.0076,1.00785,0.80,0.40
2008.02.18 12:04:45.488,1.0076,1.00785,0.80,0.40
2008.02.18 12:04:45.799,1.0076,1.00785,0.80,0.40
2008.02.18 12:04:46.524,1.0076,1.00785,0.80,0.40
2008.02.18 12:04:46.942,1.0076,1.0078,0.50,0.06
2008.02.18 12:04:47.086,1.0076,1.0078,0.50,0.06
2008.02.18 12:04:47.555,1.0076,1.0078,0.50,0.06
2008.02.18 12:04:48.280,1.0076,1.0078,0.50,0.06
2008.02.18 12:04:48.925,1.0076,1.00775,0.50,0.06
2008.02.18 12:04:49.069,1.0076,1.00775,0.20,0.20
2008.02.18 12:04:49.213,1.0076,1.00775,0.20,0.20
2008.02.18 12:04:49.358,1.0076,1.00775,0.20,0.20
2008.02.18 12:04:49.528,1.0076,1.00775,0.20,0.20
2008.02.18 12:04:50.268,1.0076,1.00775,0.20,0.20
2008.02.18 12:05:01.878,1.0076,1.00775,0.20,0.20
2008.02.18 12:05:09.958,1.0076,1.00775,0.20,0.20
2008.02.18 12:05:10.119,1.0076,1.0078,0.20,0.30
2008.02.18 12:05:10.277,1.0076,1.0078,0.50,0.30
2008.02.18 12:05:10.436,1.0076,1.0078,0.50,0.30
2008.02.18 12:05:11.274,1.0076,1.0078,0.50,0.30
2008.02.18 12:05:11.836,1.0076,1.0078,0.50,0.30
2008.02.18 12:05:16.477,1.0076,1.0078,0.50,0.30
2008.02.18 12:05:16.562,1.0077,1.0079,0.20,0.20
2008.02.18 12:05:16.646,1.0077,1.0079,0.20,0.20
2008.02.18 12:05:16.729,1.0077,1.0079,0.20,0.06
2008.02.18 12:05:16.812,1.0077,1.0079,0.20,0.06
2008.02.18 12:05:16.897,1.0077,1.0079,0.50,0.06
2008.02.18 12:05:16.980,1.00775,1.00795,0.60,0.40
2008.02.18 12:05:17.063,1.00775,1.008,0.60,0.20
2008.02.18 12:05:17.274,1.00775,1.008,0.60,0.06
2008.02.18 12:05:17.483,1.0077,1.00795,4.40,0.06
2008.02.18 12:05:17.694,1.0077,1.00795,4.10,0.06
2008.02.18 12:05:17.904,1.0077,1.00795,0.60,0.06
2008.02.18 12:05:18.374,1.00765,1.0077,5.20,0.06
2008.02.18 12:05:18.464,1.00765,1.0077,5.20,0.06
2008.02.18 12:05:18.553,1.00765,1.0077,3.60,0.06
2008.02.18 12:05:18.642,1.00765,1.0077,3.60,0.06
2008.02.18 12:05:18.741,1.00765,1.0077,3.60,0.06
2008.02.18 12:05:18.829,1.0076,1.0077,0.20,0.06
2008.02.18 12:05:18.919,1.00765,1.00775,0.60,0.80
2008.02.18 12:05:19.009,1.00765,1.00775,0.60,0.80
2008.02.18 12:05:19.128,1.00765,1.0079,0.60,0.06
2008.02.18 12:05:19.246,1.00765,1.0079,0.60,0.06
2008.02.18 12:05:19.367,1.00765,1.0079,0.60,0.06
2008.02.18 12:05:19.484,1.00765,1.0079,0.60,0.06
2008.02.18 12:05:19.778,1.00765,1.0079,0.60,0.06
2008.02.18 12:05:19.942,1.0077,1.00795,0.60,2.60
2008.02.18 12:05:20.049,1.0077,1.00795,0.60,2.60
2008.02.18 12:05:20.264,1.0077,1.00795,0.60,0.06
2008.02.18 12:05:20.476,1.0077,1.00795,0.60,0.06
2008.02.18 12:05:21.322,1.0077,1.00795,0.60,0.06
2008.02.18 12:05:21.538,1.0077,1.00795,0.60,0.06
2008.02.18 12:05:22.931,1.00765,1.0078,5.20,0.06
2008.02.18 12:05:22.994,1.00765,1.0078,5.20,0.06
2008.02.18 12:05:23.059,1.00765,1.0078,3.60,0.06
2008.02.18 12:05:23.122,1.0076,1.0078,0.50,0.06
2008.02.18 12:05:23.186,1.0076,1.0078,0.50,0.06
2008.02.18 12:05:23.250,1.0076,1.0078,0.50,0.06
2008.02.18 12:05:23.316,1.0076,1.0078,0.50,0.06
2008.02.18 12:05:23.562,1.0076,1.0078,0.50,0.06
2008.02.18 12:05:23.647,1.0076,1.0078,0.50,0.06
2008.02.18 12:05:23.785,1.0076,1.0078,0.50,0.06
2008.02.18 12:05:23.984,1.0076,1.0078,0.50,0.06
2008.02.18 12:05:24.069,1.0076,1.0078,0.50,0.06
2008.02.18 12:05:24.303,1.0076,1.0078,0.50,0.06
2008.02.18 12:05:25.109,1.0076,1.0078,0.50,0.06
2008.02.18 12:05:25.386,1.0076,1.0078,0.50,0.06
2008.02.18 12:05:25.689,1.0076,1.0078,0.50,0.06
2008.02.18 12:05:30.218,1.0076,1.0078,0.50,0.06
2008.02.18 12:05:30.327,1.0076,1.0078,0.50,0.06
2008.02.18 12:05:31.640,1.0076,1.0078,0.50,0.06
2008.02.18 12:05:31.693,1.0076,1.0078,0.50,0.06
2008.02.18 12:05:34.676,1.0076,1.0078,0.50,0.06
2008.02.18 12:05:35.485,1.0076,1.00775,0.50,0.06
2008.02.18 12:05:35.593,1.0076,1.00775,0.20,0.06
2008.02.18 12:05:35.612,1.0076,1.00775,0.20,0.06
2008.02.18 12:05:35.687,1.0076,1.00775,0.20,0.06
2008.02.18 12:05:35.722,1.0076,1.00775,0.20,0.06
2008.02.18 12:05:35.796,1.0076,1.00775,0.20,0.06
2008.02.18 12:05:35.814,1.0076,1.00775,0.20,0.06
2008.02.18 12:05:35.833,1.0076,1.00775,0.20,0.06
2008.02.18 12:05:36.089,1.0076,1.00775,0.20,0.06
2008.02.18 12:05:36.519,1.0076,1.00775,0.20,0.06
2008.02.18 12:05:36.826,1.0076,1.00775,0.20,0.06
2008.02.18 12:05:37.342,1.0076,1.00775,0.20,0.06
2008.02.18 12:05:39.335,1.0076,1.00775,0.20,0.06
2008.02.18 12:05:43.145,1.0076,1.00775,0.20,0.06
2008.02.18 12:05:47.601,1.0076,1.00775,0.20,0.06
2008.02.18 12:05:47.795,1.0076,1.00775,0.20,0.06
2008.02.18 12:05:47.989,1.0076,1.00775,0.90,0.06
2008.02.18 12:05:50.030,1.0076,1.0078,0.90,0.50
2008.02.18 12:05:50.079,1.0076,1.0078,0.90,0.30
2008.02.18 12:05:50.185,1.0076,1.0078,0.90,0.30
2008.02.18 12:05:50.270,1.0076,1.0078,0.60,0.30
2008.02.18 12:05:50.319,1.0076,1.0078,0.80,0.30
2008.02.18 12:05:50.369,1.0076,1.0078,0.70,0.30
2008.02.18 12:05:50.533,1.0076,1.0078,0.50,0.30
2008.02.18 12:05:50.581,1.0076,1.0078,0.60,0.30
2008.02.18 12:05:50.629,1.0077,1.00785,0.20,0.06
2008.02.18 12:05:50.687,1.0077,1.00785,0.20,0.06
2008.02.18 12:05:50.735,1.0077,1.00785,0.20,0.06
2008.02.18 12:05:50.844,1.0077,1.00785,0.20,0.06
2008.02.18 12:05:51.357,1.0077,1.00785,0.20,0.06
2008.02.18 12:06:00.480,1.0077,1.0079,0.60,0.50
2008.02.18 12:06:00.545,1.0077,1.0079,0.60,0.50
2008.02.18 12:06:00.580,1.0077,1.0079,0.60,0.50
2008.02.18 12:06:00.626,1.0077,1.0079,0.60,0.20
2008.02.18 12:06:00.660,1.0077,1.0079,0.60,0.20
2008.02.18 12:06:00.692,1.0077,1.00795,0.80,0.80
2008.02.18 12:06:00.758,1.0077,1.00795,0.80,0.80
2008.02.18 12:06:00.975,1.0077,1.00795,0.80,0.06
2008.02.18 12:06:01.195,1.00775,1.008,0.60,0.06
2008.02.18 12:06:01.414,1.00775,1.008,0.60,0.06
2008.02.18 12:06:01.632,1.00775,1.008,0.60,0.06
2008.02.18 12:06:01.852,1.00775,1.008,0.60,0.06
2008.02.18 12:06:02.030,1.00775,1.008,0.60,0.06
2008.02.18 12:06:02.210,1.0077,1.00795,4.40,0.06
2008.02.18 12:06:02.389,1.0077,1.00795,0.70,0.06
2008.02.18 12:06:02.568,1.00775,1.008,0.60,0.06
2008.02.18 12:06:02.746,1.00775,1.008,0.60,0.06
2008.02.18 12:06:02.925,1.00775,1.008,0.60,0.06
2008.02.18 12:06:03.104,1.00775,1.008,0.60,0.06
2008.02.18 12:06:03.744,1.00775,1.008,0.60,0.06
2008.02.18 12:06:03.923,1.00775,1.008,0.60,0.06
2008.02.18 12:06:04.401,1.00775,1.008,0.60,0.06
2008.02.18 12:06:05.035,1.0078,1.00805,0.60,6.60
2008.02.18 12:06:05.117,1.0078,1.00805,0.60,6.60
2008.02.18 12:06:05.184,1.0078,1.00805,0.60,6.60
2008.02.18 12:06:05.253,1.0078,1.00805,0.60,6.60
2008.02.18 12:06:05.322,1.0078,1.00805,0.60,6.60
2008.02.18 12:06:05.391,1.0078,1.00805,0.60,6.60
2008.02.18 12:06:05.528,1.0078,1.00805,0.60,6.60
2008.02.18 12:06:05.605,1.00775,1.008,5.70,0.06
2008.02.18 12:06:05.675,1.00775,1.008,4.10,0.06
2008.02.18 12:06:05.744,1.00775,1.008,4.10,0.06
2008.02.18 12:06:05.837,1.00775,1.008,0.60,0.06
2008.02.18 12:06:06.037,1.00775,1.008,0.60,0.06
2008.02.18 12:06:06.200,1.00775,1.008,0.60,0.06
2008.02.18 12:06:06.363,1.00775,1.008,0.60,0.06
2008.02.18 12:06:06.760,1.00775,1.008,0.60,0.06
2008.02.18 12:06:07.586,1.00775,1.008,0.60,0.06
2008.02.18 12:06:12.510,1.0078,1.00805,0.60,0.40
2008.02.18 12:06:12.730,1.0078,1.00805,0.60,0.40
2008.02.18 12:06:12.914,1.0078,1.00805,0.80,0.40
2008.02.18 12:06:13.098,1.0079,1.00805,0.60,0.40
2008.02.18 12:06:13.283,1.0079,1.00805,0.60,0.20
2008.02.18 12:06:13.466,1.0079,1.00815,0.60,9.00
2008.02.18 12:06:13.651,1.00785,1.00805,3.60,0.06
2008.02.18 12:06:13.967,1.0078,1.00805,0.80,0.30
2008.02.18 12:06:14.281,1.0079,1.00815,0.60,9.00
2008.02.18 12:06:14.596,1.00785,1.0081,5.70,0.06
2008.02.18 12:06:14.910,1.00785,1.0081,0.60,0.06
2008.02.18 12:06:15.119,1.0079,1.00815,0.60,9.00
2008.02.18 12:06:15.327,1.0079,1.00815,0.60,9.20
2008.02.18 12:06:15.537,1.0079,1.00815,0.60,9.20
2008.02.18 12:06:15.745,1.00785,1.0081,4.10,0.06
2008.02.18 12:06:15.954,1.00785,1.0081,0.60,0.06
2008.02.18 12:06:16.173,1.0079,1.00815,0.60,9.00
2008.02.18 12:06:16.392,1.0079,1.00815,0.60,9.00
2008.02.18 12:06:17.244,1.0079,1.00815,0.60,9.00
2008.02.18 12:06:17.561,1.0079,1.00815,0.60,9.00
2008.02.18 12:06:18.790,1.0079,1.00815,0.60,9.00
2008.02.18 12:06:20.309,1.0079,1.00815,0.60,9.00
2008.02.18 12:06:20.440,1.0079,1.00815,0.60,9.00
2008.02.18 12:06:20.564,1.0079,1.00815,0.60,9.00
2008.02.18 12:06:20.687,1.0079,1.00815,0.60,9.00
2008.02.18 12:06:20.811,1.0079,1.00815,0.60,9.00
2008.02.18 12:06:21.051,1.00785,1.0081,5.70,0.06
2008.02.18 12:06:21.174,1.00785,1.0081,4.10,0.06
2008.02.18 12:06:21.290,1.00785,1.0081,4.10,0.06
2008.02.18 12:06:21.404,1.00785,1.0081,0.60,0.06
2008.02.18 12:06:21.578,1.0079,1.00815,0.60,9.00
2008.02.18 12:06:21.691,1.0079,1.00815,0.60,9.00
2008.02.18 12:06:21.822,1.0079,1.00815,0.60,9.00
2008.02.18 12:06:22.016,1.0079,1.00815,0.60,9.00
2008.02.18 12:06:22.139,1.00785,1.0081,5.70,0.06
2008.02.18 12:06:22.414,1.00785,1.0081,0.60,0.06
2008.02.18 12:06:22.698,1.0079,1.00815,0.60,9.00
2008.02.18 12:06:22.981,1.0079,1.00815,0.60,9.00
2008.02.18 12:06:23.266,1.00785,1.0081,0.60,0.06
2008.02.18 12:06:23.679,1.00785,1.0081,0.60,0.06
2008.02.18 12:06:24.279,1.00785,1.0081,0.60,0.06
2008.02.18 12:06:24.587,1.00785,1.0081,0.60,0.06
2008.02.18 12:06:27.265,1.00785,1.0081,0.60,0.06
2008.02.18 12:06:27.363,1.00785,1.0081,0.60,0.06
2008.02.18 12:06:27.686,1.0079,1.00815,0.60,8.80
2008.02.18 12:06:27.791,1.0079,1.00815,0.60,8.80
2008.02.18 12:06:28.010,1.0079,1.00815,0.60,8.80
2008.02.18 12:06:28.334,1.0079,1.00815,0.60,8.80
2008.02.18 12:06:28.742,1.0079,1.00815,0.60,8.80
2008.02.18 12:06:29.563,1.0079,1.00815,0.60,8.80
2008.02.18 12:06:39.597,1.0079,1.00815,0.60,8.80
2008.02.18 12:06:41.778,1.0079,1.00815,0.60,8.80
2008.02.18 12:06:41.936,1.0079,1.00815,0.60,9.00
2008.02.18 12:06:42.095,1.00785,1.0081,3.10,0.06
2008.02.18 12:06:42.254,1.00785,1.0081,2.40,0.06
2008.02.18 12:06:42.413,1.00785,1.0081,0.60,0.06
2008.02.18 12:06:42.599,1.00785,1.0081,0.60,0.06
2008.02.18 12:06:42.777,1.00785,1.0081,0.60,0.06
2008.02.18 12:06:43.321,1.00785,1.0081,0.60,0.06
2008.02.18 12:06:43.523,1.00785,1.0081,0.60,0.06
2008.02.18 12:06:53.549,1.00785,1.0081,1.20,0.06
2008.02.18 12:06:53.638,1.0079,1.00815,0.60,9.00
2008.02.18 12:06:54.614,1.008,1.00815,0.60,9.00
2008.02.18 12:06:54.671,1.008,1.00815,0.60,6.60
2008.02.18 12:06:54.731,1.008,1.00815,0.60,2.50
2008.02.18 12:06:54.789,1.008,1.00815,0.60,2.50
2008.02.18 12:06:54.860,1.008,1.00815,0.60,0.20
2008.02.18 12:06:54.909,1.008,1.00815,0.60,0.20
2008.02.18 12:06:55.202,1.008,1.00815,0.60,0.20
2008.02.18 12:06:55.325,1.008,1.00815,0.60,0.20
2008.02.18 12:06:55.840,1.008,1.00815,0.60,0.20
2008.02.18 12:06:56.134,1.008,1.00815,0.60,0.30
2008.02.18 12:06:56.268,1.008,1.00815,0.60,0.30
2008.02.18 12:06:56.361,1.008,1.00815,0.60,0.30
2008.02.18 12:06:56.491,1.008,1.00815,0.80,0.30
2008.02.18 12:06:56.580,1.008,1.00815,0.80,0.30
2008.02.18 12:07:07.592,1.008,1.00815,0.50,0.30
2008.02.18 12:07:07.673,1.008,1.00815,0.50,4.20
2008.02.18 12:07:07.697,1.008,1.00815,0.50,4.20
2008.02.18 12:07:07.721,1.008,1.00815,0.30,4.20
2008.02.18 12:07:07.759,1.008,1.00815,0.30,4.20
2008.02.18 12:07:07.783,1.0079,1.00815,0.60,4.20
2008.02.18 12:07:07.807,1.0079,1.00815,0.60,2.60
2008.02.18 12:07:08.148,1.0079,1.00815,0.60,2.60
2008.02.18 12:07:08.785,1.0079,1.00815,0.60,2.60
2008.02.18 12:07:09.558,1.0079,1.00815,0.60,2.60
2008.02.18 12:07:11.151,1.00795,1.00815,0.60,2.60
2008.02.18 12:07:11.294,1.00795,1.00815,0.60,2.60
2008.02.18 12:07:11.433,1.00795,1.00815,0.60,0.30
2008.02.18 12:07:11.574,1.00795,1.00815,0.60,0.30
2008.02.18 12:07:11.752,1.00795,1.00815,0.60,0.30
2008.02.18 12:07:12.556,1.00795,1.00815,0.60,0.30
2008.02.18 12:07:17.903,1.00795,1.00815,0.60,0.30
2008.02.18 12:07:23.165,1.008,1.00815,0.60,0.30
2008.02.18 12:07:23.241,1.008,1.00815,0.60,0.30
2008.02.18 12:07:23.281,1.008,1.00815,0.70,0.30
2008.02.18 12:07:23.319,1.008,1.00815,0.70,0.30
2008.02.18 12:07:23.517,1.008,1.00815,0.70,0.30
2008.02.18 12:07:23.781,1.008,1.00815,0.80,0.30
2008.02.18 12:07:24.542,1.008,1.00815,0.80,0.30
2008.02.18 12:07:31.518,1.008,1.00815,0.80,0.30
2008.02.18 12:07:31.656,1.00805,1.00815,0.60,0.30
2008.02.18 12:07:31.780,1.00805,1.00815,0.60,0.30
2008.02.18 12:07:32.114,1.00805,1.00825,0.60,0.50
2008.02.18 12:07:32.449,1.0081,1.00825,0.60,0.40
2008.02.18 12:07:32.784,1.00805,1.00825,2.00,0.40
2008.02.18 12:07:33.118,1.00805,1.00815,0.60,0.20
2008.02.18 12:07:33.296,1.00805,1.00815,0.60,0.20
2008.02.18 12:07:33.493,1.00805,1.00815,0.60,0.20
2008.02.18 12:07:33.672,1.00805,1.00815,0.60,0.20
2008.02.18 12:07:34.848,1.00805,1.00815,0.60,0.20
2008.02.18 12:07:36.228,1.00805,1.00815,0.60,0.20
2008.02.18 12:07:36.429,1.0081,1.00825,0.70,0.40
2008.02.18 12:07:36.628,1.0081,1.00825,0.70,0.40
2008.02.18 12:07:36.828,1.00815,1.00825,0.60,0.40
2008.02.18 12:07:37.027,1.00815,1.00825,0.60,0.40
2008.02.18 12:07:37.325,1.00815,1.00825,0.60,0.40
2008.02.18 12:07:37.489,1.00815,1.00825,0.60,0.20
2008.02.18 12:07:37.848,1.00815,1.00825,0.60,0.30
2008.02.18 12:07:38.043,1.00815,1.00825,0.60,0.30
2008.02.18 12:07:43.163,1.0082,1.00825,0.60,0.30
2008.02.18 12:07:43.259,1.0082,1.00825,0.70,0.30
2008.02.18 12:07:43.289,1.0082,1.00825,0.70,0.30
2008.02.18 12:07:43.302,1.0082,1.00825,0.70,0.30
2008.02.18 12:07:43.314,1.0082,1.00825,0.70,0.30
2008.02.18 12:07:43.430,1.0082,1.00835,0.70,0.40
2008.02.18 12:07:43.589,1.0082,1.00835,0.70,0.40
2008.02.18 12:07:43.793,1.0082,1.00835,0.80,0.40
2008.02.18 12:07:43.805,1.0082,1.00835,0.80,0.40
2008.02.18 12:07:43.845,1.0082,1.00835,0.80,0.40
2008.02.18 12:07:44.308,1.0082,1.00835,0.80,0.40
2008.02.18 12:07:44.533,1.0082,1.00835,0.80,0.40
2008.02.18 12:07:46.416,1.0082,1.00835,0.80,0.40
2008.02.18 12:07:46.803,1.00825,1.00835,0.60,0.40
2008.02.18 12:07:46.826,1.00825,1.00835,0.60,0.40
2008.02.18 12:07:46.849,1.00825,1.00835,0.60,0.40
2008.02.18 12:07:47.036,1.00825,1.00835,0.60,0.40
2008.02.18 12:07:47.340,1.00825,1.00835,0.60,0.40
2008.02.18 12:07:47.364,1.0083,1.00835,0.20,0.40
2008.02.18 12:07:49.190,1.00845,1.0085,0.60,0.50
2008.02.18 12:07:49.294,1.0085,1.00855,0.20,5.10
2008.02.18 12:07:49.399,1.0085,1.00855,0.20,2.70
2008.02.18 12:07:49.503,1.0085,1.00865,0.20,3.20
2008.02.18 12:07:49.607,1.0085,1.00865,0.20,3.20
2008.02.18 12:07:49.711,1.0085,1.00855,0.20,0.06
2008.02.18 12:07:49.816,1.0084,1.00855,0.30,0.06
2008.02.18 12:07:49.920,1.00835,1.00855,3.60,0.06
2008.02.18 12:07:50.024,1.0083,1.00855,0.60,0.50
2008.02.18 12:07:50.169,1.0083,1.00845,0.60,0.20
2008.02.18 12:07:50.324,1.0083,1.00845,0.60,0.20
2008.02.18 12:07:50.536,1.0083,1.00845,0.60,0.20
2008.02.18 12:07:50.735,1.00825,1.00845,0.60,0.20
2008.02.18 12:07:50.834,1.00825,1.00845,0.60,0.20
2008.02.18 12:07:50.933,1.00825,1.00845,0.60,0.30
2008.02.18 12:07:51.054,1.00825,1.00845,0.60,0.30
2008.02.18 12:07:51.358,1.00825,1.00845,0.60,0.30
2008.02.18 12:07:51.626,1.00825,1.00845,0.60,0.30
2008.02.18 12:07:51.895,1.00825,1.00845,0.60,0.30
2008.02.18 12:07:52.542,1.00825,1.00845,0.60,0.30
2008.02.18 12:07:52.837,1.00825,1.00845,0.60,0.30
2008.02.18 12:07:55.304,1.00825,1.00845,0.60,0.30
2008.02.18 12:07:55.358,1.00825,1.00845,0.60,0.40
2008.02.18 12:07:55.479,1.00825,1.00835,0.60,0.20
2008.02.18 12:07:55.522,1.00825,1.00835,0.60,0.20
2008.02.18 12:07:55.716,1.0082,1.00835,0.80,0.20
2008.02.18 12:07:55.827,1.0082,1.00835,0.80,0.20
2008.02.18 12:07:55.934,1.0082,1.00835,0.80,0.20
2008.02.18 12:07:56.044,1.0082,1.00835,0.80,0.20
2008.02.18 12:07:56.403,1.0082,1.00835,0.80,0.20
2008.02.18 12:07:56.535,1.0082,1.00835,0.80,0.20
2008.02.18 12:07:56.843,1.0082,1.00835,0.80,0.20
2008.02.18 12:07:57.054,1.0082,1.00835,0.80,0.20
2008.02.18 12:07:57.771,1.0082,1.00835,0.80,0.20
2008.02.18 12:07:57.966,1.0082,1.00845,0.80,0.30
2008.02.18 12:07:58.145,1.0082,1.00835,0.80,0.20
2008.02.18 12:07:58.323,1.00825,1.00835,0.60,0.20
2008.02.18 12:07:58.503,1.00825,1.00835,0.60,0.20
2008.02.18 12:07:58.681,1.00825,1.00835,0.60,0.20
2008.02.18 12:07:58.815,1.0082,1.00835,0.80,0.20
2008.02.18 12:07:58.948,1.0082,1.00835,0.80,0.20
2008.02.18 12:07:59.082,1.0082,1.00835,0.80,0.20
2008.02.18 12:07:59.227,1.0082,1.00845,0.80,0.40
2008.02.18 12:07:59.361,1.0082,1.00845,0.80,0.30
2008.02.18 12:07:59.494,1.0082,1.00845,0.80,0.30
2008.02.18 12:07:59.673,1.00825,1.00845,0.60,0.30
2008.02.18 12:07:59.771,1.00825,1.00845,0.60,0.30
2008.02.18 12:07:59.840,1.00825,1.00845,0.60,0.30
2008.02.18 12:07:59.910,1.00825,1.00845,0.60,0.30
2008.02.18 12:08:00.087,1.00825,1.00845,0.60,0.30
2008.02.18 12:08:00.911,1.00825,1.00845,0.60,0.30
2008.02.18 12:08:27.567,1.00825,1.00845,0.60,0.30
2008.02.18 12:08:36.070,1.00825,1.00845,0.60,0.30
2008.02.18 12:08:37.327,1.00825,1.00845,0.60,0.30
2008.02.18 12:08:37.554,1.00825,1.00845,0.60,0.50
2008.02.18 12:08:37.782,1.00825,1.00845,0.60,0.50
2008.02.18 12:08:40.369,1.00825,1.00845,0.60,0.30
2008.02.18 12:08:40.533,1.00825,1.00845,0.60,0.30
2008.02.18 12:08:46.928,1.00825,1.00845,0.60,0.30
2008.02.18 12:08:57.596,1.00825,1.00845,0.60,0.30
2008.02.18 12:08:57.809,1.00825,1.00845,0.60,0.30
2008.02.18 12:08:58.322,1.00825,1.00845,0.60,0.30
2008.02.18 12:08:58.830,1.00825,1.00845,0.60,0.30
2008.02.18 12:09:06.919,1.00825,1.00845,0.60,0.30
2008.02.18 12:09:06.968,1.00825,1.00845,0.60,0.30
2008.02.18 12:09:07.018,1.00825,1.00845,0.60,0.20
2008.02.18 12:09:07.132,1.00825,1.0085,0.60,0.06
2008.02.18 12:09:07.266,1.00825,1.00845,0.60,0.20
2008.02.18 12:09:07.341,1.0083,1.00845,0.60,0.20
2008.02.18 12:09:07.429,1.0083,1.00845,0.60,0.20
2008.02.18 12:09:07.518,1.0083,1.00845,0.60,0.20
2008.02.18 12:09:07.606,1.0083,1.00845,0.60,0.20
2008.02.18 12:09:07.830,1.0082,1.00845,4.50,0.20
2008.02.18 12:09:07.921,1.0082,1.00845,4.50,0.20
2008.02.18 12:09:08.018,1.0082,1.00845,4.50,0.30
2008.02.18 12:09:08.107,1.0082,1.00845,0.80,0.30
2008.02.18 12:09:08.270,1.0082,1.00845,0.80,0.30
2008.02.18 12:09:08.493,1.0082,1.00835,0.80,0.20
2008.02.18 12:09:08.717,1.0082,1.00835,0.80,0.20
2008.02.18 12:09:08.941,1.0082,1.00835,0.80,0.20
2008.02.18 12:09:09.164,1.0082,1.00835,0.80,0.20
2008.02.18 12:09:10.230,1.0082,1.00845,0.80,0.60
2008.02.18 12:09:10.383,1.0082,1.00835,0.80,0.30
2008.02.18 12:09:10.536,1.0082,1.00835,0.80,0.30
2008.02.18 12:09:12.309,1.0082,1.00845,0.80,0.60
2008.02.18 12:09:12.383,1.0082,1.00845,0.80,0.60
2008.02.18 12:09:12.539,1.0082,1.00845,0.80,0.60
2008.02.18 12:09:13.284,1.0082,1.00845,0.80,0.30
2008.02.18 12:09:17.164,1.0082,1.00845,0.80,0.30
2008.02.18 12:09:21.345,1.0082,1.00845,0.80,0.30
2008.02.18 12:09:35.506,1.0082,1.00845,0.80,0.60
2008.02.18 12:09:42.323,1.0082,1.00845,0.80,0.60
2008.02.18 12:09:51.311,1.0082,1.00845,0.80,0.30
2008.02.18 12:09:51.810,1.0082,1.00845,0.80,0.60
2008.02.18 12:09:53.713,1.0082,1.00845,0.80,0.60
2008.02.18 12:09:54.174,1.0082,1.00845,0.80,0.30
2008.02.18 12:09:55.130,1.0082,1.00845,0.80,0.60
2008.02.18 12:09:56.720,1.0082,1.00845,0.80,0.30
2008.02.18 12:10:06.088,1.0082,1.00845,0.80,0.60
2008.02.18 12:10:06.427,1.0082,1.00845,0.80,0.30
2008.02.18 12:10:06.762,1.0082,1.00845,0.80,0.30
2008.02.18 12:10:08.061,1.0082,1.00845,0.80,0.30
2008.02.18 12:10:09.043,1.0082,1.00845,0.80,0.30
2008.02.18 12:10:09.248,1.0082,1.00845,0.80,0.60
2008.02.18 12:10:09.585,1.0082,1.00845,0.80,0.30
2008.02.18 12:10:10.076,1.0082,1.00845,0.80,0.30
2008.02.18 12:10:18.291,1.0082,1.00845,0.80,0.30
2008.02.18 12:10:19.566,1.0082,1.00845,0.80,0.60
2008.02.18 12:10:20.569,1.0082,1.00845,0.80,0.60
2008.02.18 12:10:22.000,1.0082,1.00845,1.60,0.60
2008.02.18 12:10:22.059,1.0082,1.00845,1.60,0.40
2008.02.18 12:10:22.152,1.0082,1.00845,1.60,0.06
2008.02.18 12:10:22.297,1.0082,1.00845,1.60,0.06
2008.02.18 12:10:22.475,1.0082,1.00845,1.60,0.06
2008.02.18 12:10:22.985,1.0082,1.00845,1.60,0.06
2008.02.18 12:10:38.828,1.0082,1.00845,1.60,0.06
2008.02.18 12:10:39.043,1.0082,1.00845,1.60,0.06
2008.02.18 12:10:39.498,1.0082,1.00845,1.60,0.06
2008.02.18 12:10:41.553,1.00825,1.0085,0.60,0.50
2008.02.18 12:10:41.669,1.00825,1.0085,0.60,0.50
2008.02.18 12:10:41.811,1.00825,1.0085,0.60,0.50
2008.02.18 12:10:42.112,1.00825,1.0085,0.60,0.50
2008.02.18 12:10:42.175,1.0083,1.0085,0.20,0.50
2008.02.18 12:10:42.227,1.0083,1.0085,0.20,0.50
2008.02.18 12:10:42.319,1.0083,1.0085,0.20,0.50
2008.02.18 12:10:42.449,1.0083,1.0085,0.20,0.50
2008.02.18 12:10:42.520,1.0083,1.0085,0.20,0.50
2008.02.18 12:10:43.063,1.0083,1.0085,0.20,0.50
2008.02.18 12:10:43.248,1.0083,1.0085,0.20,0.50
2008.02.18 12:10:43.936,1.0083,1.0085,0.20,0.50
2008.02.18 12:10:44.184,1.0083,1.0085,0.90,0.50
2008.02.18 12:10:44.445,1.0083,1.0085,0.90,0.50
2008.02.18 12:10:44.696,1.0083,1.0085,0.90,0.50
2008.02.18 12:10:44.944,1.0083,1.0085,0.90,0.50
2008.02.18 12:10:52.409,1.0083,1.0085,0.90,0.50
2008.02.18 12:10:53.592,1.0083,1.0085,0.90,0.50
2008.02.18 12:10:53.685,1.0083,1.00835,0.90,0.50
2008.02.18 12:10:53.763,1.0083,1.00835,0.90,0.50
2008.02.18 12:10:53.844,1.0083,1.00835,0.20,0.50
2008.02.18 12:10:53.922,1.0083,1.00835,0.20,0.50
2008.02.18 12:10:54.103,1.0083,1.00835,0.20,0.50
2008.02.18 12:10:54.181,1.0083,1.00835,0.20,0.50
2008.02.18 12:10:54.374,1.0083,1.00835,0.20,0.50
2008.02.18 12:10:54.568,1.0083,1.00835,0.20,0.50
2008.02.18 12:10:55.308,1.0083,1.0085,0.20,0.50
2008.02.18 12:10:55.426,1.0083,1.0085,0.90,0.50
2008.02.18 12:10:55.572,1.0083,1.0085,0.90,0.50
2008.02.18 12:10:55.690,1.0083,1.0085,0.90,0.50
2008.02.18 12:10:56.380,1.0083,1.0085,0.90,0.50
2008.02.18 12:11:01.430,1.0083,1.0085,0.90,0.50
2008.02.18 12:11:02.168,1.0083,1.0085,0.90,0.50
2008.02.18 12:11:02.206,1.0083,1.0085,0.90,0.30
2008.02.18 12:11:02.296,1.0083,1.0085,0.90,0.30
2008.02.18 12:11:02.431,1.0083,1.0085,0.80,0.30
2008.02.18 12:11:02.499,1.0083,1.0085,0.90,0.30
2008.02.18 12:11:08.608,1.00835,1.0085,0.60,0.30
2008.02.18 12:11:08.635,1.00835,1.0085,0.60,0.30
2008.02.18 12:11:08.702,1.00835,1.0085,0.90,0.30
2008.02.18 12:11:08.731,1.00835,1.0085,0.60,0.30
2008.02.18 12:11:08.796,1.00835,1.0085,0.70,0.30
2008.02.18 12:11:08.834,1.0084,1.0085,0.30,0.30
2008.02.18 12:11:09.037,1.0084,1.0085,0.30,0.30
2008.02.18 12:11:09.554,1.0084,1.0085,0.30,0.30
2008.02.18 12:11:09.755,1.0084,1.0085,0.30,0.30
2008.02.18 12:11:10.346,1.0084,1.0085,0.30,0.30
2008.02.18 12:11:10.635,1.0084,1.0085,0.30,0.30
2008.02.18 12:11:12.311,1.0084,1.0085,0.30,0.30
2008.02.18 12:11:12.460,1.0084,1.0085,0.30,0.30
2008.02.18 12:11:12.609,1.0084,1.0085,0.30,0.30
2008.02.18 12:11:12.769,1.0084,1.0085,0.30,0.30
2008.02.18 12:11:12.986,1.0084,1.0085,0.30,0.30
2008.02.18 12:11:13.205,1.0084,1.0085,0.30,0.30
2008.02.18 12:11:13.425,1.0083,1.0085,0.90,0.50
2008.02.18 12:11:13.650,1.0083,1.0085,0.90,0.50
2008.02.18 12:11:13.868,1.0083,1.0085,0.90,0.50
2008.02.18 12:11:14.272,1.0083,1.0085,0.90,0.50
2008.02.18 12:11:14.400,1.0083,1.0085,0.90,0.50
2008.02.18 12:11:14.528,1.0083,1.0085,0.90,0.50
2008.02.18 12:11:14.657,1.0083,1.0085,0.90,0.50
2008.02.18 12:11:14.903,1.0083,1.0085,1.00,0.30
2008.02.18 12:11:16.172,1.0083,1.0085,0.50,0.30
2008.02.18 12:11:16.400,1.0083,1.0085,1.00,0.30
2008.02.18 12:11:16.629,1.0083,1.0085,0.80,0.30
2008.02.18 12:11:17.638,1.0083,1.0085,0.80,0.30
2008.02.18 12:11:18.260,1.0083,1.0085,0.90,0.30
2008.02.18 12:11:18.298,1.0083,1.0085,0.70,0.30
2008.02.18 12:11:18.463,1.0083,1.0085,0.70,0.30
2008.02.18 12:11:18.511,1.0083,1.0085,0.90,0.30
2008.02.18 12:11:18.699,1.0083,1.0085,0.90,0.30
2008.02.18 12:11:18.913,1.0083,1.0085,0.90,0.50
2008.02.18 12:11:19.455,1.0083,1.0085,0.50,0.30
2008.02.18 12:11:20.273,1.0083,1.0085,0.60,0.30
2008.02.18 12:11:20.587,1.0083,1.0085,0.90,0.30
2008.02.18 12:11:20.911,1.0083,1.0085,0.90,0.50
2008.02.18 12:11:21.245,1.00835,1.0085,0.60,0.20
2008.02.18 12:11:21.380,1.00835,1.0086,0.60,0.06
2008.02.18 12:11:21.524,1.00835,1.0086,0.60,0.06
2008.02.18 12:11:21.815,1.00835,1.0086,0.60,0.06
2008.02.18 12:11:22.284,1.00835,1.0086,0.60,0.06
2008.02.18 12:11:22.603,1.00835,1.0086,0.60,0.06
2008.02.18 12:11:22.832,1.00835,1.0086,0.60,0.06
2008.02.18 12:11:25.569,1.00835,1.0086,0.60,0.06
2008.02.18 12:11:25.689,1.00835,1.00855,0.60,0.50
2008.02.18 12:11:25.808,1.00835,1.00855,0.60,0.50
2008.02.18 12:11:26.114,1.00835,1.00855,0.60,0.50
2008.02.18 12:11:26.296,1.00835,1.00855,0.60,0.50
2008.02.18 12:11:27.295,1.00835,1.0086,0.60,0.06
2008.02.18 12:11:27.559,1.00835,1.0086,0.60,0.06
2008.02.18 12:11:27.767,1.00835,1.0086,0.60,0.06
2008.02.18 12:11:27.956,1.00835,1.00855,0.60,0.50
2008.02.18 12:11:28.145,1.00835,1.00855,0.60,0.50
2008.02.18 12:11:28.333,1.00835,1.00855,0.60,0.50
2008.02.18 12:11:29.278,1.00835,1.0086,0.60,0.06
2008.02.18 12:11:29.445,1.00835,1.0086,0.60,0.06
2008.02.18 12:11:29.492,1.00835,1.0086,0.60,0.06
2008.02.18 12:11:29.655,1.00835,1.00855,0.60,0.50
2008.02.18 12:11:31.317,1.00835,1.00855,0.60,0.50
2008.02.18 12:11:31.610,1.00835,1.00855,0.60,0.50
2008.02.18 12:11:33.261,1.00835,1.0086,0.60,0.06
2008.02.18 12:11:33.389,1.00835,1.00855,0.60,0.50
2008.02.18 12:11:33.569,1.00835,1.00855,0.60,0.50
2008.02.18 12:11:35.263,1.00835,1.0086,0.60,0.06
2008.02.18 12:11:35.577,1.00835,1.0086,0.60,0.06
2008.02.18 12:11:35.832,1.00835,1.0086,0.60,0.06
2008.02.18 12:11:39.397,1.00835,1.00855,0.60,0.50
2008.02.18 12:11:39.671,1.00835,1.00855,0.60,0.50
2008.02.18 12:11:41.309,1.00835,1.00855,0.60,0.50
2008.02.18 12:11:41.587,1.00835,1.0086,0.60,0.06
2008.02.18 12:11:41.894,1.00835,1.0086,0.60,0.06
2008.02.18 12:11:48.101,1.00835,1.0086,0.60,0.06
2008.02.18 12:11:48.135,1.00835,1.0086,0.60,0.06
2008.02.18 12:11:48.220,1.00835,1.0086,0.60,0.06
2008.02.18 12:11:49.656,1.00835,1.0086,0.60,0.06
2008.02.18 12:11:49.717,1.00835,1.0086,0.60,0.06
2008.02.18 12:12:08.147,1.00835,1.0086,0.60,0.06
2008.02.18 12:12:08.361,1.00835,1.0086,0.60,0.06
2008.02.18 12:12:10.010,1.00835,1.0086,0.60,0.06
2008.02.18 12:12:10.344,1.00835,1.0086,0.60,0.06
2008.02.18 12:12:10.677,1.00835,1.0086,0.60,0.06
2008.02.18 12:12:11.551,1.00835,1.0086,0.60,0.06
2008.02.18 12:12:11.830,1.00835,1.0086,0.60,0.06
2008.02.18 12:12:11.973,1.00835,1.0086,0.60,0.06
2008.02.18 12:12:12.381,1.00835,1.0086,0.60,0.06
2008.02.18 12:12:13.791,1.00835,1.0086,0.60,0.06
2008.02.18 12:12:14.310,1.00835,1.0086,0.60,0.06
2008.02.18 12:12:20.569,1.00835,1.0086,0.60,0.06
2008.02.18 12:12:21.267,1.00835,1.0086,0.60,0.06
2008.02.18 12:12:22.305,1.00835,1.0086,0.60,0.06
2008.02.18 12:12:25.341,1.00835,1.0086,0.60,0.06
2008.02.18 12:12:29.293,1.00845,1.0087,0.60,1.20
2008.02.18 12:12:29.557,1.00845,1.0087,0.60,1.20
2008.02.18 12:12:29.715,1.00845,1.0087,0.60,1.20
2008.02.18 12:12:29.874,1.00845,1.0087,0.60,1.20
2008.02.18 12:12:30.034,1.0085,1.0087,0.20,0.50
2008.02.18 12:12:30.194,1.0085,1.0087,0.20,0.50
2008.02.18 12:12:30.353,1.0085,1.0087,0.20,0.50
2008.02.18 12:12:30.530,1.0085,1.0087,0.20,0.50
2008.02.18 12:12:32.065,1.0085,1.0087,0.20,0.50
2008.02.18 12:12:33.816,1.0085,1.0087,0.20,0.50
2008.02.18 12:12:36.217,1.0086,1.0087,0.60,0.50
2008.02.18 12:12:36.298,1.0086,1.0087,0.60,0.20
2008.02.18 12:12:36.377,1.0086,1.0087,0.60,0.20
2008.02.18 12:12:36.458,1.0086,1.0088,0.80,1.80
2008.02.18 12:12:36.536,1.0086,1.0088,0.80,1.80
2008.02.18 12:12:36.615,1.0086,1.0088,0.80,0.30
2008.02.18 12:12:36.758,1.0086,1.0088,0.80,0.30
2008.02.18 12:12:36.913,1.0086,1.0088,0.80,0.30
2008.02.18 12:12:37.218,1.0086,1.0088,0.80,0.30
2008.02.18 12:12:37.513,1.0085,1.00875,1.90,0.06
2008.02.18 12:12:37.808,1.0085,1.00875,0.80,0.06
2008.02.18 12:12:38.101,1.0085,1.00875,0.80,0.06
2008.02.18 12:12:38.530,1.0085,1.00875,0.80,0.06
2008.02.18 12:12:38.718,1.00855,1.0088,0.60,0.50
2008.02.18 12:12:38.906,1.00855,1.0088,0.60,0.50
2008.02.18 12:12:39.043,1.00855,1.0088,0.60,0.50
2008.02.18 12:12:39.159,1.00855,1.0088,0.60,0.50
2008.02.18 12:12:39.409,1.0086,1.0088,0.20,0.50
2008.02.18 12:12:39.527,1.0086,1.0088,0.20,0.50
2008.02.18 12:12:40.051,1.0086,1.0088,0.20,0.50
2008.02.18 12:12:40.265,1.0086,1.0088,0.20,0.50
2008.02.18 12:12:58.808,1.0086,1.0088,0.20,0.30
2008.02.18 12:12:58.912,1.0086,1.0088,0.60,0.30
2008.02.18 12:12:59.035,1.0086,1.0088,0.80,0.30
2008.02.18 12:12:59.138,1.0086,1.0088,0.80,0.30
2008.02.18 12:12:59.252,1.0086,1.0088,0.80,0.30
2008.02.18 12:13:01.299,1.0086,1.0088,0.80,0.30
2008.02.18 12:13:04.325,1.0086,1.0088,0.50,0.30
2008.02.18 12:13:04.399,1.0086,1.0088,0.50,0.30
2008.02.18 12:13:04.472,1.0086,1.0088,0.50,0.30
2008.02.18 12:13:04.550,1.0086,1.0088,0.50,0.30
2008.02.18 12:13:04.621,1.0086,1.0088,0.50,0.30
2008.02.18 12:13:04.872,1.0086,1.0088,0.50,0.30
2008.02.18 12:13:05.066,1.0086,1.0088,0.50,0.30
2008.02.18 12:13:09.240,1.0086,1.0088,0.50,0.30
2008.02.18 12:13:09.558,1.0086,1.0088,0.50,0.30
2008.02.18 12:13:09.771,1.0086,1.0088,0.50,0.30
2008.02.18 12:13:10.279,1.0086,1.0088,0.50,0.30
2008.02.18 12:13:10.531,1.0086,1.0088,0.50,0.30
2008.02.18 12:13:10.803,1.0086,1.0088,0.50,0.30
2008.02.18 12:13:11.046,1.0086,1.0088,0.50,0.30
2008.02.18 12:13:11.316,1.0086,1.0088,0.50,0.30
2008.02.18 12:13:11.535,1.0086,1.0088,0.50,0.30
2008.02.18 12:13:11.735,1.0086,1.0088,0.50,0.30
2008.02.18 12:13:14.271,1.0086,1.0088,0.80,0.30
2008.02.18 12:13:14.448,1.0086,1.0088,0.80,0.30
2008.02.18 12:13:14.717,1.0086,1.0088,0.80,0.30
2008.02.18 12:13:14.986,1.0086,1.0088,0.80,0.30
2008.02.18 12:13:15.735,1.0086,1.0088,0.80,0.30
2008.02.18 12:13:15.943,1.0086,1.0088,0.80,0.30
2008.02.18 12:13:16.152,1.0086,1.0088,0.80,0.30
2008.02.18 12:13:20.694,1.0086,1.0088,0.80,0.30
2008.02.18 12:13:20.758,1.0086,1.0088,0.80,0.30
2008.02.18 12:13:29.421,1.0086,1.0088,0.80,0.30
2008.02.18 12:13:36.808,1.0086,1.0088,0.80,0.30
2008.02.18 12:13:37.052,1.0086,1.0088,0.80,0.30
2008.02.18 12:13:37.319,1.0086,1.0088,0.80,0.30
2008.02.18 12:13:37.561,1.0086,1.0088,0.80,0.30
2008.02.18 12:13:39.463,1.0086,1.0088,0.80,0.30
2008.02.18 12:13:42.296,1.0086,1.0088,0.80,0.30
2008.02.18 12:13:42.816,1.0086,1.0088,0.80,0.30
2008.02.18 12:13:45.427,1.0086,1.0088,0.80,0.30
2008.02.18 12:13:45.634,1.0086,1.0088,0.80,0.30
2008.02.18 12:13:46.549,1.0086,1.0088,0.80,0.30
2008.02.18 12:13:48.923,1.0086,1.0088,0.80,0.30
2008.02.18 12:13:49.257,1.0086,1.00875,0.20,0.06
2008.02.18 12:13:49.591,1.0086,1.0088,0.20,0.50
2008.02.18 12:13:49.925,1.0086,1.0088,0.20,0.50
2008.02.18 12:13:51.563,1.0086,1.0088,0.20,0.50
2008.02.18 12:13:52.762,1.0086,1.0088,0.20,0.50
2008.02.18 12:13:54.245,1.0086,1.0088,0.20,0.50
2008.02.18 12:13:54.402,1.0086,1.0088,0.20,0.50
2008.02.18 12:13:54.548,1.0086,1.0088,0.20,0.50
2008.02.18 12:13:54.691,1.0086,1.0088,0.20,0.50
2008.02.18 12:14:03.932,1.0086,1.0088,0.60,0.50
2008.02.18 12:14:04.063,1.0086,1.0088,0.60,0.30
2008.02.18 12:14:04.191,1.0086,1.0088,0.60,0.30
2008.02.18 12:14:04.321,1.0086,1.0088,0.80,0.30
2008.02.18 12:14:04.502,1.0086,1.0088,0.80,0.30
2008.02.18 12:14:04.631,1.0086,1.0088,0.80,0.30
2008.02.18 12:14:05.321,1.0086,1.0088,0.80,0.30
2008.02.18 12:14:08.785,1.0086,1.0088,0.80,0.30
2008.02.18 12:14:21.512,1.0086,1.0088,0.80,0.30
2008.02.18 12:14:33.301,1.0086,1.0088,0.80,0.30
2008.02.18 12:14:39.864,1.0086,1.0088,0.80,0.30
2008.02.18 12:14:43.020,1.0086,1.0088,0.80,0.30
2008.02.18 12:14:49.580,1.0086,1.0088,0.80,0.30
2008.02.18 12:14:50.498,1.0086,1.0088,0.80,0.30
2008.02.18 12:14:50.643,1.0086,1.0088,0.80,0.30
2008.02.18 12:14:50.857,1.0086,1.0088,0.80,0.30
2008.02.18 12:15:05.504,1.0086,1.0088,0.80,0.30
2008.02.18 12:15:23.113,1.0088,1.00885,0.80,2.60
2008.02.18 12:15:23.193,1.0088,1.00885,0.80,2.60
2008.02.18 12:15:23.272,1.0088,1.00885,0.80,2.60
2008.02.18 12:15:23.607,1.0088,1.00885,0.80,2.60
2008.02.18 12:15:23.686,1.0088,1.00885,0.80,0.30
2008.02.18 12:15:23.750,1.0088,1.00885,0.80,0.30
2008.02.18 12:15:23.830,1.0088,1.00885,0.80,0.30
2008.02.18 12:15:23.894,1.0088,1.00885,0.80,0.30
2008.02.18 12:15:24.033,1.0088,1.00885,0.80,0.30
2008.02.18 12:15:24.097,1.0088,1.00885,0.80,0.30
2008.02.18 12:15:24.160,1.0088,1.0089,0.90,0.90
2008.02.18 12:15:24.223,1.0088,1.0089,0.90,0.80
2008.02.18 12:15:24.288,1.0088,1.00895,0.90,1.60
2008.02.18 12:15:24.366,1.0088,1.00895,0.90,0.80
2008.02.18 12:15:24.431,1.0088,1.00895,0.90,0.80
2008.02.18 12:15:24.547,1.0088,1.00895,0.90,0.80
2008.02.18 12:15:24.749,1.0088,1.00895,0.90,0.80
2008.02.18 12:15:24.854,1.0088,1.00895,0.90,0.80
2008.02.18 12:15:24.957,1.0088,1.00895,0.90,0.80
2008.02.18 12:15:25.454,1.0088,1.00895,0.90,0.80
2008.02.18 12:15:25.557,1.0088,1.009,0.90,1.00
2008.02.18 12:15:25.670,1.0088,1.009,1.20,0.30
2008.02.18 12:15:26.076,1.0088,1.009,1.20,0.30
2008.02.18 12:15:26.793,1.0088,1.009,1.20,0.30
2008.02.18 12:15:28.961,1.0088,1.009,0.60,0.30
2008.02.18 12:15:34.950,1.0088,1.009,1.00,0.30
2008.02.18 12:15:36.710,1.0088,1.009,0.80,0.30
2008.02.18 12:15:36.819,1.0088,1.009,0.80,0.30
2008.02.18 12:15:40.402,1.0088,1.009,0.70,0.30
2008.02.18 12:15:40.509,1.0088,1.009,1.00,0.30
2008.02.18 12:15:41.527,1.0088,1.009,1.00,0.30
2008.02.18 12:16:10.742,1.0088,1.009,1.20,0.30
2008.02.18 12:16:10.961,1.0088,1.009,1.20,0.30
2008.02.18 12:16:15.051,1.0088,1.009,1.20,0.30
2008.02.18 12:16:17.653,1.0088,1.009,1.20,0.30
2008.02.18 12:16:17.822,1.0088,1.009,1.20,0.30
2008.02.18 12:16:18.007,1.0088,1.009,1.20,0.30
2008.02.18 12:16:25.458,1.0088,1.009,1.20,0.30
2008.02.18 12:16:25.548,1.0088,1.009,1.20,0.30
2008.02.18 12:16:25.753,1.0088,1.009,1.20,0.30
2008.02.18 12:16:39.411,1.0088,1.009,1.20,0.30
2008.02.18 12:16:39.611,1.0088,1.009,0.90,0.30
2008.02.18 12:16:39.812,1.0088,1.00885,0.80,0.07
2008.02.18 12:16:40.011,1.0087,1.00885,0.20,0.60
2008.02.18 12:16:40.210,1.0087,1.00885,0.20,0.60
2008.02.18 12:16:40.331,1.00865,1.00885,0.60,0.50
2008.02.18 12:16:40.450,1.00865,1.00885,0.60,0.60
2008.02.18 12:16:40.577,1.00865,1.00885,0.60,0.60
2008.02.18 12:16:40.757,1.00865,1.00885,0.60,0.60
2008.02.18 12:16:40.876,1.0086,1.00885,0.80,0.50
2008.02.18 12:16:41.007,1.0086,1.00885,0.80,0.60
2008.02.18 12:16:41.257,1.0086,1.00885,0.80,0.50
2008.02.18 12:16:41.347,1.0086,1.00885,0.80,0.60
2008.02.18 12:16:42.771,1.0086,1.00885,0.80,2.50
2008.02.18 12:16:43.045,1.0086,1.00885,0.80,2.50
2008.02.18 12:16:43.318,1.0086,1.00885,0.80,2.50
2008.02.18 12:16:43.489,1.0086,1.00885,0.80,2.50
2008.02.18 12:16:50.725,1.00855,1.0086,6.70,0.06
2008.02.18 12:16:50.848,1.00855,1.0086,4.30,0.06
2008.02.18 12:16:50.973,1.00855,1.0086,0.30,0.30
2008.02.18 12:16:51.167,1.0085,1.0086,0.30,0.30
2008.02.18 12:16:51.362,1.0085,1.00855,0.30,0.06
2008.02.18 12:16:51.559,1.0084,1.00855,0.30,0.06
2008.02.18 12:16:51.752,1.0084,1.00855,0.30,0.06
2008.02.18 12:16:52.020,1.0084,1.00855,0.30,0.06
2008.02.18 12:16:52.269,1.0084,1.0086,0.60,0.50
2008.02.18 12:16:52.519,1.0084,1.00865,0.60,0.06
2008.02.18 12:16:52.768,1.00845,1.0087,0.60,0.06
2008.02.18 12:16:53.019,1.00845,1.0087,0.60,0.06
2008.02.18 12:16:53.267,1.00845,1.0087,0.60,0.06
2008.02.18 12:16:53.554,1.00845,1.0087,0.60,0.06
2008.02.18 12:16:54.068,1.00845,1.0087,0.60,0.06
2008.02.18 12:16:54.296,1.00835,1.0086,5.70,0.06
2008.02.18 12:16:54.526,1.00835,1.00855,0.60,0.30
2008.02.18 12:16:54.813,1.00835,1.00855,0.60,0.30
2008.02.18 12:16:55.044,1.00835,1.00855,0.60,0.30
2008.02.18 12:16:55.138,1.00835,1.00855,0.60,0.30
2008.02.18 12:16:55.544,1.00835,1.00855,0.60,0.30
2008.02.18 12:16:55.838,1.00835,1.00855,0.60,0.30
2008.02.18 12:17:13.761,1.00835,1.00855,0.60,0.30
2008.02.18 12:17:13.997,1.00835,1.00855,0.60,0.50
2008.02.18 12:17:14.368,1.0084,1.00855,0.60,0.50
2008.02.18 12:17:14.601,1.0084,1.00865,0.60,0.06
2008.02.18 12:17:14.835,1.0084,1.00855,0.70,0.20
2008.02.18 12:17:15.150,1.0084,1.00865,0.80,0.06
2008.02.18 12:17:15.464,1.00845,1.0087,0.60,0.50
2008.02.18 12:17:15.777,1.00845,1.0087,0.60,0.50
2008.02.18 12:17:16.006,1.0085,1.0087,0.20,0.50
2008.02.18 12:17:16.259,1.0085,1.0087,0.20,0.50
2008.02.18 12:17:17.055,1.0085,1.0087,0.20,0.50
2008.02.18 12:17:19.228,1.0086,1.0087,0.60,0.50
2008.02.18 12:17:19.438,1.0087,1.0088,0.20,0.50
2008.02.18 12:17:19.649,1.0087,1.00885,0.20,0.60
2008.02.18 12:17:19.860,1.0086,1.0088,2.60,0.06
2008.02.18 12:17:19.989,1.0086,1.0088,0.30,0.06
2008.02.18 12:17:20.117,1.0086,1.0088,0.30,0.06
2008.02.18 12:17:20.261,1.0086,1.00885,0.70,0.50
2008.02.18 12:17:20.399,1.0086,1.00885,0.70,0.60
2008.02.18 12:17:20.529,1.0086,1.00885,0.70,0.50
2008.02.18 12:17:20.657,1.0086,1.00885,0.70,0.60
2008.02.18 12:17:20.786,1.0086,1.00885,0.60,0.60
2008.02.18 12:17:20.917,1.00855,1.0088,2.00,0.06
2008.02.18 12:17:21.153,1.00855,1.0088,0.60,0.06
2008.02.18 12:17:21.387,1.0086,1.00885,0.60,0.60
2008.02.18 12:17:21.622,1.0086,1.00885,0.60,0.60
2008.02.18 12:17:21.857,1.00855,1.0088,2.00,0.06
2008.02.18 12:17:22.092,1.00855,1.0088,0.60,0.06
2008.02.18 12:17:22.416,1.00855,1.0088,0.60,0.06
2008.02.18 12:17:22.779,1.0085,1.00875,0.80,0.06
2008.02.18 12:17:23.078,1.0085,1.00875,0.80,0.50
2008.02.18 12:17:23.227,1.0085,1.00875,0.80,0.50
2008.02.18 12:17:23.376,1.0085,1.00875,0.80,0.50
2008.02.18 12:17:23.524,1.0085,1.00875,0.80,0.50
2008.02.18 12:17:23.674,1.0085,1.00875,0.80,0.50
2008.02.18 12:17:24.830,1.0085,1.00875,0.80,0.50
2008.02.18 12:17:35.826,1.0085,1.00875,0.80,0.50
2008.02.18 12:17:36.163,1.00845,1.0087,0.60,0.06
2008.02.18 12:17:37.089,1.00845,1.0087,0.60,0.06
2008.02.18 12:17:38.410,1.0084,1.0086,0.50,0.06
2008.02.18 12:17:38.589,1.0084,1.00855,0.50,0.50
2008.02.18 12:17:38.778,1.0084,1.00855,0.50,0.50
2008.02.18 12:17:38.948,1.0084,1.00855,0.80,0.50
2008.02.18 12:17:39.127,1.0084,1.00855,0.80,0.40
2008.02.18 12:17:39.305,1.0084,1.00855,0.80,0.40
2008.02.18 12:17:39.642,1.0085,1.00855,0.20,0.40
2008.02.18 12:17:40.749,1.0085,1.00855,0.20,0.40
2008.02.18 12:17:40.973,1.0085,1.00855,0.20,0.50
2008.02.18 12:17:41.197,1.0085,1.00855,0.20,0.50
2008.02.18 12:17:42.760,1.0085,1.00855,0.20,0.50
2008.02.18 12:17:43.274,1.0085,1.00855,0.20,0.50
2008.02.18 12:17:43.533,1.0085,1.00855,0.20,0.50
2008.02.18 12:17:43.793,1.0084,1.00855,0.20,0.50
2008.02.18 12:17:44.052,1.0084,1.00855,0.20,0.50
2008.02.18 12:17:44.231,1.0084,1.00855,0.20,0.50
2008.02.18 12:17:44.859,1.0084,1.00855,0.20,0.50
2008.02.18 12:17:45.053,1.0084,1.00855,0.20,0.50
2008.02.18 12:17:55.987,1.0084,1.00855,0.20,0.50
2008.02.18 12:17:57.932,1.0084,1.00855,0.20,0.50
2008.02.18 12:17:58.055,1.0084,1.00855,0.20,0.50
2008.02.18 12:18:03.053,1.0084,1.00855,0.20,0.50
2008.02.18 12:18:03.252,1.0084,1.00855,0.20,0.50
2008.02.18 12:18:04.846,1.0084,1.00845,0.20,0.06
2008.02.18 12:18:05.182,1.0083,1.00835,0.20,0.20
2008.02.18 12:18:05.365,1.0083,1.00845,0.20,0.20
2008.02.18 12:18:05.553,1.0083,1.00845,0.20,0.20
2008.02.18 12:18:05.863,1.0083,1.00845,0.20,0.20
2008.02.18 12:18:06.079,1.0083,1.00845,0.20,0.20
2008.02.18 12:18:06.325,1.0083,1.00845,0.20,0.20
2008.02.18 12:18:06.577,1.0083,1.0085,0.60,0.20
2008.02.18 12:18:06.826,1.0083,1.00855,0.60,0.40
2008.02.18 12:18:07.076,1.0083,1.0085,0.30,0.06
2008.02.18 12:18:07.324,1.0083,1.0085,0.30,0.06
2008.02.18 12:18:07.734,1.0083,1.0085,0.30,0.06
2008.02.18 12:18:08.052,1.0083,1.0085,0.30,0.06
2008.02.18 12:18:08.775,1.0083,1.0085,0.30,0.06
2008.02.18 12:18:08.953,1.0083,1.00845,0.30,0.06
2008.02.18 12:18:09.127,1.0083,1.00845,0.30,0.06
2008.02.18 12:18:09.302,1.00825,1.00845,0.05,0.06
2008.02.18 12:18:09.521,1.00825,1.00845,0.05,0.06
2008.02.18 12:18:10.852,1.00825,1.0084,0.05,0.06
2008.02.18 12:18:10.975,1.00825,1.0084,0.05,0.06
2008.02.18 12:18:11.091,1.00825,1.0084,0.05,0.06
2008.02.18 12:18:11.199,1.00815,1.0084,0.50,0.06
2008.02.18 12:18:11.308,1.00815,1.0084,0.60,0.06
2008.02.18 12:18:12.289,1.00815,1.0084,0.60,0.06
2008.02.18 12:18:13.023,1.00815,1.0084,0.60,0.06
2008.02.18 12:18:17.133,1.00815,1.0084,0.60,0.06
2008.02.18 12:18:17.307,1.00815,1.0084,0.60,0.06
2008.02.18 12:18:17.768,1.00815,1.0084,0.60,0.06
2008.02.18 12:18:17.941,1.0083,1.00845,0.60,0.40
2008.02.18 12:18:18.116,1.0083,1.00845,0.60,0.30
2008.02.18 12:18:18.290,1.0083,1.0085,0.60,0.20
2008.02.18 12:18:18.464,1.0083,1.0085,0.60,0.20
2008.02.18 12:18:18.717,1.0083,1.0085,0.60,0.20
2008.02.18 12:18:19.030,1.0083,1.0085,0.60,0.20
2008.02.18 12:18:19.302,1.0083,1.0085,0.60,0.20
2008.02.18 12:18:26.458,1.0083,1.0085,0.60,0.20
2008.02.18 12:18:26.633,1.0083,1.00855,0.80,2.70
2008.02.18 12:18:28.512,1.0083,1.00855,0.80,2.70
2008.02.18 12:18:32.330,1.0083,1.00855,0.80,2.70
2008.02.18 12:18:32.513,1.0083,1.00855,0.80,2.70
2008.02.18 12:18:32.696,1.0083,1.00855,0.80,2.70
2008.02.18 12:18:32.880,1.0083,1.00855,0.80,2.70
2008.02.18 12:18:33.344,1.0083,1.00855,0.80,2.70
2008.02.18 12:18:33.537,1.0083,1.00855,0.80,2.70
2008.02.18 12:18:34.396,1.0083,1.0085,0.50,0.06
2008.02.18 12:18:34.604,1.0083,1.0085,0.50,0.06
2008.02.18 12:18:34.813,1.0083,1.0085,0.20,0.06
2008.02.18 12:18:35.023,1.0083,1.0085,0.20,0.50
2008.02.18 12:18:35.887,1.0083,1.0085,0.20,0.50
2008.02.18 12:18:44.377,1.0083,1.0085,0.20,0.50
2008.02.18 12:18:46.742,1.0083,1.0085,0.20,0.50
2008.02.18 12:18:48.591,1.0083,1.0085,0.20,0.50
2008.02.18 12:18:48.688,1.0083,1.0085,0.20,0.50
2008.02.18 12:18:48.776,1.0083,1.0085,0.50,0.30
2008.02.18 12:18:48.845,1.0083,1.0085,0.50,0.30
2008.02.18 12:18:48.924,1.0083,1.0085,0.80,0.30
2008.02.18 12:18:49.015,1.0083,1.0085,0.80,0.30
2008.02.18 12:18:49.095,1.0083,1.00855,0.90,0.06
2008.02.18 12:18:49.174,1.00835,1.00855,0.50,0.06
2008.02.18 12:18:49.263,1.00835,1.00855,0.50,0.06
2008.02.18 12:18:49.333,1.00835,1.00855,0.50,0.06
2008.02.18 12:18:49.411,1.0083,1.00855,1.00,0.06
2008.02.18 12:18:49.636,1.0085,1.0086,0.60,0.20
2008.02.18 12:18:49.861,1.0085,1.00875,0.60,0.06
2008.02.18 12:18:50.086,1.0087,1.00875,0.10,0.06
2008.02.18 12:18:50.310,1.0089,1.00895,0.20,1.10
2008.02.18 12:18:50.534,1.0088,1.00885,1.20,0.06
2008.02.18 12:18:50.618,1.00865,1.00885,2.20,0.06
2008.02.18 12:18:50.702,1.00865,1.00885,1.30,0.06
2008.02.18 12:18:50.785,1.00865,1.00885,1.90,0.06
2008.02.18 12:18:50.870,1.0086,1.0087,0.60,0.80
2008.02.18 12:18:50.953,1.0086,1.0087,0.60,0.80
2008.02.18 12:18:51.036,1.0085,1.0086,0.50,0.06
2008.02.18 12:18:51.121,1.0085,1.0086,0.30,0.06
2008.02.18 12:18:51.204,1.0085,1.0086,0.30,0.06
2008.02.18 12:18:51.289,1.0085,1.0086,0.30,0.06
2008.02.18 12:18:51.372,1.00845,1.0086,3.80,0.06
2008.02.18 12:18:51.525,1.00845,1.0086,1.10,0.06
2008.02.18 12:18:51.779,1.0084,1.0086,0.30,0.06
2008.02.18 12:18:52.042,1.0084,1.0086,0.30,0.06
2008.02.18 12:18:52.285,1.0084,1.0086,0.30,0.06
2008.02.18 12:18:52.550,1.0085,1.0087,0.70,0.30
2008.02.18 12:18:52.664,1.0085,1.0087,0.70,0.30
2008.02.18 12:18:52.777,1.0085,1.0087,0.70,0.30
2008.02.18 12:18:52.979,1.0085,1.0087,0.70,0.30
2008.02.18 12:18:53.092,1.0085,1.0087,0.70,0.30
2008.02.18 12:18:53.206,1.0086,1.00875,0.20,4.80
2008.02.18 12:18:53.329,1.0086,1.00875,0.20,4.80
2008.02.18 12:18:53.443,1.0086,1.00875,0.20,2.40
2008.02.18 12:18:53.556,1.0086,1.00875,0.20,2.40
2008.02.18 12:18:53.793,1.0086,1.00875,0.20,2.40
2008.02.18 12:18:54.010,1.0086,1.00875,0.20,2.40
2008.02.18 12:18:54.307,1.0086,1.00875,0.20,2.40
2008.02.18 12:18:54.517,1.0086,1.00875,0.20,2.40
2008.02.18 12:18:55.983,1.00855,1.0086,0.10,0.06
2008.02.18 12:18:56.127,1.0085,1.0086,0.30,0.06
2008.02.18 12:18:56.272,1.00845,1.0086,0.80,0.06
2008.02.18 12:18:56.417,1.0084,1.0086,0.30,0.06
2008.02.18 12:18:57.262,1.0084,1.0086,0.30,0.06
2008.02.18 12:18:57.985,1.0084,1.0086,0.30,0.06
2008.02.18 12:18:59.727,1.0084,1.0086,0.30,0.06
2008.02.18 12:18:59.926,1.00835,1.0086,1.00,0.06
2008.02.18 12:19:00.124,1.00835,1.0086,1.40,0.06
2008.02.18 12:19:00.209,1.00835,1.0086,0.60,0.06
2008.02.18 12:19:00.249,1.00835,1.0086,0.60,0.06
2008.02.18 12:19:01.270,1.00835,1.0086,0.60,0.06
2008.02.18 12:19:04.989,1.00835,1.0086,0.60,0.06
2008.02.18 12:19:08.812,1.00835,1.0086,0.60,0.06
2008.02.18 12:19:08.945,1.00835,1.0086,0.60,0.06
2008.02.18 12:19:09.079,1.00835,1.0086,0.60,0.06
2008.02.18 12:19:18.557,1.00835,1.0086,0.60,0.06
2008.02.18 12:19:36.465,1.00835,1.0086,0.60,0.06
2008.02.18 12:19:36.565,1.00835,1.0086,0.60,0.06
2008.02.18 12:19:38.459,1.00835,1.0086,0.60,0.06
2008.02.18 12:19:38.772,1.00835,1.0086,0.60,0.06
2008.02.18 12:19:45.020,1.00835,1.0086,0.60,0.06
2008.02.18 12:19:45.235,1.00835,1.0086,0.60,0.06
2008.02.18 12:19:47.746,1.00835,1.0086,0.60,0.06
2008.02.18 12:19:56.223,1.00835,1.0086,0.60,0.06
2008.02.18 12:19:57.249,1.00835,1.0086,0.60,0.06
2008.02.18 12:19:57.858,1.00835,1.0086,0.60,0.06
2008.02.18 12:19:58.984,1.00835,1.0086,0.60,0.06
2008.02.18 12:20:21.811,1.00835,1.0086,0.60,0.06
2008.02.18 12:20:21.940,1.00835,1.0086,0.60,0.06
2008.02.18 12:20:30.506,1.00835,1.0086,0.60,0.06
2008.02.18 12:20:30.613,1.00835,1.0086,0.60,0.06
2008.02.18 12:20:36.605,1.00835,1.0086,0.60,0.06
2008.02.18 12:20:43.361,1.00835,1.0086,0.60,0.06
2008.02.18 12:20:43.521,1.00835,1.0086,0.60,0.06
2008.02.18 12:20:46.730,1.00835,1.0086,0.60,0.06
2008.02.18 12:20:47.048,1.00835,1.0086,0.60,0.06
2008.02.18 12:20:49.980,1.00835,1.0086,0.60,0.06
2008.02.18 12:20:50.422,1.00835,1.0086,0.60,0.06
2008.02.18 12:20:50.511,1.00835,1.0086,0.60,0.06
2008.02.18 12:20:51.466,1.00835,1.0086,0.60,0.20
2008.02.18 12:20:51.800,1.00835,1.0086,0.60,0.20
2008.02.18 12:20:52.674,1.0083,1.00855,0.60,0.06
2008.02.18 12:20:52.818,1.0083,1.00855,0.60,0.06
2008.02.18 12:20:52.963,1.0083,1.00855,0.60,0.06
2008.02.18 12:20:53.188,1.0083,1.00855,0.60,0.06
2008.02.18 12:20:53.411,1.0083,1.00855,0.60,0.06
2008.02.18 12:20:53.812,1.0083,1.00855,0.60,0.06
2008.02.18 12:20:54.035,1.0083,1.00855,0.60,0.06
2008.02.18 12:21:15.584,1.0083,1.00855,0.60,0.06
2008.02.18 12:21:16.815,1.0083,1.00855,0.60,0.06
2008.02.18 12:21:18.260,1.0083,1.00855,0.60,0.06
2008.02.18 12:21:29.179,1.0083,1.00855,0.60,0.06
2008.02.18 12:21:33.238,1.0083,1.00855,0.60,0.06
2008.02.18 12:21:33.303,1.0083,1.00855,0.60,0.06
2008.02.18 12:21:33.542,1.0083,1.00855,0.60,0.06
2008.02.18 12:21:33.610,1.0083,1.00855,0.60,0.06
2008.02.18 12:21:33.806,1.0083,1.00855,0.60,0.06
2008.02.18 12:21:34.145,1.0083,1.00855,0.60,0.06
2008.02.18 12:21:34.409,1.0083,1.00855,0.60,0.06
2008.02.18 12:21:34.672,1.0083,1.00855,0.60,0.06
2008.02.18 12:21:34.935,1.0083,1.00855,0.60,0.06
2008.02.18 12:21:35.200,1.0083,1.00855,0.60,0.06
2008.02.18 12:21:36.473,1.0083,1.00855,0.60,0.06
2008.02.18 12:21:36.541,1.0083,1.00855,0.60,0.06
2008.02.18 12:21:37.741,1.0083,1.00855,0.60,0.06
2008.02.18 12:21:37.852,1.0083,1.00855,0.60,0.06
2008.02.18 12:21:38.018,1.0083,1.00855,0.60,0.06
2008.02.18 12:21:39.151,1.0083,1.00855,0.60,0.06
2008.02.18 12:21:40.683,1.0083,1.00855,0.60,0.06
2008.02.18 12:21:41.017,1.0083,1.00855,0.60,0.06
2008.02.18 12:21:42.800,1.0083,1.00855,0.60,0.06
2008.02.18 12:21:42.884,1.0083,1.00855,0.60,0.06
2008.02.18 12:21:44.495,1.0083,1.00855,0.60,0.06
2008.02.18 12:21:44.547,1.0083,1.00855,0.60,0.06
2008.02.18 12:21:47.505,1.0083,1.00855,0.60,0.06
2008.02.18 12:21:47.663,1.0083,1.00855,0.60,0.06
2008.02.18 12:21:47.822,1.0083,1.00855,0.60,0.06
2008.02.18 12:21:47.984,1.0083,1.00855,0.60,0.06
2008.02.18 12:21:48.142,1.0083,1.00855,0.60,0.06
2008.02.18 12:21:48.306,1.0083,1.00855,0.60,0.06
2008.02.18 12:21:49.734,1.0083,1.00855,0.60,0.06
2008.02.18 12:21:53.005,1.0083,1.00855,0.60,0.06
2008.02.18 12:21:53.106,1.0083,1.00855,0.60,0.06
2008.02.18 12:21:53.283,1.0083,1.00855,0.60,0.06
2008.02.18 12:21:55.767,1.0083,1.00855,0.60,0.06
2008.02.18 12:21:56.060,1.0083,1.00855,0.60,0.06
2008.02.18 12:21:58.777,1.0083,1.00855,0.60,0.06
2008.02.18 12:22:02.857,1.0083,1.00855,0.60,0.06
2008.02.18 12:22:02.917,1.0083,1.00855,0.60,0.06
2008.02.18 12:22:03.061,1.0083,1.00855,0.60,0.06
2008.02.18 12:22:22.997,1.0083,1.00855,0.60,0.06
2008.02.18 12:22:23.208,1.0083,1.00855,0.60,0.06
2008.02.18 12:22:37.905,1.0083,1.00855,0.80,0.06
2008.02.18 12:22:42.761,1.0083,1.00855,0.80,0.06
2008.02.18 12:22:42.965,1.0083,1.00855,0.80,0.06
2008.02.18 12:22:43.178,1.0083,1.00855,0.80,0.06
2008.02.18 12:22:43.381,1.0083,1.00855,0.80,0.06
2008.02.18 12:22:44.247,1.0083,1.00855,0.80,0.06
2008.02.18 12:22:44.520,1.0083,1.00855,0.80,0.06
2008.02.18 12:22:49.887,1.0083,1.00855,0.80,0.06
2008.02.18 12:22:53.282,1.0083,1.00855,0.80,0.06
2008.02.18 12:22:53.395,1.0083,1.00855,0.80,0.06
2008.02.18 12:22:53.539,1.0083,1.00855,0.80,0.06
2008.02.18 12:22:54.538,1.0083,1.00855,0.80,0.06
2008.02.18 12:22:54.651,1.0083,1.00855,0.80,0.06
2008.02.18 12:22:54.783,1.0083,1.00855,0.80,0.06
2008.02.18 12:23:08.355,1.0083,1.00855,0.80,0.06
2008.02.18 12:23:09.128,1.0083,1.00855,0.80,0.06
2008.02.18 12:23:09.257,1.0083,1.00855,0.80,0.06
2008.02.18 12:23:10.791,1.0083,1.00855,0.80,0.06
2008.02.18 12:23:11.005,1.0083,1.00855,0.80,0.06
2008.02.18 12:23:15.209,1.0083,1.00855,0.80,0.06
2008.02.18 12:23:23.687,1.0083,1.00855,0.80,0.06
2008.02.18 12:23:25.164,1.0083,1.00855,0.80,0.06
2008.02.18 12:23:38.007,1.0083,1.0085,0.50,0.06
2008.02.18 12:23:38.049,1.0083,1.0085,0.50,0.06
2008.02.18 12:23:38.068,1.0083,1.0085,0.50,0.06
2008.02.18 12:23:38.151,1.0083,1.0085,0.50,0.06
2008.02.18 12:23:38.169,1.0083,1.0085,0.50,0.06
2008.02.18 12:23:38.229,1.0083,1.0085,0.20,0.06
2008.02.18 12:23:38.265,1.0083,1.0085,0.20,0.06
2008.02.18 12:23:38.363,1.0083,1.0085,0.20,0.06
2008.02.18 12:23:38.445,1.0083,1.0085,0.20,0.20
2008.02.18 12:23:38.573,1.0083,1.0085,0.20,0.20
2008.02.18 12:23:38.593,1.0083,1.0085,0.20,0.50
2008.02.18 12:23:38.721,1.0083,1.0085,0.20,0.50
2008.02.18 12:23:38.759,1.0083,1.0085,0.20,0.50
2008.02.18 12:23:38.778,1.0083,1.0085,0.20,0.50
2008.02.18 12:23:38.854,1.0083,1.0085,0.20,0.50
2008.02.18 12:23:39.055,1.00835,1.0085,0.60,0.50
2008.02.18 12:23:39.154,1.0085,1.00855,0.20,2.60
2008.02.18 12:23:39.252,1.0085,1.00855,0.20,2.40
2008.02.18 12:23:39.351,1.0084,1.0085,0.30,0.30
2008.02.18 12:23:39.465,1.0084,1.0085,0.30,0.30
2008.02.18 12:23:39.563,1.00835,1.0085,0.80,0.30
2008.02.18 12:23:39.661,1.0083,1.0085,0.20,0.30
2008.02.18 12:23:39.760,1.0083,1.0085,0.20,0.30
2008.02.18 12:23:39.859,1.0083,1.0085,0.20,0.50
2008.02.18 12:23:39.991,1.00835,1.0085,0.60,0.50
2008.02.18 12:23:40.089,1.00835,1.0085,0.60,0.50
2008.02.18 12:23:40.188,1.00835,1.0085,2.00,0.30
2008.02.18 12:23:40.302,1.00835,1.0085,2.00,0.30
2008.02.18 12:23:40.415,1.0084,1.0085,0.30,0.30
2008.02.18 12:23:40.530,1.0084,1.0085,0.30,0.30
2008.02.18 12:23:41.031,1.0084,1.0085,0.30,0.30
2008.02.18 12:23:41.145,1.0083,1.00855,0.80,0.06
2008.02.18 12:23:41.268,1.0083,1.00855,0.80,0.06
2008.02.18 12:23:41.393,1.0083,1.00855,0.80,0.06
2008.02.18 12:23:41.534,1.0083,1.00855,0.80,0.06
2008.02.18 12:23:42.224,1.0083,1.00855,0.80,0.06
2008.02.18 12:23:42.398,1.0083,1.00855,0.80,0.06
2008.02.18 12:23:42.457,1.0083,1.00855,0.80,0.06
2008.02.18 12:23:42.530,1.0083,1.00855,0.80,0.06
2008.02.18 12:23:44.067,1.0083,1.00855,0.80,0.06
2008.02.18 12:23:50.988,1.00835,1.0086,0.60,0.50
2008.02.18 12:23:51.050,1.00835,1.0086,0.60,0.20
2008.02.18 12:23:51.094,1.00835,1.0086,0.60,0.20
2008.02.18 12:23:51.171,1.00835,1.0086,0.60,0.20
2008.02.18 12:23:51.200,1.00835,1.0086,0.60,0.06
2008.02.18 12:23:51.294,1.00835,1.0086,0.60,0.06
2008.02.18 12:23:51.508,1.00835,1.0086,0.60,0.06
2008.02.18 12:23:51.804,1.00835,1.0086,0.60,0.06
2008.02.18 12:23:52.316,1.00835,1.0086,0.60,0.06
2008.02.18 12:23:54.014,1.00835,1.0086,0.60,0.06
2008.02.18 12:23:54.110,1.00835,1.0086,0.60,0.06
2008.02.18 12:23:54.308,1.00835,1.0086,0.60,0.06
2008.02.18 12:23:54.507,1.00835,1.0086,0.60,0.06
2008.02.18 12:23:54.705,1.00835,1.0086,0.60,0.06
2008.02.18 12:23:54.904,1.00835,1.0086,0.60,0.06
2008.02.18 12:23:55.581,1.00835,1.0086,0.60,0.06
2008.02.18 12:23:55.662,1.00835,1.0086,0.60,0.06
2008.02.18 12:23:55.769,1.00865,1.0087,0.90,0.50
2008.02.18 12:23:55.828,1.00865,1.0087,0.80,0.50
2008.02.18 12:23:56.070,1.00865,1.0087,0.60,0.50
2008.02.18 12:23:56.130,1.00865,1.0087,0.60,0.06
2008.02.18 12:23:56.189,1.00865,1.0087,0.80,0.06
2008.02.18 12:23:56.247,1.00855,1.0087,0.20,0.06
2008.02.18 12:23:56.308,1.00855,1.0087,0.20,0.06
2008.02.18 12:23:56.576,1.00855,1.00875,0.20,0.06
2008.02.18 12:23:56.636,1.00855,1.00875,0.20,0.06
2008.02.18 12:23:56.800,1.00855,1.00875,0.30,0.06
2008.02.18 12:23:56.965,1.00855,1.00875,0.30,0.06
2008.02.18 12:23:57.128,1.00855,1.0088,0.70,0.06
2008.02.18 12:23:57.293,1.00855,1.0088,0.70,0.06
2008.02.18 12:23:57.458,1.00855,1.0088,0.70,0.06
2008.02.18 12:23:57.621,1.00855,1.0088,0.70,0.06
2008.02.18 12:23:57.830,1.00855,1.0088,0.70,0.06
2008.02.18 12:23:59.252,1.00855,1.0088,0.70,0.06
2008.02.18 12:23:59.281,1.00855,1.0088,0.80,0.06
2008.02.18 12:23:59.371,1.00855,1.0088,0.80,0.06
2008.02.18 12:23:59.399,1.00855,1.0088,0.70,0.06
2008.02.18 12:23:59.496,1.0086,1.00885,0.60,0.06
2008.02.18 12:23:59.571,1.0086,1.00885,0.60,0.06
2008.02.18 12:23:59.609,1.0086,1.00885,0.60,0.06
2008.02.18 12:23:59.688,1.0086,1.00885,0.60,0.06
2008.02.18 12:23:59.714,1.0086,1.00885,0.60,0.06
2008.02.18 12:23:59.766,1.0086,1.00885,0.60,0.06
2008.02.18 12:23:59.922,1.0086,1.00885,0.60,0.06
2008.02.18 12:24:00.098,1.0086,1.00885,0.60,0.06
2008.02.18 12:24:00.223,1.0086,1.00885,0.60,0.06
2008.02.18 12:24:00.348,1.0086,1.00885,0.60,0.06
2008.02.18 12:24:00.470,1.0086,1.00885,0.60,0.06
2008.02.18 12:24:00.595,1.0086,1.00885,0.60,0.06
2008.02.18 12:24:00.718,1.0086,1.00885,0.60,0.06
2008.02.18 12:24:00.843,1.0086,1.00885,0.60,0.06
2008.02.18 12:24:00.977,1.0086,1.00885,0.60,0.06
2008.02.18 12:24:01.260,1.0086,1.00885,0.60,0.06
2008.02.18 12:24:01.359,1.0086,1.00885,0.60,0.06
2008.02.18 12:24:01.475,1.0086,1.00885,0.60,0.06
2008.02.18 12:24:01.575,1.00865,1.0089,0.60,0.06
2008.02.18 12:24:01.674,1.00865,1.0089,0.60,0.06
2008.02.18 12:24:01.773,1.00865,1.0089,0.70,0.06
2008.02.18 12:24:01.872,1.00865,1.0089,0.70,0.06
2008.02.18 12:24:01.979,1.00865,1.0089,0.80,0.06
2008.02.18 12:24:02.077,1.00865,1.0089,0.80,0.06
2008.02.18 12:24:02.203,1.00865,1.0089,0.80,0.06
2008.02.18 12:24:02.665,1.00865,1.0089,0.80,0.06
2008.02.18 12:24:02.814,1.00865,1.0089,0.80,0.06
2008.02.18 12:24:03.326,1.00865,1.0089,0.80,0.06
2008.02.18 12:24:17.543,1.00865,1.0089,0.80,0.06
2008.02.18 12:24:24.191,1.00865,1.0089,0.80,0.06
2008.02.18 12:24:24.322,1.00865,1.0089,0.80,0.06
2008.02.18 12:24:26.548,1.00865,1.0089,0.80,0.06
2008.02.18 12:24:30.614,1.00865,1.0089,0.80,0.06
2008.02.18 12:24:40.568,1.00865,1.0089,0.80,0.06
2008.02.18 12:24:42.123,1.00865,1.0089,0.80,0.06
2008.02.18 12:24:45.700,1.00865,1.0089,0.80,0.06
2008.02.18 12:24:47.132,1.00865,1.0089,0.80,0.06
2008.02.18 12:24:47.962,1.00865,1.0089,0.80,0.06
2008.02.18 12:24:49.758,1.00865,1.0089,0.80,0.06
2008.02.18 12:24:52.079,1.00865,1.0089,0.80,0.06
2008.02.18 12:25:02.593,1.00865,1.0089,0.80,0.06
2008.02.18 12:25:03.826,1.00865,1.0089,0.80,0.06
2008.02.18 12:25:07.567,1.00865,1.0089,0.60,0.06
2008.02.18 12:25:07.681,1.0086,1.00885,1.10,0.06
2008.02.18 12:25:07.796,1.0086,1.00885,0.60,0.06
2008.02.18 12:25:07.910,1.0086,1.00885,0.60,0.06
2008.02.18 12:25:08.087,1.0086,1.00885,0.60,0.06
2008.02.18 12:25:08.289,1.0086,1.00885,0.60,0.06
2008.02.18 12:25:08.761,1.0086,1.00885,0.60,0.06
2008.02.18 12:25:08.844,1.0086,1.00885,0.60,0.06
2008.02.18 12:25:08.983,1.0086,1.00885,0.60,0.06
2008.02.18 12:25:09.122,1.0086,1.00885,0.60,0.06
2008.02.18 12:25:09.286,1.0086,1.00885,0.60,0.06
2008.02.18 12:25:09.425,1.0086,1.00885,0.60,0.06
2008.02.18 12:25:09.564,1.0086,1.00885,0.60,0.06
2008.02.18 12:25:09.845,1.0086,1.00885,0.60,0.06
2008.02.18 12:25:11.292,1.0086,1.00885,0.60,0.06
2008.02.18 12:25:16.784,1.0086,1.00885,0.60,0.06
2008.02.18 12:25:17.028,1.0086,1.00885,0.60,0.06
2008.02.18 12:25:17.271,1.0086,1.00885,0.60,0.06
2008.02.18 12:25:19.545,1.0086,1.00885,0.60,0.06
2008.02.18 12:25:20.299,1.0086,1.00885,0.60,0.06
2008.02.18 12:25:31.152,1.0086,1.00885,0.60,0.06
2008.02.18 12:25:31.318,1.0086,1.00885,0.60,0.06
2008.02.18 12:25:31.482,1.0086,1.00885,0.60,0.06
2008.02.18 12:25:31.646,1.0086,1.00885,0.60,0.06
2008.02.18 12:25:31.815,1.0086,1.00885,0.60,0.06
2008.02.18 12:25:31.978,1.0086,1.00885,0.60,0.06
2008.02.18 12:25:34.708,1.00855,1.00875,5.40,0.06
2008.02.18 12:25:34.776,1.00855,1.00875,1.70,0.06
2008.02.18 12:25:34.815,1.00855,1.00875,4.10,0.06
2008.02.18 12:25:34.894,1.00855,1.00875,2.50,0.06
2008.02.18 12:25:35.012,1.0086,1.00875,0.30,0.06
2008.02.18 12:25:35.032,1.0086,1.00875,0.30,0.06
2008.02.18 12:25:35.072,1.0086,1.00875,0.30,0.06
2008.02.18 12:25:35.282,1.0086,1.00875,0.30,0.06
2008.02.18 12:25:35.797,1.0086,1.00875,0.30,0.06
2008.02.18 12:25:36.092,1.0085,1.00875,0.80,0.06
2008.02.18 12:25:36.385,1.0085,1.00875,0.80,0.06
2008.02.18 12:25:36.679,1.0085,1.00875,0.80,0.06
2008.02.18 12:25:38.339,1.0085,1.00875,0.80,0.06
2008.02.18 12:25:48.264,1.0085,1.00875,0.80,0.06
2008.02.18 12:25:55.256,1.0085,1.00875,0.80,0.06
2008.02.18 12:25:55.366,1.0085,1.00875,0.80,0.06
2008.02.18 12:26:04.807,1.0086,1.0088,0.60,0.20
2008.02.18 12:26:04.852,1.0086,1.0088,0.60,0.20
2008.02.18 12:26:04.911,1.0086,1.0088,0.60,0.20
2008.02.18 12:26:04.933,1.0086,1.00885,0.60,0.06
2008.02.18 12:26:05.037,1.0086,1.00885,0.60,0.06
2008.02.18 12:26:05.040,1.0086,1.00885,0.60,0.06
2008.02.18 12:26:05.159,1.0086,1.00885,0.60,0.06
2008.02.18 12:26:05.879,1.0086,1.00885,0.60,0.06
2008.02.18 12:26:06.133,1.0086,1.00885,0.60,0.06
2008.02.18 12:26:06.387,1.0086,1.00885,0.60,0.06
2008.02.18 12:26:08.098,1.0086,1.00885,0.60,0.06
2008.02.18 12:26:08.355,1.0086,1.00885,0.60,0.06
2008.02.18 12:26:08.579,1.0086,1.00885,0.60,0.06
2008.02.18 12:26:08.802,1.0086,1.00885,0.60,0.06
2008.02.18 12:26:09.027,1.00855,1.00875,3.60,0.06
2008.02.18 12:26:09.199,1.0085,1.00875,0.80,0.06
2008.02.18 12:26:09.363,1.0085,1.00875,0.80,0.06
2008.02.18 12:26:09.528,1.0085,1.00875,0.80,0.06
2008.02.18 12:26:09.859,1.0085,1.00875,0.80,0.06
2008.02.18 12:26:10.024,1.0085,1.00875,0.80,0.06
2008.02.18 12:26:10.222,1.0085,1.00875,0.80,0.06
2008.02.18 12:26:10.519,1.0085,1.00875,0.80,0.06
2008.02.18 12:26:10.833,1.0085,1.00875,0.80,0.06
2008.02.18 12:26:11.038,1.0085,1.00875,0.80,0.06
2008.02.18 12:26:11.360,1.0085,1.00875,0.80,0.06
2008.02.18 12:26:11.716,1.0085,1.00875,0.80,0.06
2008.02.18 12:26:11.915,1.0085,1.00875,0.80,0.06
2008.02.18 12:26:12.114,1.0085,1.00875,0.80,0.06
2008.02.18 12:26:12.362,1.0085,1.00875,0.80,0.06
2008.02.18 12:26:12.452,1.0085,1.0087,0.50,0.06
2008.02.18 12:26:12.542,1.0085,1.0087,0.50,0.06
2008.02.18 12:26:13.773,1.0085,1.0087,0.50,0.06
2008.02.18 12:26:13.786,1.0085,1.0087,0.50,0.30
2008.02.18 12:26:13.853,1.0085,1.0087,0.20,0.30
2008.02.18 12:26:14.027,1.0085,1.0087,0.20,0.30
2008.02.18 12:26:14.096,1.0085,1.0087,0.20,0.50
2008.02.18 12:26:14.521,1.0085,1.0087,0.20,0.50
2008.02.18 12:26:14.592,1.0085,1.0087,0.20,0.50
2008.02.18 12:26:14.911,1.0085,1.0087,0.20,0.50
2008.02.18 12:26:14.981,1.0085,1.0087,0.20,0.50
2008.02.18 12:26:15.132,1.0085,1.0087,0.20,0.50
2008.02.18 12:26:15.422,1.0085,1.0087,0.20,0.50
2008.02.18 12:26:15.592,1.0085,1.0087,0.20,0.50
2008.02.18 12:26:15.861,1.0085,1.0087,0.20,0.50
2008.02.18 12:26:16.010,1.0085,1.0087,0.20,0.50
2008.02.18 12:26:16.158,1.0085,1.0087,0.20,0.50
2008.02.18 12:26:50.328,1.0085,1.0087,0.20,0.50
2008.02.18 12:27:00.277,1.0085,1.0087,0.20,0.50
2008.02.18 12:27:00.633,1.0085,1.0087,0.20,0.50
2008.02.18 12:27:01.862,1.0085,1.0087,0.20,0.50
2008.02.18 12:27:02.050,1.0085,1.0087,0.20,0.50
2008.02.18 12:27:03.074,1.0085,1.0087,0.20,0.50
2008.02.18 12:27:06.215,1.0085,1.0087,0.20,0.50
2008.02.18 12:27:06.826,1.0085,1.0087,0.20,0.50
2008.02.18 12:27:12.039,1.0085,1.0087,0.20,0.50
2008.02.18 12:27:17.019,1.0085,1.0087,0.20,0.50
2008.02.18 12:27:17.897,1.0085,1.0087,0.20,0.50
2008.02.18 12:27:18.778,1.0085,1.0087,0.20,0.50
2008.02.18 12:27:19.737,1.0085,1.0087,0.20,0.50
2008.02.18 12:27:19.815,1.0085,1.0087,0.20,0.50
2008.02.18 12:27:20.275,1.0085,1.0087,0.20,0.50
2008.02.18 12:27:20.354,1.0085,1.0087,0.20,0.50
2008.02.18 12:27:20.588,1.0085,1.0087,0.20,0.50
2008.02.18 12:27:22.610,1.0085,1.0087,0.20,0.50
2008.02.18 12:27:22.823,1.0085,1.0087,0.20,0.50
2008.02.18 12:27:22.932,1.0085,1.0087,0.20,0.50
2008.02.18 12:27:24.296,1.0085,1.0087,0.20,0.50
2008.02.18 12:27:24.403,1.0085,1.0087,0.20,0.50
2008.02.18 12:27:24.576,1.0085,1.0087,0.20,0.50
2008.02.18 12:27:25.807,1.0085,1.0087,0.20,0.50
2008.02.18 12:27:26.269,1.0085,1.0087,0.20,0.50
2008.02.18 12:27:26.388,1.0085,1.0087,0.20,0.50
2008.02.18 12:27:26.534,1.0085,1.0087,0.20,0.50
2008.02.18 12:27:28.303,1.0085,1.0087,0.20,0.50
2008.02.18 12:27:28.516,1.0085,1.0087,0.20,0.50
2008.02.18 12:27:28.730,1.0085,1.0087,0.20,0.50
2008.02.18 12:27:30.188,1.0085,1.0087,0.20,0.50
2008.02.18 12:27:30.308,1.0085,1.0087,0.20,0.50
2008.02.18 12:27:30.574,1.0085,1.0087,0.20,0.50
2008.02.18 12:27:32.268,1.0085,1.0087,0.20,0.50
2008.02.18 12:27:32.322,1.0085,1.0087,0.20,0.50
2008.02.18 12:27:32.387,1.0085,1.0087,0.20,0.50
2008.02.18 12:27:32.516,1.0085,1.0087,0.20,0.50
2008.02.18 12:27:34.298,1.0085,1.0087,0.20,0.50
2008.02.18 12:27:34.492,1.0085,1.0087,0.20,0.50
2008.02.18 12:27:34.686,1.0085,1.0087,0.20,0.50
2008.02.18 12:27:35.940,1.0085,1.0087,0.20,0.50
2008.02.18 12:27:36.199,1.0085,1.0087,0.20,0.50
2008.02.18 12:27:36.365,1.0085,1.0087,0.20,0.50
2008.02.18 12:27:36.527,1.0085,1.00855,0.20,0.50
2008.02.18 12:27:36.691,1.0085,1.00855,0.20,0.50
2008.02.18 12:27:37.538,1.0085,1.00855,0.20,0.50
2008.02.18 12:27:38.297,1.0085,1.00865,0.20,0.80
2008.02.18 12:27:38.404,1.0085,1.00855,0.20,0.50
2008.02.18 12:27:38.549,1.0085,1.00855,0.20,0.50
2008.02.18 12:27:38.954,1.0085,1.00855,0.20,0.50
2008.02.18 12:27:39.074,1.0085,1.00855,0.20,0.50
2008.02.18 12:27:39.172,1.0085,1.00865,0.20,0.80
2008.02.18 12:27:39.271,1.0085,1.00865,0.20,0.06
2008.02.18 12:27:39.475,1.0085,1.0087,0.20,1.20
2008.02.18 12:27:39.542,1.0085,1.0087,0.20,1.20
2008.02.18 12:27:39.612,1.0085,1.0087,0.20,2.00
2008.02.18 12:27:39.750,1.0085,1.00855,0.20,0.20
2008.02.18 12:27:39.819,1.0085,1.00855,0.20,0.20
2008.02.18 12:27:39.989,1.0085,1.00855,0.20,0.20
2008.02.18 12:27:40.059,1.00835,1.0084,10.80,0.30
2008.02.18 12:27:40.129,1.00835,1.0084,3.80,0.30
2008.02.18 12:27:40.198,1.0084,1.00845,1.50,0.30
2008.02.18 12:27:40.441,1.0082,1.0084,1.20,0.30
2008.02.18 12:27:40.766,1.0082,1.0084,0.90,0.30
2008.02.18 12:27:41.100,1.0082,1.0084,1.10,0.30
2008.02.18 12:27:41.434,1.0082,1.0084,1.10,0.30
2008.02.18 12:27:41.584,1.0082,1.0084,1.10,0.30
2008.02.18 12:27:42.305,1.0082,1.0084,1.00,0.30
2008.02.18 12:27:48.528,1.0082,1.0084,0.50,0.30
2008.02.18 12:27:49.031,1.0082,1.0084,0.80,0.30
2008.02.18 12:27:54.803,1.0082,1.0084,0.70,0.30
2008.02.18 12:27:54.918,1.0082,1.0084,0.80,0.30
2008.02.18 12:27:55.114,1.0082,1.0084,0.70,0.30
2008.02.18 12:28:02.291,1.0082,1.0084,1.20,0.30
2008.02.18 12:28:06.871,1.0082,1.0084,1.60,0.30
2008.02.18 12:28:06.975,1.0082,1.0084,1.60,0.30
2008.02.18 12:28:07.097,1.0082,1.0084,1.60,0.30
2008.02.18 12:28:19.860,1.0082,1.0084,1.60,0.30
2008.02.18 12:28:23.318,1.0082,1.0084,1.60,0.30
2008.02.18 12:28:25.872,1.0082,1.0084,1.60,0.30
2008.02.18 12:28:25.910,1.0082,1.0084,1.60,0.30
2008.02.18 12:28:25.997,1.0082,1.0084,1.60,0.30
2008.02.18 12:28:26.094,1.0082,1.0084,1.60,0.30
2008.02.18 12:28:27.031,1.0082,1.0084,1.60,0.30
2008.02.18 12:28:27.096,1.0082,1.0084,1.60,0.30
2008.02.18 12:28:27.235,1.0082,1.0084,1.60,0.30
2008.02.18 12:28:27.309,1.0082,1.0084,1.60,0.30
2008.02.18 12:28:28.337,1.0082,1.0084,1.60,0.30
2008.02.18 12:28:28.544,1.0082,1.0084,1.60,0.30
2008.02.18 12:28:40.051,1.0082,1.0084,0.80,0.30
2008.02.18 12:28:40.135,1.0082,1.0084,0.80,0.30
2008.02.18 12:28:40.354,1.0082,1.0084,0.80,0.30
2008.02.18 12:28:41.071,1.0082,1.0084,1.60,0.30
2008.02.18 12:28:41.144,1.0082,1.0084,1.60,0.30
2008.02.18 12:28:41.283,1.0082,1.0084,1.60,0.30
2008.02.18 12:28:42.277,1.0082,1.0084,1.60,0.30
2008.02.18 12:28:46.734,1.0082,1.0084,1.60,0.30
2008.02.18 12:28:46.852,1.0082,1.0084,1.60,0.30
2008.02.18 12:28:47.357,1.0082,1.0084,1.60,0.30
2008.02.18 12:28:47.652,1.0082,1.0084,1.60,0.30
2008.02.18 12:28:48.537,1.0082,1.0083,1.20,0.06
2008.02.18 12:28:48.656,1.0082,1.0083,1.20,0.06
2008.02.18 12:28:48.695,1.0082,1.0083,0.20,0.06
2008.02.18 12:28:48.733,1.00815,1.0083,9.40,0.30
2008.02.18 12:28:48.779,1.00815,1.0083,5.70,0.30
2008.02.18 12:28:48.818,1.0081,1.0083,0.50,0.30
2008.02.18 12:28:48.880,1.0081,1.0083,0.50,0.30
2008.02.18 12:28:48.918,1.0081,1.0083,0.50,0.30
2008.02.18 12:28:49.081,1.0081,1.0083,0.50,0.30
2008.02.18 12:28:49.118,1.0081,1.0083,0.50,0.30
2008.02.18 12:28:49.741,1.0081,1.0083,0.20,0.30
2008.02.18 12:28:49.881,1.0081,1.0083,0.20,0.50
2008.02.18 12:28:50.114,1.0081,1.0083,0.20,0.50
2008.02.18 12:28:50.314,1.0081,1.0083,0.20,0.50
2008.02.18 12:28:50.824,1.0081,1.0083,0.20,0.50
2008.02.18 12:28:52.561,1.00815,1.0083,0.60,0.50
2008.02.18 12:28:52.649,1.00815,1.0083,0.60,0.50
2008.02.18 12:28:52.733,1.00815,1.0084,0.60,1.20
2008.02.18 12:28:52.968,1.00815,1.0084,0.60,0.50
2008.02.18 12:28:53.201,1.0082,1.0084,0.60,0.50
2008.02.18 12:28:53.434,1.0082,1.0084,0.60,0.50
2008.02.18 12:28:53.667,1.00815,1.0084,2.00,0.50
2008.02.18 12:28:53.900,1.00815,1.0084,2.00,0.50
2008.02.18 12:28:54.088,1.00815,1.0084,0.60,0.50
2008.02.18 12:28:54.277,1.0082,1.0084,0.60,0.50
2008.02.18 12:28:54.466,1.0082,1.0084,0.60,0.50
2008.02.18 12:28:54.791,1.0082,1.0084,0.60,0.50
2008.02.18 12:28:55.110,1.0082,1.0084,0.60,0.50
2008.02.18 12:28:55.203,1.00815,1.0084,0.60,0.50
2008.02.18 12:28:55.557,1.0082,1.0084,0.60,0.50
2008.02.18 12:28:55.667,1.0082,1.0084,0.60,0.50
2008.02.18 12:28:56.042,1.0082,1.0084,0.60,0.50
2008.02.18 12:28:57.643,1.00815,1.0083,1.60,0.06
2008.02.18 12:28:57.697,1.00815,1.0083,1.60,0.06
2008.02.18 12:28:57.750,1.00815,1.0083,1.60,0.06
2008.02.18 12:28:57.804,1.00815,1.0083,1.60,0.06
2008.02.18 12:28:57.858,1.0081,1.0083,0.50,0.06
2008.02.18 12:28:58.208,1.0081,1.0083,0.50,0.30
2008.02.18 12:28:58.814,1.0081,1.0083,0.50,0.30
2008.02.18 12:28:59.122,1.0081,1.0083,0.50,0.30
2008.02.18 12:29:00.663,1.0081,1.00825,0.50,0.06
2008.02.18 12:29:00.813,1.0081,1.00825,0.30,0.06
2008.02.18 12:29:00.961,1.008,1.00825,0.80,0.06
2008.02.18 12:29:01.135,1.008,1.00825,0.80,0.06
2008.02.18 12:29:01.301,1.008,1.00815,0.50,0.06
2008.02.18 12:29:01.465,1.0079,1.00815,1.20,0.06
2008.02.18 12:29:01.629,1.0079,1.00815,1.20,0.06
2008.02.18 12:29:01.793,1.0079,1.0081,0.80,0.06
2008.02.18 12:29:01.956,1.00785,1.0081,0.60,0.06
2008.02.18 12:29:02.121,1.0079,1.00815,0.60,0.06
2008.02.18 12:29:02.439,1.0079,1.00815,0.60,0.06
2008.02.18 12:29:02.758,1.0079,1.00815,0.60,0.06
2008.02.18 12:29:04.014,1.0079,1.00815,0.60,0.06
2008.02.18 12:29:04.337,1.0079,1.00815,0.60,0.06
2008.02.18 12:29:07.014,1.0079,1.00815,0.60,0.06
2008.02.18 12:29:09.711,1.0079,1.00815,0.60,0.06
2008.02.18 12:29:09.940,1.0079,1.00815,0.60,0.06
2008.02.18 12:29:10.169,1.0079,1.00815,0.60,0.06
2008.02.18 12:29:10.397,1.0079,1.00815,0.60,0.06
2008.02.18 12:29:10.530,1.0079,1.00815,0.60,0.06
2008.02.18 12:29:10.752,1.0079,1.00815,0.60,0.80
2008.02.18 12:29:10.885,1.0079,1.00815,0.60,0.06
2008.02.18 12:29:11.287,1.0079,1.00815,0.60,0.06
2008.02.18 12:29:11.677,1.0079,1.00815,0.60,0.06
2008.02.18 12:29:11.780,1.0079,1.00815,0.60,0.06
2008.02.18 12:29:11.884,1.0079,1.00815,0.60,0.80
2008.02.18 12:29:12.002,1.0079,1.00815,0.60,0.06
2008.02.18 12:29:12.106,1.0079,1.00815,0.60,0.06
2008.02.18 12:29:12.209,1.0079,1.00815,0.60,0.06
2008.02.18 12:29:12.313,1.0079,1.00815,0.60,0.06
2008.02.18 12:29:12.416,1.0079,1.00815,0.60,0.06
2008.02.18 12:29:12.554,1.0079,1.00815,0.60,0.06
2008.02.18 12:29:12.693,1.0079,1.00815,0.60,0.06
2008.02.18 12:29:12.831,1.0079,1.00815,0.60,0.06
2008.02.18 12:29:12.970,1.0079,1.00815,0.60,0.06
2008.02.18 12:29:13.109,1.0079,1.00815,0.60,0.06
2008.02.18 12:29:13.253,1.0079,1.00815,0.60,0.06
2008.02.18 12:29:13.391,1.0079,1.00815,0.60,0.06
2008.02.18 12:29:13.551,1.0079,1.00815,0.60,0.06
2008.02.18 12:29:13.683,1.0079,1.00815,0.60,0.06
2008.02.18 12:29:25.998,1.0079,1.00815,0.60,0.06
2008.02.18 12:29:29.828,1.0079,1.00815,0.60,0.06
2008.02.18 12:29:43.164,1.00795,1.0082,0.60,0.80
2008.02.18 12:29:43.302,1.00795,1.0082,0.60,0.80
2008.02.18 12:29:43.442,1.00795,1.0082,0.60,1.00
2008.02.18 12:29:43.592,1.00795,1.0082,0.60,1.00
2008.02.18 12:29:43.732,1.00795,1.0082,0.60,1.00
2008.02.18 12:29:43.871,1.00795,1.0082,0.60,1.00
2008.02.18 12:29:44.347,1.00795,1.0082,0.60,1.00
2008.02.18 12:29:44.507,1.00795,1.0082,0.60,1.00
2008.02.18 12:29:44.665,1.00795,1.0082,0.60,0.80
2008.02.18 12:29:47.445,1.00795,1.0082,0.60,0.80
2008.02.18 12:29:50.057,1.00795,1.0082,0.60,0.80
2008.02.18 12:29:58.778,1.00795,1.0082,0.60,0.80
2008.02.18 12:30:01.446,1.00795,1.0082,0.60,0.80
2008.02.18 12:30:01.538,1.00795,1.0082,0.60,0.80
2008.02.18 12:30:01.616,1.00795,1.0082,0.60,0.80
2008.02.18 12:30:01.765,1.00795,1.0082,0.60,0.80
2008.02.18 12:30:02.074,1.00795,1.0082,0.60,0.80
2008.02.18 12:30:02.928,1.00795,1.00815,0.60,0.80
2008.02.18 12:30:03.147,1.00795,1.00815,0.60,0.80
2008.02.18 12:30:04.018,1.00795,1.0082,0.60,0.06
2008.02.18 12:30:04.147,1.00795,1.0081,0.60,0.80
2008.02.18 12:30:04.340,1.00795,1.0081,0.60,0.80
2008.02.18 12:30:04.535,1.00795,1.0081,0.60,0.80
2008.02.18 12:30:05.582,1.00795,1.0081,0.60,0.80
2008.02.18 12:30:08.073,1.00795,1.0081,0.60,0.80
2008.02.18 12:30:10.971,1.00795,1.0081,0.60,0.80
2008.02.18 12:30:13.148,1.00795,1.0081,0.60,0.80
2008.02.18 12:30:20.910,1.00795,1.0081,0.60,0.80
2008.02.18 12:30:23.194,1.00795,1.0081,0.60,0.80
2008.02.18 12:30:30.858,1.00795,1.0081,0.60,0.80
2008.02.18 12:30:31.113,1.00795,1.0081,0.60,0.80
2008.02.18 12:30:33.323,1.00795,1.0081,0.60,0.80
2008.02.18 12:30:38.867,1.00795,1.0081,0.60,0.80
2008.02.18 12:30:41.006,1.00795,1.0081,0.60,0.80
2008.02.18 12:30:42.130,1.00795,1.0081,0.60,0.80
2008.02.18 12:30:42.380,1.00795,1.0081,0.60,0.80
2008.02.18 12:30:43.240,1.00795,1.0081,0.60,0.80
2008.02.18 12:30:43.508,1.00795,1.0081,0.60,0.80
2008.02.18 12:30:43.761,1.00795,1.0081,0.60,0.80
2008.02.18 12:30:44.015,1.00795,1.0081,0.60,0.80
2008.02.18 12:30:44.341,1.00795,1.0081,0.60,0.80
2008.02.18 12:30:45.015,1.00795,1.0081,0.60,0.80
2008.02.18 12:30:45.312,1.00795,1.0081,0.60,0.80
2008.02.18 12:30:45.743,1.00795,1.0081,0.60,0.80
2008.02.18 12:30:51.771,1.0079,1.00805,1.40,0.06
2008.02.18 12:30:51.882,1.0079,1.00805,1.20,0.06
2008.02.18 12:30:51.955,1.0079,1.00805,2.30,0.06
2008.02.18 12:30:52.095,1.0079,1.00805,0.50,0.06
2008.02.18 12:30:52.235,1.0079,1.00805,0.20,0.06
2008.02.18 12:30:52.460,1.0078,1.008,0.70,0.30
2008.02.18 12:30:52.599,1.0078,1.008,0.50,0.30
2008.02.18 12:30:52.737,1.0078,1.008,0.60,0.30
2008.02.18 12:30:52.876,1.0078,1.00795,0.70,0.06
2008.02.18 12:30:53.015,1.0078,1.00795,0.60,0.06
2008.02.18 12:30:53.178,1.0077,1.00795,0.80,0.06
2008.02.18 12:30:53.342,1.0077,1.00795,0.80,0.06
2008.02.18 12:30:53.506,1.0077,1.0079,0.50,0.06
2008.02.18 12:30:53.670,1.0077,1.0079,0.30,0.06
2008.02.18 12:30:53.840,1.00765,1.0079,0.60,0.06
2008.02.18 12:30:54.004,1.00765,1.0079,0.60,0.06
2008.02.18 12:30:54.197,1.00765,1.0079,0.60,0.06
2008.02.18 12:30:54.391,1.00765,1.0079,0.60,0.06
2008.02.18 12:30:54.585,1.00765,1.0079,0.60,0.06
2008.02.18 12:30:56.336,1.00765,1.0079,0.60,0.06
2008.02.18 12:30:57.938,1.00765,1.0079,0.60,0.06
2008.02.18 12:30:58.036,1.00765,1.0079,0.60,0.06
2008.02.18 12:30:58.194,1.00765,1.0079,0.60,0.06
2008.02.18 12:30:58.352,1.00765,1.0079,0.60,0.06
2008.02.18 12:30:58.602,1.00765,1.0079,0.60,0.06
2008.02.18 12:30:58.760,1.00765,1.0079,0.60,0.06
2008.02.18 12:30:59.105,1.00765,1.0079,0.60,0.06
2008.02.18 12:31:00.910,1.00765,1.0079,0.70,0.06
2008.02.18 12:31:01.003,1.0077,1.00795,0.60,0.20
2008.02.18 12:31:01.096,1.0077,1.00795,0.60,2.90
2008.02.18 12:31:01.461,1.0077,1.00795,0.60,2.90
2008.02.18 12:31:02.548,1.0077,1.00795,0.60,2.90
2008.02.18 12:31:10.556,1.0077,1.00795,0.60,2.90
2008.02.18 12:31:10.852,1.0077,1.0079,0.20,0.06
2008.02.18 12:31:11.016,1.0077,1.0079,0.20,0.06
2008.02.18 12:31:11.182,1.0077,1.0079,0.20,0.20
2008.02.18 12:31:11.472,1.0077,1.0079,0.20,0.50
2008.02.18 12:31:11.710,1.0077,1.0079,0.20,0.50
2008.02.18 12:31:11.950,1.0077,1.0079,0.20,0.50
2008.02.18 12:31:12.210,1.0077,1.0079,0.20,0.50
2008.02.18 12:31:12.448,1.0077,1.0079,0.20,0.50
2008.02.18 12:31:12.697,1.0077,1.0079,0.20,0.50
2008.02.18 12:31:13.862,1.0077,1.00775,0.20,0.06
2008.02.18 12:31:13.901,1.0077,1.00775,0.20,0.06
2008.02.18 12:31:13.940,1.00765,1.0077,0.20,0.30
2008.02.18 12:31:13.988,1.00765,1.0077,0.20,0.30
2008.02.18 12:31:14.026,1.00765,1.0077,0.20,0.30
2008.02.18 12:31:14.084,1.00765,1.0077,0.20,0.30
2008.02.18 12:31:14.123,1.00765,1.0077,0.20,0.30
2008.02.18 12:31:14.360,1.00765,1.0077,0.20,0.30
2008.02.18 12:31:15.081,1.00765,1.0077,0.20,0.30
2008.02.18 12:31:15.282,1.00765,1.0077,0.20,0.30
2008.02.18 12:31:15.590,1.00765,1.0077,0.20,0.30
2008.02.18 12:31:15.788,1.00765,1.0077,0.20,0.30
2008.02.18 12:31:16.630,1.00765,1.0077,0.20,0.30
2008.02.18 12:31:16.951,1.00765,1.0077,0.20,0.30
2008.02.18 12:31:17.135,1.00765,1.0077,0.20,0.30
2008.02.18 12:31:17.468,1.00765,1.0077,0.20,0.30
2008.02.18 12:31:18.533,1.0076,1.0077,1.00,0.30
2008.02.18 12:31:18.697,1.0076,1.0077,1.00,0.30
2008.02.18 12:31:18.861,1.0076,1.0077,0.80,0.30
2008.02.18 12:31:21.436,1.0076,1.0077,0.80,0.30
2008.02.18 12:31:21.599,1.0076,1.0077,0.80,0.30
2008.02.18 12:31:21.816,1.0076,1.0077,0.80,0.30
2008.02.18 12:31:25.341,1.0076,1.0077,0.80,0.30
2008.02.18 12:31:25.543,1.0076,1.0077,0.80,0.30
2008.02.18 12:31:29.933,1.0076,1.0077,1.20,0.30
2008.02.18 12:31:29.976,1.0076,1.0077,1.20,0.30
2008.02.18 12:31:30.033,1.0076,1.0077,1.20,0.30
2008.02.18 12:31:30.078,1.0076,1.0077,1.20,0.30
2008.02.18 12:31:31.108,1.0076,1.0077,1.20,0.30
2008.02.18 12:31:32.445,1.0076,1.0077,1.20,0.60
2008.02.18 12:31:34.536,1.0076,1.0077,1.20,0.30
2008.02.18 12:31:34.644,1.00765,1.0077,0.20,0.30
2008.02.18 12:31:36.265,1.00765,1.0077,0.20,0.30
2008.02.18 12:31:36.365,1.00765,1.0077,0.20,0.30
2008.02.18 12:31:36.469,1.00765,1.0077,0.20,0.30
2008.02.18 12:31:36.585,1.00765,1.0077,0.20,0.30
2008.02.18 12:31:36.675,1.00765,1.0077,0.20,0.30
2008.02.18 12:31:36.791,1.00765,1.0077,0.20,0.30
2008.02.18 12:31:36.877,1.00765,1.0077,0.60,0.30
2008.02.18 12:31:36.971,1.00765,1.0077,0.60,0.30
2008.02.18 12:31:37.014,1.00765,1.0077,0.60,0.30
2008.02.18 12:31:37.074,1.00765,1.0077,0.60,0.30
2008.02.18 12:31:37.118,1.00765,1.0077,0.60,0.30
2008.02.18 12:31:37.296,1.00765,1.0077,0.60,0.30
2008.02.18 12:31:37.404,1.0076,1.0077,1.20,0.30
2008.02.18 12:31:37.998,1.0076,1.0077,1.20,0.30
2008.02.18 12:31:38.042,1.0076,1.0078,1.40,0.80
2008.02.18 12:31:38.175,1.00765,1.00785,0.20,0.06
2008.02.18 12:31:38.299,1.00765,1.00785,0.20,0.06
2008.02.18 12:31:38.422,1.00765,1.00785,0.20,0.06
2008.02.18 12:31:38.547,1.00775,1.0079,0.60,0.30
2008.02.18 12:31:38.670,1.00775,1.008,0.60,0.06
2008.02.18 12:31:38.795,1.00775,1.008,0.60,0.06
2008.02.18 12:31:38.918,1.00775,1.008,0.60,0.06
2008.02.18 12:31:39.110,1.00775,1.008,0.60,0.06
2008.02.18 12:31:39.371,1.0078,1.00805,0.60,0.06
2008.02.18 12:31:39.460,1.0078,1.00805,0.60,0.06
2008.02.18 12:31:39.549,1.0078,1.00805,0.60,0.06
2008.02.18 12:31:39.638,1.0078,1.00805,0.60,0.06
2008.02.18 12:31:39.726,1.0078,1.00805,0.60,0.06
2008.02.18 12:31:39.815,1.0078,1.00805,0.60,0.06
2008.02.18 12:31:39.904,1.0078,1.00805,0.60,0.06
2008.02.18 12:31:40.028,1.0078,1.00805,0.60,0.06
2008.02.18 12:31:40.117,1.0078,1.00805,0.60,0.06
2008.02.18 12:31:40.527,1.0078,1.00805,0.60,0.06
2008.02.18 12:31:40.860,1.0078,1.00805,0.60,0.06
2008.02.18 12:31:44.443,1.00775,1.0079,3.80,0.06
2008.02.18 12:31:44.592,1.00765,1.0079,3.80,0.06
2008.02.18 12:31:44.741,1.0077,1.0079,0.30,0.06
2008.02.18 12:31:44.919,1.0077,1.0079,0.30,0.06
2008.02.18 12:31:45.068,1.00775,1.0079,0.20,0.06
2008.02.18 12:31:45.217,1.0077,1.0079,0.30,0.06
2008.02.18 12:31:45.365,1.0077,1.0079,0.30,0.06
2008.02.18 12:31:45.518,1.0077,1.0079,0.30,0.06
2008.02.18 12:31:45.672,1.0077,1.0079,0.30,0.06
2008.02.18 12:31:46.541,1.0077,1.0079,0.30,0.06
2008.02.18 12:31:47.296,1.0077,1.0079,0.30,0.06
2008.02.18 12:31:52.225,1.0077,1.0079,0.30,0.06
2008.02.18 12:31:52.419,1.0077,1.0079,1.00,0.06
2008.02.18 12:31:52.573,1.0077,1.00795,1.50,0.06
2008.02.18 12:31:52.727,1.0077,1.00795,1.50,0.06
2008.02.18 12:31:52.880,1.0077,1.00795,1.50,0.06
2008.02.18 12:31:53.061,1.0077,1.00795,1.60,0.06
2008.02.18 12:32:01.869,1.0077,1.00795,1.60,0.06
2008.02.18 12:32:11.290,1.0077,1.00795,1.60,0.06
2008.02.18 12:32:11.910,1.0077,1.00795,1.60,0.06
2008.02.18 12:32:19.991,1.00775,1.00795,0.20,0.06
2008.02.18 12:32:21.240,1.00775,1.00795,0.20,0.06
2008.02.18 12:32:23.098,1.00775,1.00795,0.20,0.06
2008.02.18 12:32:30.628,1.00775,1.00795,0.20,0.06
2008.02.18 12:32:39.247,1.00775,1.00795,0.20,0.06
2008.02.18 12:32:41.063,1.00785,1.008,0.60,0.50
2008.02.18 12:32:41.149,1.00785,1.008,0.60,0.50
2008.02.18 12:32:41.354,1.00785,1.008,0.60,0.50
