2008.12.17 13:00:01.235,1.209,1.20945,1.00,6.60
2008.12.17 13:00:02.334,1.20895,1.20945,2.40,6.60
2008.12.17 13:00:02.694,1.20875,1.20935,4.00,5.60
2008.12.17 13:00:02.924,1.2087,1.20935,1.00,5.60
2008.12.17 13:00:04.144,1.2089,1.20935,2.40,5.60
2008.12.17 13:00:04.374,1.2089,1.20945,4.00,6.60
2008.12.17 13:00:04.704,1.2089,1.20945,2.40,6.60
2008.12.17 13:00:06.344,1.20885,1.20935,5.00,2.40
2008.12.17 13:00:06.814,1.20895,1.20935,1.00,2.40
2008.12.17 13:00:07.303,1.20895,1.20935,1.00,3.40
2008.12.17 13:00:07.853,1.209,1.2093,1.00,1.20
2008.12.17 13:00:08.203,1.209,1.2095,1.00,6.60
2008.12.17 13:00:08.723,1.20915,1.20945,1.00,1.20
2008.12.17 13:00:09.263,1.2093,1.2094,1.60,1.20
2008.12.17 13:00:09.813,1.2094,1.21005,2.40,6.00
2008.12.17 13:00:11.273,1.2095,1.2099,1.00,6.00
2008.12.17 13:00:20.580,1.20965,1.2099,1.20,6.00
2008.12.17 13:00:22.940,1.2097,1.2099,2.80,6.00
2008.12.17 13:00:23.919,1.20975,1.2103,1.20,5.60
2008.12.17 13:00:24.329,1.2097,1.2104,1.80,5.60
2008.12.17 13:00:24.810,1.2098,1.21035,2.40,5.60
2008.12.17 13:00:25.179,1.20975,1.21045,1.00,5.60
2008.12.17 13:00:25.799,1.2097,1.2104,3.20,5.60
2008.12.17 13:00:28.498,1.2097,1.2103,1.80,5.60
2008.12.17 13:00:30.788,1.2097,1.2103,2.40,5.60
2008.12.17 13:00:35.706,1.2097,1.2103,2.20,5.60
2008.12.17 13:00:37.626,1.20975,1.21025,1.20,5.60
2008.12.17 13:00:38.196,1.20975,1.2101,1.20,2.40
2008.12.17 13:00:39.816,1.2099,1.21015,2.40,1.00
2008.12.17 13:00:40.165,1.2099,1.2105,2.40,3.20
2008.12.17 13:00:42.095,1.20995,1.2104,3.00,3.20
2008.12.17 13:00:53.142,1.20995,1.2102,2.40,1.20
2008.12.17 13:00:53.672,1.2097,1.2104,5.60,5.60
2008.12.17 13:00:54.062,1.2096,1.21035,1.00,5.60
2008.12.17 13:00:56.052,1.20965,1.21025,2.20,5.60
2008.12.17 13:00:56.382,1.2097,1.2103,1.00,5.60
2008.12.17 13:00:59.581,1.2097,1.2103,1.20,5.60
2008.12.17 13:00:59.991,1.2098,1.2103,1.00,5.60
2008.12.17 13:01:00.590,1.2098,1.21035,1.00,5.60
2008.12.17 13:01:01.570,1.2098,1.21035,2.00,5.60
2008.12.17 13:01:03.490,1.2098,1.21035,2.20,5.60
2008.12.17 13:01:04.020,1.21005,1.21055,4.00,1.00
2008.12.17 13:01:04.530,1.2101,1.21055,1.00,1.00
2008.12.17 13:01:04.989,1.21015,1.21055,1.00,1.00
2008.12.17 13:01:09.588,1.2103,1.2105,1.00,1.00
2008.12.17 13:01:10.098,1.21045,1.21115,1.00,1.00
2008.12.17 13:01:10.719,1.21055,1.21135,1.00,8.80
2008.12.17 13:01:11.288,1.2107,1.2113,3.20,5.60
2008.12.17 13:01:11.648,1.2108,1.2114,1.00,1.60
2008.12.17 13:01:13.148,1.2109,1.2114,3.20,1.60
2008.12.17 13:01:13.450,1.2109,1.2113,2.40,5.60
2008.12.17 13:01:13.958,1.21065,1.21125,1.00,2.40
2008.12.17 13:01:14.427,1.2106,1.21125,1.00,8.60
2008.12.17 13:01:15.458,1.21065,1.2112,1.00,1.00
2008.12.17 13:01:21.236,1.2108,1.2112,1.20,1.00
2008.12.17 13:01:55.217,1.2109,1.21115,1.20,1.60
2008.12.17 13:01:55.517,1.2109,1.21105,1.20,2.40
2008.12.17 13:01:55.978,1.2109,1.211,1.20,1.00
2008.12.17 13:02:02.496,1.21045,1.211,3.40,1.00
2008.12.17 13:02:02.826,1.21045,1.211,1.00,1.00
2008.12.17 13:02:03.445,1.21065,1.211,2.80,1.00
2008.12.17 13:02:04.365,1.2105,1.211,1.00,1.00
2008.12.17 13:02:05.215,1.2105,1.211,5.80,1.00
2008.12.17 13:02:06.665,1.2105,1.211,2.00,1.00
2008.12.17 13:02:08.195,1.2105,1.211,2.20,1.00
2008.12.17 13:02:08.554,1.21065,1.211,2.80,1.00
2008.12.17 13:02:09.504,1.2106,1.211,2.60,1.00
2008.12.17 13:02:10.354,1.21065,1.211,2.40,1.00
2008.12.17 13:02:10.804,1.2106,1.211,1.00,1.00
2008.12.17 13:02:12.413,1.2105,1.211,2.00,1.00
2008.12.17 13:02:50.274,1.21065,1.211,1.20,1.00
2008.12.17 13:03:12.889,1.21075,1.211,1.20,6.60
2008.12.17 13:03:13.479,1.21075,1.2109,1.20,1.00
2008.12.17 13:03:16.408,1.21075,1.211,1.20,6.80
2008.12.17 13:03:20.857,1.21075,1.211,1.20,6.00
2008.12.17 13:03:28.525,1.21075,1.21095,1.20,5.60
2008.12.17 13:03:28.925,1.21075,1.21095,1.20,6.20
2008.12.17 13:03:29.505,1.21075,1.2109,1.20,6.20
2008.12.17 13:03:32.164,1.21075,1.2108,1.20,1.00
2008.12.17 13:03:32.224,1.21075,1.2108,1.20,6.60
2008.12.17 13:03:38.233,1.21075,1.2108,1.20,6.00
2008.12.17 13:03:38.572,1.21075,1.2108,1.20,6.60
2008.12.17 13:03:38.743,1.21075,1.2108,1.00,8.30
2008.12.17 13:03:38.862,1.21,1.2107,5.80,1.00
2008.12.17 13:03:53.439,1.21025,1.21055,1.20,1.00
2008.12.17 13:03:56.398,1.21005,1.2105,3.00,1.00
2008.12.17 13:03:56.738,1.21,1.2105,7.20,1.00
2008.12.17 13:04:08.156,1.21015,1.2105,1.00,1.00
2008.12.17 13:04:08.625,1.20935,1.21005,5.80,2.40
2008.12.17 13:04:09.095,1.2095,1.21025,3.20,16.80
2008.12.17 13:04:09.325,1.2098,1.2107,3.00,8.40
2008.12.17 13:04:09.435,1.2098,1.2107,5.60,5.60
2008.12.17 13:04:10.005,1.21005,1.2107,1.00,5.60
2008.12.17 13:04:11.614,1.21005,1.2106,6.00,5.60
2008.12.17 13:04:12.184,1.2102,1.2109,1.00,6.40
2008.12.17 13:04:12.294,1.2102,1.2109,3.20,5.60
2008.12.17 13:04:14.834,1.2102,1.2107,1.00,5.60
2008.12.17 13:04:16.623,1.21015,1.21065,2.40,5.60
2008.12.17 13:04:17.023,1.21025,1.21075,6.00,2.80
2008.12.17 13:04:17.423,1.21035,1.2107,1.00,1.00
2008.12.17 13:04:19.243,1.2103,1.2107,1.60,1.00
2008.12.17 13:04:28.520,1.2103,1.2107,1.00,1.00
2008.12.17 13:04:29.341,1.21045,1.2107,1.20,6.00
2008.12.17 13:04:29.640,1.21045,1.21065,1.20,6.20
2008.12.17 13:04:29.820,1.21045,1.21055,1.20,1.00
2008.12.17 13:04:29.930,1.2099,1.2105,1.00,2.40
2008.12.17 13:04:30.430,1.20975,1.2105,1.40,2.40
2008.12.17 13:04:30.780,1.20985,1.2105,1.00,2.40
2008.12.17 13:04:31.920,1.21,1.2104,1.00,1.00
2008.12.17 13:04:34.689,1.21,1.21065,1.00,7.20
2008.12.17 13:04:35.249,1.21,1.21065,1.40,5.60
2008.12.17 13:04:41.047,1.2101,1.2106,1.00,5.60
2008.12.17 13:04:41.667,1.2101,1.2107,1.60,6.00
2008.12.17 13:04:42.308,1.2102,1.21065,1.00,5.60
2008.12.17 13:04:42.657,1.2101,1.21065,1.60,5.60
2008.12.17 13:04:43.577,1.2102,1.21055,1.00,2.20
2008.12.17 13:04:43.877,1.21,1.21045,2.80,2.40
2008.12.17 13:04:44.806,1.21,1.2104,1.20,2.40
2008.12.17 13:04:45.096,1.20995,1.21035,4.20,2.40
2008.12.17 13:04:46.026,1.21,1.21025,2.00,1.00
2008.12.17 13:04:46.486,1.20965,1.21005,4.20,1.00
2008.12.17 13:04:48.506,1.2094,1.20995,3.20,5.60
2008.12.17 13:04:48.746,1.2094,1.20995,4.40,5.60
2008.12.17 13:04:48.915,1.2094,1.2099,1.60,5.60
2008.12.17 13:04:49.436,1.2094,1.2099,1.60,6.20
2008.12.17 13:04:53.305,1.2095,1.2099,1.60,1.00
2008.12.17 13:04:53.424,1.2095,1.21015,1.60,10.40
2008.12.17 13:04:53.834,1.2095,1.2101,1.60,5.60
2008.12.17 13:05:04.142,1.2095,1.20995,1.60,6.20
2008.12.17 13:05:07.481,1.2095,1.2098,1.60,3.00
2008.12.17 13:05:07.871,1.20925,1.21,1.00,11.00
2008.12.17 13:05:08.101,1.20925,1.20995,1.00,6.20
2008.12.17 13:05:11.090,1.2091,1.2098,1.00,10.20
2008.12.17 13:05:13.220,1.2093,1.2097,1.00,1.00
2008.12.17 13:05:13.971,1.2093,1.2098,1.00,13.60
2008.12.17 13:05:14.370,1.2094,1.2098,1.00,5.60
2008.12.17 13:05:26.606,1.2094,1.2099,1.00,5.60
2008.12.17 13:05:26.836,1.2094,1.2098,1.00,5.60
2008.12.17 13:05:31.045,1.2094,1.20975,1.00,2.40
2008.12.17 13:05:32.715,1.2094,1.2097,1.00,1.00
2008.12.17 13:05:38.124,1.2094,1.20955,1.00,1.00
2008.12.17 13:05:40.523,1.2094,1.2098,1.00,10.80
2008.12.17 13:05:40.943,1.2094,1.20975,1.00,1.00
2008.12.17 13:05:57.419,1.20935,1.2097,3.40,1.00
2008.12.17 13:05:57.949,1.20935,1.2097,3.60,1.00
2008.12.17 13:05:58.709,1.20935,1.2097,6.60,1.00
2008.12.17 13:05:59.349,1.20945,1.2097,2.80,1.00
2008.12.17 13:06:01.708,1.2095,1.20995,2.80,13.60
2008.12.17 13:06:01.998,1.2095,1.20995,2.80,3.20
2008.12.17 13:06:02.588,1.2095,1.2101,2.80,8.40
2008.12.17 13:06:02.828,1.2096,1.21,2.80,1.00
2008.12.17 13:06:03.867,1.20965,1.21,2.80,1.00
2008.12.17 13:06:08.366,1.20965,1.2099,2.80,2.40
2008.12.17 13:06:08.526,1.20955,1.2098,2.80,1.00
2008.12.17 13:06:08.816,1.20945,1.2097,1.00,1.00
2008.12.17 13:06:09.167,1.20925,1.2097,3.80,1.00
2008.12.17 13:06:10.486,1.2093,1.2097,4.00,1.00
2008.12.17 13:06:12.936,1.2093,1.20965,2.40,1.60
2008.12.17 13:06:13.215,1.2092,1.20975,3.40,4.20
2008.12.17 13:06:15.315,1.2093,1.2097,2.80,1.80
2008.12.17 13:06:18.294,1.20935,1.2097,1.00,1.60
2008.12.17 13:06:18.634,1.2094,1.2101,1.00,10.40
2008.12.17 13:06:19.953,1.2094,1.21,1.00,7.60
2008.12.17 13:06:22.713,1.2094,1.21,3.60,7.60
2008.12.17 13:06:23.363,1.2095,1.21,2.40,1.00
2008.12.17 13:06:25.092,1.2096,1.21,2.80,1.00
2008.12.17 13:06:36.510,1.20965,1.21,2.80,1.00
2008.12.17 13:06:36.739,1.2098,1.21,1.00,1.00
2008.12.17 13:06:42.788,1.20985,1.2103,1.00,1.60
2008.12.17 13:06:43.068,1.20995,1.21025,1.60,1.60
2008.12.17 13:06:43.188,1.21,1.2105,1.00,1.00
2008.12.17 13:06:43.828,1.21,1.2107,1.00,5.60
2008.12.17 13:06:44.968,1.2098,1.21035,3.80,2.40
2008.12.17 13:06:45.537,1.2098,1.2102,1.00,2.40
2008.12.17 13:06:46.987,1.20985,1.21,1.00,1.00
2008.12.17 13:07:00.985,1.20902,1.20966,3.40,6.20
2008.12.17 13:07:11.306,1.20888,1.20968,3.40,6.20
2008.12.17 13:07:15.594,1.20908,1.20963,1.00,6.00
2008.12.17 13:07:19.548,1.20938,1.20983,1.00,25.20
2008.12.17 13:07:31.205,1.20949,1.20999,3.40,6.20
2008.12.17 13:07:31.315,1.20944,1.20994,3.40,6.20
2008.12.17 13:07:31.705,1.20937,1.20992,2.40,9.40
2008.12.17 13:07:31.825,1.20939,1.20989,1.00,19.20
2008.12.17 13:07:38.924,1.20947,1.20987,1.00,9.20
2008.12.17 13:08:15.716,1.2099,1.21,1.00,1.00
2008.12.17 13:08:16.176,1.21,1.2108,4.00,5.60
2008.12.17 13:08:16.815,1.21,1.21065,2.40,5.60
2008.12.17 13:08:17.445,1.2102,1.2108,2.40,11.60
2008.12.17 13:08:18.315,1.21025,1.2106,2.40,5.60
2008.12.17 13:08:18.715,1.21035,1.2108,2.40,8.40
2008.12.17 13:08:19.115,1.21035,1.21075,5.20,1.00
2008.12.17 13:08:19.465,1.21035,1.21075,2.40,1.00
2008.12.17 13:08:20.675,1.21,1.21055,1.00,4.00
2008.12.17 13:08:21.034,1.2099,1.21055,1.60,9.60
2008.12.17 13:08:21.614,1.2099,1.21045,1.60,6.20
2008.12.17 13:08:25.173,1.20955,1.21025,1.00,1.00
2008.12.17 13:08:25.883,1.2095,1.21025,1.00,6.00
2008.12.17 13:08:27.093,1.20955,1.21005,1.00,1.00
2008.12.17 13:08:34.971,1.20965,1.21,2.80,1.00
2008.12.17 13:08:35.381,1.20965,1.21,5.20,1.00
2008.12.17 13:08:42.879,1.20965,1.21,6.60,1.00
2008.12.17 13:08:43.269,1.20975,1.2103,5.20,8.40
2008.12.17 13:08:44.419,1.20955,1.2102,4.00,6.00
2008.12.17 13:08:45.188,1.20965,1.2102,1.00,6.00
2008.12.17 13:08:45.579,1.2098,1.2102,2.40,1.00
2008.12.17 13:08:46.758,1.20985,1.2102,5.20,1.00
2008.12.17 13:08:47.218,1.20995,1.2102,2.80,1.00
2008.12.17 13:08:48.518,1.2099,1.2102,2.40,1.00
2008.12.17 13:08:49.317,1.21005,1.2102,1.40,6.00
2008.12.17 13:08:50.247,1.21005,1.2101,1.40,4.00
2008.12.17 13:08:50.647,1.2094,1.2101,1.00,2.40
2008.12.17 13:08:51.177,1.20945,1.21,2.80,1.00
2008.12.17 13:08:56.516,1.2096,1.21025,2.80,6.00
2008.12.17 13:09:04.264,1.2096,1.2102,3.40,6.00
2008.12.17 13:09:08.043,1.2097,1.2102,1.00,6.00
2008.12.17 13:09:10.323,1.20965,1.2102,5.20,6.00
2008.12.17 13:09:18.530,1.2097,1.2102,1.00,6.00
2008.12.17 13:09:19.270,1.20975,1.2102,2.40,6.00
2008.12.17 13:09:19.380,1.20975,1.2102,5.20,1.00
2008.12.17 13:09:28.048,1.20985,1.2102,5.20,1.00
2008.12.17 13:09:29.258,1.20985,1.2101,2.80,1.00
2008.12.17 13:09:29.378,1.20985,1.2103,5.20,2.80
2008.12.17 13:09:30.238,1.20985,1.21045,5.20,7.40
2008.12.17 13:09:36.276,1.2101,1.2104,1.80,6.00
2008.12.17 13:09:37.966,1.2102,1.2104,1.80,1.00
2008.12.17 13:09:50.593,1.2102,1.21035,1.80,2.40
2008.12.17 13:09:50.763,1.2102,1.21025,1.80,1.00
2008.12.17 13:09:51.052,1.20995,1.21035,5.20,1.60
2008.12.17 13:09:53.322,1.20995,1.2102,6.60,1.00
2008.12.17 13:09:59.760,1.21,1.2103,5.20,1.60
2008.12.17 13:10:01.900,1.2101,1.2105,2.40,1.00
2008.12.17 13:10:02.320,1.21015,1.21045,2.80,1.00
2008.12.17 13:10:02.680,1.21015,1.21045,5.20,1.00
2008.12.17 13:10:08.968,1.2101,1.2107,3.60,5.60
2008.12.17 13:10:09.318,1.2103,1.2108,2.40,6.00
2008.12.17 13:10:10.858,1.2104,1.21065,2.40,7.20
2008.12.17 13:10:11.188,1.21005,1.21055,5.20,3.40
2008.12.17 13:10:11.838,1.2101,1.2105,2.40,1.20
2008.12.17 13:10:12.177,1.2103,1.21075,2.40,6.00
2008.12.17 13:10:12.517,1.2104,1.21075,2.40,1.00
2008.12.17 13:10:13.317,1.2103,1.21055,1.00,2.40
2008.12.17 13:10:13.427,1.21005,1.21055,3.60,2.40
2008.12.17 13:10:14.597,1.2101,1.21075,2.40,14.80
2008.12.17 13:10:15.057,1.2101,1.2107,2.40,5.60
2008.12.17 13:10:15.527,1.2101,1.2106,2.40,5.60
2008.12.17 13:10:15.887,1.2101,1.2105,3.60,2.40
2008.12.17 13:10:18.006,1.2101,1.2104,3.60,1.00
2008.12.17 13:10:25.104,1.2101,1.2107,2.40,5.60
2008.12.17 13:10:26.144,1.2101,1.2105,2.40,5.60
2008.12.17 13:10:26.714,1.21005,1.2104,2.80,2.40
2008.12.17 13:10:27.114,1.2101,1.2104,2.40,1.20
2008.12.17 13:10:27.344,1.2101,1.2107,2.40,5.60
2008.12.17 13:10:29.014,1.2101,1.2105,2.40,2.40
2008.12.17 13:10:30.963,1.2101,1.2104,2.40,1.00
2008.12.17 13:10:41.441,1.21025,1.2104,1.80,1.00
2008.12.17 13:10:44.300,1.2103,1.2105,1.80,2.80
2008.12.17 13:10:44.600,1.2103,1.2105,1.80,1.00
2008.12.17 13:10:46.579,1.2103,1.2104,1.80,1.00
2008.12.17 13:10:51.778,1.20985,1.21025,6.60,1.00
2008.12.17 13:10:54.387,1.20995,1.2102,4.20,1.00
2008.12.17 13:11:01.126,1.20995,1.2103,4.20,5.20
2008.12.17 13:11:01.816,1.20995,1.2103,6.60,1.00
2008.12.17 13:11:02.106,1.20995,1.21055,5.20,6.00
2008.12.17 13:11:16.182,1.20995,1.21025,1.20,2.40
2008.12.17 13:11:16.602,1.20985,1.21015,2.80,1.60
2008.12.17 13:11:16.942,1.2098,1.21015,4.20,1.60
2008.12.17 13:11:17.962,1.2098,1.21005,4.20,1.80
2008.12.17 13:11:21.221,1.2098,1.21005,4.20,2.00
2008.12.17 13:11:22.031,1.20985,1.21005,1.60,2.00
2008.12.17 13:11:22.361,1.20985,1.21005,4.00,2.00
2008.12.17 13:11:22.830,1.20985,1.21055,7.40,9.40
2008.12.17 13:11:23.400,1.20985,1.21055,7.40,5.60
2008.12.17 13:11:31.689,1.20995,1.2105,1.60,1.00
2008.12.17 13:11:32.178,1.2101,1.2105,2.40,1.00
2008.12.17 13:11:33.948,1.21015,1.2105,5.20,1.00
2008.12.17 13:11:37.407,1.21015,1.2106,5.20,6.80
2008.12.17 13:11:37.627,1.21015,1.21055,5.20,1.00
2008.12.17 13:11:37.977,1.2103,1.21065,1.20,5.60
2008.12.17 13:11:38.427,1.2103,1.21075,1.20,9.40
2008.12.17 13:11:39.347,1.2104,1.2107,2.40,1.00
2008.12.17 13:11:40.326,1.21035,1.21065,1.20,5.60
2008.12.17 13:11:40.896,1.21035,1.21075,3.20,10.60
2008.12.17 13:11:41.976,1.21035,1.21065,1.20,5.60
2008.12.17 13:11:42.336,1.21035,1.21075,1.20,9.40
2008.12.17 13:11:43.485,1.21035,1.2106,1.20,5.60
2008.12.17 13:11:43.655,1.21035,1.21075,1.20,9.40
2008.12.17 13:11:45.525,1.21035,1.2107,1.20,6.60
2008.12.17 13:11:45.806,1.21035,1.2107,3.20,1.20
2008.12.17 13:11:46.215,1.21035,1.2107,3.20,1.00
2008.12.17 13:11:46.565,1.21035,1.21065,1.20,5.60
2008.12.17 13:11:47.105,1.21035,1.2106,1.20,5.60
2008.12.17 13:11:47.445,1.21035,1.21075,1.20,9.40
2008.12.17 13:11:49.254,1.21035,1.2107,3.20,1.00
2008.12.17 13:11:49.964,1.21035,1.2107,1.20,1.00
2008.12.17 13:11:50.294,1.21035,1.2106,1.20,5.60
2008.12.17 13:11:50.814,1.21035,1.21075,1.20,9.40
2008.12.17 13:11:51.174,1.21035,1.2107,1.20,9.60
2008.12.17 13:11:51.513,1.21035,1.21065,1.20,5.60
2008.12.17 13:11:51.993,1.2104,1.21075,2.40,2.40
2008.12.17 13:11:53.273,1.21035,1.21065,3.20,5.60
2008.12.17 13:11:53.653,1.21035,1.21075,3.20,10.60
2008.12.17 13:11:53.873,1.21035,1.2107,6.20,1.00
2008.12.17 13:11:54.153,1.21035,1.21065,1.20,5.60
2008.12.17 13:11:54.713,1.21035,1.21075,1.20,9.40
2008.12.17 13:11:56.332,1.21035,1.21065,1.20,5.60
2008.12.17 13:11:56.563,1.21035,1.21075,1.20,10.00
2008.12.17 13:11:57.752,1.21035,1.2107,1.20,9.00
2008.12.17 13:11:57.862,1.21035,1.2106,1.20,5.60
2008.12.17 13:11:58.142,1.21035,1.21075,3.20,10.60
2008.12.17 13:11:58.792,1.21035,1.21065,3.20,5.60
2008.12.17 13:11:59.532,1.21035,1.21075,1.20,9.40
2008.12.17 13:12:00.731,1.21035,1.2106,1.20,5.60
2008.12.17 13:12:01.412,1.21035,1.21075,3.20,10.60
2008.12.17 13:12:01.931,1.21035,1.21065,1.20,5.60
2008.12.17 13:12:02.381,1.21035,1.21075,1.20,9.40
2008.12.17 13:12:03.411,1.21035,1.21065,1.20,5.60
2008.12.17 13:12:03.751,1.21035,1.21075,3.20,10.60
2008.12.17 13:12:04.320,1.21035,1.21065,1.20,5.60
2008.12.17 13:12:04.600,1.21035,1.21075,1.20,10.00
2008.12.17 13:12:05.904,1.21035,1.2106,1.20,5.60
2008.12.17 13:12:06.300,1.21035,1.21075,3.20,12.40
2008.12.17 13:12:06.590,1.21035,1.2107,3.20,1.00
2008.12.17 13:12:07.400,1.21035,1.21065,1.20,5.60
2008.12.17 13:12:07.800,1.21035,1.21075,1.20,9.40
2008.12.17 13:12:08.370,1.21035,1.2106,1.20,5.60
2008.12.17 13:12:08.669,1.21035,1.21075,3.20,10.60
2008.12.17 13:12:09.599,1.21035,1.2107,1.20,1.00
2008.12.17 13:12:09.709,1.21035,1.21065,1.20,5.60
2008.12.17 13:12:09.889,1.21035,1.2106,1.20,5.60
2008.12.17 13:12:25.136,1.21035,1.2105,1.20,1.00
2008.12.17 13:12:40.543,1.21035,1.21065,1.20,6.60
2008.12.17 13:12:40.892,1.21035,1.21065,1.20,5.60
2008.12.17 13:13:01.447,1.21035,1.21055,1.20,1.00
2008.12.17 13:13:06.916,1.21035,1.2105,1.20,6.00
2008.12.17 13:13:23.442,1.21035,1.2105,1.20,1.00
2008.12.17 13:13:27.620,1.21035,1.2105,1.20,6.00
2008.12.17 13:13:30.400,1.2098,1.21035,4.20,2.40
2008.12.17 13:13:32.419,1.20995,1.2103,4.20,3.40
2008.12.17 13:13:32.759,1.20995,1.2103,4.20,3.60
2008.12.17 13:13:33.839,1.20995,1.21025,6.60,1.20
2008.12.17 13:13:51.315,1.20995,1.21035,6.60,5.20
2008.12.17 13:13:51.595,1.21,1.2102,1.20,2.40
2008.12.17 13:13:51.994,1.2098,1.2101,2.80,3.40
2008.12.17 13:13:52.224,1.20975,1.2101,4.20,3.40
2008.12.17 13:13:53.424,1.2098,1.21005,4.20,1.20
2008.12.17 13:14:03.952,1.20975,1.21,4.20,1.00
2008.12.17 13:14:13.269,1.20965,1.2099,4.20,1.20
2008.12.17 13:14:14.379,1.20975,1.20985,1.20,1.20
2008.12.17 13:14:21.587,1.20975,1.2099,1.00,1.60
2008.12.17 13:14:21.947,1.20975,1.20985,1.00,1.00
2008.12.17 13:14:24.307,1.20975,1.2098,1.00,1.80
2008.12.17 13:14:24.717,1.20975,1.2098,1.00,1.60
2008.12.17 13:14:25.816,1.20975,1.2098,1.00,1.00
2008.12.17 13:14:35.314,1.2094,1.20975,2.00,2.40
2008.12.17 13:14:37.424,1.2093,1.20975,2.80,2.40
2008.12.17 13:14:42.472,1.20945,1.2097,2.80,1.00
2008.12.17 13:14:42.922,1.2095,1.20985,2.80,6.00
2008.12.17 13:14:43.252,1.2095,1.2098,5.20,1.00
2008.12.17 13:15:08.136,1.20945,1.2097,2.80,1.00
2008.12.17 13:15:12.465,1.2094,1.2096,2.80,1.00
2008.12.17 13:15:12.805,1.2094,1.20975,5.20,1.20
2008.12.17 13:15:13.085,1.2094,1.20985,5.20,1.00
2008.12.17 13:15:18.554,1.20955,1.2098,1.00,1.00
2008.12.17 13:15:40.909,1.2096,1.2098,1.00,1.00
2008.12.17 13:15:53.925,1.20965,1.2098,1.00,1.00
2008.12.17 13:16:03.793,1.20905,1.20935,1.60,2.40
2008.12.17 13:16:04.233,1.20875,1.2093,2.80,2.40
2008.12.17 13:16:04.473,1.20865,1.2093,4.20,4.00
2008.12.17 13:16:05.052,1.2088,1.20915,2.80,4.00
2008.12.17 13:16:05.222,1.20855,1.20915,1.00,4.00
2008.12.17 13:16:06.013,1.20855,1.2091,1.00,1.00
2008.12.17 13:16:06.922,1.20855,1.2091,1.00,1.00
2008.12.17 13:16:07.602,1.2086,1.20955,1.00,1.20
2008.12.17 13:16:07.902,1.2087,1.2097,2.40,6.40
2008.12.17 13:16:08.872,1.2088,1.2096,2.40,6.20
2008.12.17 13:16:12.261,1.20895,1.2096,1.40,6.20
2008.12.17 13:16:12.850,1.20885,1.2096,2.40,5.60
2008.12.17 13:16:13.470,1.20885,1.20935,2.40,2.40
2008.12.17 13:16:13.741,1.2086,1.20935,4.80,4.60
2008.12.17 13:16:14.210,1.2086,1.20935,1.00,4.60
2008.12.17 13:16:14.840,1.2086,1.2092,1.00,1.00
2008.12.17 13:16:16.170,1.20875,1.2092,2.40,1.00
2008.12.17 13:16:16.510,1.20865,1.2092,1.00,1.00
2008.12.17 13:16:22.538,1.2087,1.2092,1.60,1.00
2008.12.17 13:16:23.068,1.2087,1.2092,1.40,1.00
2008.12.17 13:16:23.578,1.20865,1.2092,1.00,1.00
2008.12.17 13:16:28.147,1.20865,1.2092,2.20,1.00
2008.12.17 13:16:28.547,1.20865,1.2092,3.00,1.00
2008.12.17 13:16:28.837,1.2087,1.2092,1.60,1.00
2008.12.17 13:16:29.507,1.2087,1.2092,2.20,1.00
2008.12.17 13:16:29.906,1.20875,1.2092,2.40,1.00
2008.12.17 13:16:30.356,1.20885,1.2092,2.40,1.00
2008.12.17 13:16:30.706,1.20865,1.2092,2.80,1.00
2008.12.17 13:16:31.016,1.20875,1.2092,2.80,1.00
2008.12.17 13:16:33.296,1.20885,1.2091,2.80,1.00
2008.12.17 13:16:33.706,1.20865,1.209,6.60,1.00
2008.12.17 13:16:34.115,1.2087,1.209,2.40,1.00
2008.12.17 13:16:34.855,1.2085,1.209,1.00,1.00
2008.12.17 13:16:35.095,1.2085,1.2089,1.00,1.00
2008.12.17 13:16:35.365,1.20845,1.2089,2.00,1.00
2008.12.17 13:16:35.486,1.2084,1.2089,7.20,1.00
2008.12.17 13:16:38.244,1.20845,1.20915,1.00,7.80
2008.12.17 13:16:38.654,1.20835,1.2088,2.80,2.40
2008.12.17 13:16:38.705,1.20835,1.20905,2.80,10.40
2008.12.17 13:16:39.104,1.20845,1.2092,7.40,9.40
2008.12.17 13:16:39.614,1.20845,1.209,10.00,3.20
2008.12.17 13:16:40.764,1.20845,1.20895,4.80,5.60
2008.12.17 13:16:41.004,1.20835,1.20895,3.20,5.60
2008.12.17 13:16:46.282,1.2085,1.20895,1.60,5.60
2008.12.17 13:16:46.852,1.2086,1.2092,2.40,5.60
2008.12.17 13:16:47.253,1.20855,1.2093,1.00,5.60
2008.12.17 13:16:47.693,1.20855,1.20915,2.40,5.60
2008.12.17 13:16:48.332,1.2085,1.2091,1.00,5.60
2008.12.17 13:16:48.792,1.20855,1.2092,1.00,5.60
2008.12.17 13:16:49.092,1.20855,1.2089,3.20,2.40
2008.12.17 13:16:49.442,1.20835,1.2089,1.00,2.40
2008.12.17 13:16:49.952,1.2083,1.2089,5.80,2.40
2008.12.17 13:16:50.291,1.2083,1.20875,2.80,4.00
2008.12.17 13:16:51.301,1.20835,1.2087,2.80,1.00
2008.12.17 13:16:52.111,1.20815,1.2087,1.00,1.00
2008.12.17 13:16:52.521,1.20835,1.2087,1.40,1.00
2008.12.17 13:17:23.214,1.20845,1.20885,1.40,7.20
2008.12.17 13:17:23.724,1.20825,1.20895,1.00,9.20
2008.12.17 13:17:24.113,1.20835,1.20905,1.00,5.60
2008.12.17 13:17:25.103,1.2084,1.20885,1.00,1.00
2008.12.17 13:17:25.453,1.2084,1.20915,1.00,9.00
2008.12.17 13:17:25.743,1.2084,1.2091,1.00,5.60
2008.12.17 13:17:33.381,1.2084,1.209,1.20,5.60
2008.12.17 13:17:33.901,1.2085,1.20925,1.00,5.60
2008.12.17 13:17:34.241,1.2085,1.2092,3.20,5.60
2008.12.17 13:17:50.837,1.20865,1.2094,3.20,5.60
2008.12.17 13:17:54.776,1.20875,1.20935,1.00,5.60
2008.12.17 13:18:02.764,1.2087,1.2093,3.20,5.60
2008.12.17 13:18:03.094,1.2087,1.2093,1.00,5.60
2008.12.17 13:18:04.244,1.20885,1.2093,1.60,5.60
2008.12.17 13:18:10.492,1.20895,1.20925,1.60,5.60
2008.12.17 13:18:20.420,1.20895,1.2092,1.60,5.60
2008.12.17 13:18:23.119,1.20895,1.20935,1.60,5.60
2008.12.17 13:18:23.299,1.20895,1.20935,1.60,5.60
2008.12.17 13:18:23.599,1.20895,1.20945,1.60,5.60
2008.12.17 13:18:24.629,1.20875,1.2094,1.00,5.60
2008.12.17 13:18:25.029,1.20855,1.20925,1.00,6.20
2008.12.17 13:18:25.489,1.20865,1.20925,1.00,1.00
2008.12.17 13:18:25.779,1.20865,1.2094,1.00,10.40
2008.12.17 13:18:26.418,1.20865,1.20925,1.00,6.20
2008.12.17 13:18:26.848,1.20875,1.2094,1.00,6.40
2008.12.17 13:18:28.138,1.20875,1.20925,1.00,2.80
2008.12.17 13:18:28.678,1.2084,1.2091,5.40,2.40
2008.12.17 13:18:28.978,1.2084,1.2091,1.00,2.40
2008.12.17 13:18:30.738,1.2085,1.209,1.00,1.00
2008.12.17 13:18:33.077,1.2085,1.2089,1.00,2.40
2008.12.17 13:18:38.645,1.20845,1.20885,2.80,2.40
2008.12.17 13:18:39.115,1.20845,1.20865,4.20,2.40
2008.12.17 13:18:40.035,1.20845,1.20885,4.20,3.40
2008.12.17 13:18:40.305,1.20845,1.2087,1.20,3.60
2008.12.17 13:18:40.885,1.2084,1.2087,2.00,1.20
2008.12.17 13:18:41.445,1.20835,1.2086,4.20,1.00
2008.12.17 13:18:41.785,1.20835,1.2086,4.20,1.20
2008.12.17 13:18:45.014,1.20835,1.2086,4.20,3.60
2008.12.17 13:18:45.294,1.20835,1.20845,2.80,2.40
2008.12.17 13:18:47.513,1.20835,1.2084,3.40,3.60
2008.12.17 13:18:47.923,1.20835,1.20845,4.20,2.40
2008.12.17 13:18:48.893,1.20835,1.20865,3.40,4.80
2008.12.17 13:18:49.693,1.20835,1.20855,1.20,1.00
2008.12.17 13:18:50.053,1.208,1.2084,2.00,1.20
2008.12.17 13:18:50.932,1.20795,1.20825,4.80,2.40
2008.12.17 13:18:51.152,1.20815,1.20825,1.20,2.40
2008.12.17 13:18:51.822,1.20805,1.2081,4.20,2.40
2008.12.17 13:18:59.310,1.20805,1.2082,4.20,4.80
2008.12.17 13:19:00.190,1.2082,1.20845,1.20,4.20
2008.12.17 13:19:00.690,1.2082,1.20855,1.20,1.20
2008.12.17 13:19:22.735,1.20825,1.2085,1.20,1.20
2008.12.17 13:19:27.984,1.20825,1.2084,1.20,1.20
2008.12.17 13:19:28.973,1.20825,1.2083,1.20,2.40
2008.12.17 13:19:44.519,1.20825,1.2083,1.00,3.60
2008.12.17 13:19:47.899,1.2077,1.20825,1.00,2.40
2008.12.17 13:19:49.629,1.2078,1.20815,1.00,2.40
2008.12.17 13:20:00.396,1.20775,1.20815,1.00,2.40
2008.12.17 13:20:01.535,1.20775,1.20805,1.00,2.40
2008.12.17 13:20:02.085,1.20765,1.20805,1.00,2.40
2008.12.17 13:20:03.075,1.20765,1.2082,1.00,4.80
2008.12.17 13:20:04.225,1.20765,1.20805,1.00,2.40
2008.12.17 13:20:06.784,1.20765,1.20795,1.00,2.40
2008.12.17 13:20:07.484,1.2076,1.20785,3.40,2.40
2008.12.17 13:20:07.884,1.2076,1.20775,18.00,2.40
2008.12.17 13:20:08.284,1.2076,1.20775,2.80,2.40
2008.12.17 13:20:09.083,1.20755,1.2076,4.20,2.40
2008.12.17 13:20:09.493,1.20755,1.2076,2.80,2.40
2008.12.17 13:20:10.583,1.2074,1.20745,5.10,2.40
2008.12.17 13:20:11.123,1.2075,1.20755,2.80,2.40
2008.12.17 13:20:11.393,1.2075,1.20775,2.80,4.80
2008.12.17 13:20:19.211,1.2075,1.20755,4.20,2.40
2008.12.17 13:20:20.881,1.2076,1.2078,2.80,3.80
2008.12.17 13:20:24.350,1.20735,1.20765,2.80,3.60
2008.12.17 13:20:24.640,1.20715,1.20735,4.20,2.40
2008.12.17 13:20:25.221,1.20725,1.20735,2.80,2.40
2008.12.17 13:20:25.820,1.2073,1.20735,2.80,2.40
2008.12.17 13:20:26.439,1.2072,1.2075,2.80,3.80
2008.12.17 13:20:26.789,1.20695,1.20715,5.80,2.40
2008.12.17 13:20:27.699,1.20695,1.207,4.40,3.60
2008.12.17 13:20:30.019,1.207,1.2071,4.40,4.80
2008.12.17 13:20:32.408,1.20695,1.207,5.00,2.40
2008.12.17 13:20:32.918,1.20695,1.207,4.20,2.40
2008.12.17 13:20:33.617,1.207,1.2071,2.80,4.80
2008.12.17 13:20:35.318,1.2071,1.2072,2.60,5.00
2008.12.17 13:20:35.617,1.20705,1.2071,1.50,2.40
2008.12.17 13:20:35.907,1.2071,1.2072,1.00,2.60
2008.12.17 13:20:36.597,1.20655,1.20695,1.00,1.60
2008.12.17 13:20:37.377,1.2062,1.20675,1.00,2.40
2008.12.17 13:20:37.837,1.2057,1.20625,4.80,2.40
2008.12.17 13:20:38.196,1.20575,1.20655,1.00,1.60
2008.12.17 13:20:38.716,1.20565,1.20635,1.20,2.40
2008.12.17 13:20:39.056,1.2059,1.2062,1.00,2.40
2008.12.17 13:20:39.756,1.2059,1.20665,1.00,5.60
2008.12.17 13:20:39.986,1.20595,1.20665,1.00,5.60
2008.12.17 13:20:40.486,1.2061,1.20665,2.40,5.60
2008.12.17 13:20:41.526,1.2061,1.2066,1.00,1.60
2008.12.17 13:20:41.996,1.20615,1.2066,1.00,1.60
2008.12.17 13:20:42.335,1.2062,1.2066,1.00,1.60
2008.12.17 13:20:43.175,1.20625,1.2066,3.20,1.60
2008.12.17 13:20:44.735,1.20645,1.20675,3.20,1.60
2008.12.17 13:20:45.775,1.20655,1.20735,3.20,5.60
2008.12.17 13:20:48.734,1.2066,1.2072,1.00,5.60
2008.12.17 13:20:53.573,1.20665,1.2072,1.00,2.40
2008.12.17 13:20:54.103,1.20665,1.2073,1.00,8.00
2008.12.17 13:20:55.372,1.20665,1.2072,1.00,2.40
2008.12.17 13:20:56.712,1.2066,1.2072,1.00,8.00
2008.12.17 13:20:57.172,1.2066,1.2072,2.00,8.00
2008.12.17 13:20:57.682,1.20665,1.2072,1.60,8.00
2008.12.17 13:20:58.032,1.20665,1.2072,2.20,2.40
2008.12.17 13:20:58.672,1.2067,1.2072,2.80,2.40
2008.12.17 13:21:00.641,1.2067,1.2072,4.40,2.40
2008.12.17 13:21:06.860,1.2067,1.2071,4.40,2.40
2008.12.17 13:21:07.250,1.2068,1.207,2.80,2.40
2008.12.17 13:21:07.650,1.2069,1.2071,2.80,5.00
2008.12.17 13:21:08.579,1.20685,1.207,2.80,2.40
2008.12.17 13:21:08.919,1.20665,1.2069,2.80,2.40
2008.12.17 13:21:11.039,1.20665,1.20685,1.20,2.40
2008.12.17 13:21:11.398,1.20665,1.2068,1.20,2.40
2008.12.17 13:21:11.829,1.20655,1.20675,4.20,2.40
2008.12.17 13:21:14.658,1.20655,1.20685,4.20,5.00
2008.12.17 13:21:15.228,1.20655,1.2068,4.20,2.40
2008.12.17 13:21:15.857,1.20655,1.20695,4.20,5.00
2008.12.17 13:21:16.377,1.20655,1.2069,4.20,2.40
2008.12.17 13:21:16.727,1.20655,1.2069,5.80,2.40
2008.12.17 13:21:17.177,1.20665,1.2069,2.80,2.40
2008.12.17 13:21:21.806,1.2068,1.2069,1.00,2.40
2008.12.17 13:21:31.124,1.20685,1.207,1.00,2.60
2008.12.17 13:21:31.704,1.20685,1.20725,1.00,10.40
2008.12.17 13:21:32.053,1.20685,1.2072,1.00,5.60
2008.12.17 13:21:33.103,1.20685,1.20715,1.00,5.60
2008.12.17 13:21:41.781,1.20685,1.20725,1.00,5.60
2008.12.17 13:21:42.761,1.20685,1.20725,1.00,5.60
2008.12.17 13:21:43.841,1.20685,1.2072,1.00,5.60
2008.12.17 13:21:45.840,1.20715,1.2076,2.40,2.80
2008.12.17 13:21:46.070,1.2074,1.2077,2.20,6.40
2008.12.17 13:21:46.410,1.2075,1.2078,1.00,1.00
2008.12.17 13:21:46.880,1.2075,1.2081,2.20,3.20
2008.12.17 13:21:47.592,1.2077,1.20845,1.00,6.00
2008.12.17 13:21:48.290,1.2077,1.2084,1.00,5.60
2008.12.17 13:21:48.749,1.20765,1.20825,1.00,5.60
2008.12.17 13:21:50.360,1.20755,1.2081,1.00,2.40
2008.12.17 13:21:50.979,1.2075,1.2081,3.40,2.40
2008.12.17 13:21:51.899,1.20755,1.20805,1.00,2.40
2008.12.17 13:21:52.469,1.20765,1.2083,1.60,5.60
2008.12.17 13:21:52.869,1.20765,1.2083,1.00,5.60
2008.12.17 13:21:53.199,1.2077,1.2084,1.00,5.60
2008.12.17 13:21:57.397,1.2076,1.2082,3.20,5.60
2008.12.17 13:21:57.978,1.2076,1.2082,1.00,5.60
2008.12.17 13:21:59.877,1.2075,1.2081,2.40,7.20
2008.12.17 13:22:00.307,1.20745,1.20805,1.00,1.00
2008.12.17 13:22:00.657,1.2074,1.20805,1.00,9.20
2008.12.17 13:22:00.937,1.20735,1.20795,1.00,5.60
2008.12.17 13:22:01.226,1.20725,1.20785,1.00,5.60
2008.12.17 13:22:01.626,1.207,1.20765,1.00,2.40
2008.12.17 13:22:02.176,1.2069,1.20765,3.00,10.20
2008.12.17 13:22:02.516,1.20695,1.2076,1.00,1.60
2008.12.17 13:22:03.206,1.20715,1.20795,1.00,6.40
2008.12.17 13:22:04.026,1.20725,1.20805,1.00,12.00
2008.12.17 13:22:04.436,1.20725,1.20785,1.00,5.60
2008.12.17 13:22:05.096,1.2073,1.20795,1.00,14.80
2008.12.17 13:22:05.536,1.20735,1.2079,1.00,6.40
2008.12.17 13:22:05.825,1.2075,1.2079,1.00,6.40
2008.12.17 13:22:06.355,1.2075,1.2079,2.40,6.40
2008.12.17 13:22:06.875,1.2075,1.2079,1.00,6.40
2008.12.17 13:22:07.135,1.2076,1.2079,1.00,6.40
2008.12.17 13:22:07.585,1.20765,1.2085,1.00,5.60
2008.12.17 13:22:07.885,1.2077,1.2085,1.00,5.60
2008.12.17 13:22:11.894,1.20775,1.20835,1.00,8.60
2008.12.17 13:22:12.374,1.20765,1.20825,1.00,5.60
2008.12.17 13:22:15.233,1.2077,1.20835,1.00,9.20
2008.12.17 13:22:17.622,1.2077,1.20825,1.00,1.60
2008.12.17 13:22:18.003,1.20765,1.2082,1.00,1.00
2008.12.17 13:22:18.522,1.2078,1.2082,1.20,1.00
2008.12.17 13:22:18.872,1.2078,1.2082,1.20,6.00
2008.12.17 13:22:21.901,1.2079,1.20815,1.20,1.60
2008.12.17 13:22:22.341,1.2079,1.20805,1.20,1.00
2008.12.17 13:22:27.750,1.2079,1.20795,1.20,2.40
2008.12.17 13:22:28.960,1.2079,1.20825,1.20,6.60
2008.12.17 13:22:29.430,1.2079,1.20805,1.20,1.00
2008.12.17 13:22:31.089,1.2079,1.2083,2.40,1.00
2008.12.17 13:22:31.469,1.2079,1.2083,2.40,1.00
2008.12.17 13:22:32.259,1.2079,1.20825,1.20,2.60
2008.12.17 13:22:32.789,1.2079,1.2082,1.20,1.00
2008.12.17 13:22:33.079,1.2079,1.2083,1.20,5.60
2008.12.17 13:22:41.827,1.20785,1.2085,2.80,8.40
2008.12.17 13:22:41.987,1.20785,1.20845,6.80,5.60
2008.12.17 13:22:48.165,1.20785,1.20845,7.40,5.60
2008.12.17 13:22:48.975,1.20785,1.2084,8.40,5.60
2008.12.17 13:22:49.375,1.20825,1.20855,1.00,5.60
2008.12.17 13:22:49.785,1.2084,1.20895,1.00,1.00
2008.12.17 13:22:50.235,1.2085,1.20905,1.00,4.80
2008.12.17 13:22:50.705,1.2087,1.20935,1.00,1.00
2008.12.17 13:22:51.164,1.20865,1.20935,1.00,6.20
2008.12.17 13:22:56.133,1.20855,1.20915,1.00,6.20
2008.12.17 13:22:56.543,1.20785,1.20875,1.00,6.20
2008.12.17 13:22:57.753,1.20795,1.20855,3.40,6.20
2008.12.17 13:22:58.403,1.20795,1.2085,3.40,1.00
2008.12.17 13:22:59.833,1.20795,1.2085,1.00,1.00
2008.12.17 13:23:00.232,1.2083,1.2086,2.40,1.00
2008.12.17 13:23:00.462,1.2083,1.20895,4.60,1.00
2008.12.17 13:23:00.692,1.2083,1.2092,4.60,6.00
2008.12.17 13:23:01.802,1.20855,1.2091,1.00,1.00
2008.12.17 13:23:02.132,1.2084,1.20905,1.00,5.60
2008.12.17 13:23:03.092,1.20845,1.20915,1.00,6.40
2008.12.17 13:23:03.601,1.2079,1.20865,1.00,2.40
2008.12.17 13:23:04.173,1.20785,1.2086,2.80,2.40
2008.12.17 13:23:04.581,1.20775,1.2086,1.00,4.00
2008.12.17 13:23:05.591,1.2079,1.2084,1.00,1.00
2008.12.17 13:23:06.001,1.2079,1.20855,1.00,8.20
2008.12.17 13:23:06.691,1.20785,1.20825,1.00,2.40
2008.12.17 13:23:06.981,1.20775,1.20825,4.20,2.40
2008.12.17 13:23:07.600,1.20775,1.20825,4.20,3.40
2008.12.17 13:23:08.180,1.20775,1.2081,8.20,1.20
2008.12.17 13:23:08.530,1.2078,1.2081,2.00,1.20
2008.12.17 13:23:08.930,1.2078,1.20855,1.00,10.00
2008.12.17 13:23:11.739,1.2078,1.20835,1.00,1.60
2008.12.17 13:23:11.909,1.208,1.20835,1.00,7.80
2008.12.17 13:23:12.419,1.208,1.20825,1.00,1.20
2008.12.17 13:23:13.919,1.20805,1.2081,1.50,1.00
2008.12.17 13:23:15.019,1.20735,1.20795,7.40,2.40
2008.12.17 13:23:15.659,1.20735,1.2079,2.80,2.40
2008.12.17 13:23:16.009,1.20735,1.20775,2.80,1.00
2008.12.17 13:23:24.996,1.20755,1.20815,1.00,2.20
2008.12.17 13:23:25.666,1.2076,1.20825,2.80,10.00
2008.12.17 13:23:28.225,1.20775,1.2081,2.40,1.00
2008.12.17 13:23:28.635,1.2077,1.2081,3.20,1.00
2008.12.17 13:23:29.315,1.20775,1.2081,6.00,1.00
2008.12.17 13:23:29.895,1.2079,1.2082,2.80,1.60
2008.12.17 13:23:30.315,1.2079,1.2082,5.20,1.20
2008.12.17 13:23:30.865,1.208,1.2086,1.60,13.80
2008.12.17 13:23:31.275,1.20805,1.20855,1.60,5.60
2008.12.17 13:23:31.555,1.2078,1.2085,5.20,5.60
2008.12.17 13:23:32.555,1.2078,1.20845,5.80,5.60
2008.12.17 13:23:33.684,1.20785,1.2084,5.80,1.00
2008.12.17 13:23:34.224,1.20795,1.2084,1.60,1.00
2008.12.17 13:23:39.343,1.2079,1.20855,2.00,10.80
2008.12.17 13:23:39.733,1.2079,1.2085,2.00,7.60
2008.12.17 13:23:47.501,1.208,1.2084,1.00,5.60
2008.12.17 13:23:53.049,1.208,1.2085,1.00,10.40
2008.12.17 13:23:53.459,1.20805,1.20845,1.60,5.60
2008.12.17 13:23:53.579,1.20805,1.20845,2.20,5.60
2008.12.17 13:23:57.808,1.2083,1.2087,1.60,1.60
2008.12.17 13:23:58.208,1.2085,1.2089,1.00,1.00
2008.12.17 13:23:58.728,1.20855,1.20925,1.00,8.80
2008.12.17 13:23:59.238,1.20875,1.20925,1.00,5.60
2008.12.17 13:24:07.916,1.20855,1.20905,1.00,5.60
2008.12.17 13:24:08.656,1.20845,1.20895,1.00,5.60
2008.12.17 13:24:09.456,1.2086,1.20905,1.60,9.20
2008.12.17 13:24:12.035,1.2087,1.20915,1.00,5.60
2008.12.17 13:24:13.005,1.20865,1.20905,1.00,5.60
2008.12.17 13:24:15.374,1.20865,1.20915,1.00,8.40
2008.12.17 13:24:19.583,1.20885,1.2091,1.60,5.60
2008.12.17 13:24:19.993,1.20885,1.20925,1.60,6.00
2008.12.17 13:24:20.393,1.20905,1.20965,1.00,9.00
2008.12.17 13:24:20.743,1.20915,1.20975,1.00,8.40
2008.12.17 13:24:22.442,1.20925,1.20985,1.00,8.40
2008.12.17 13:24:23.202,1.2093,1.20985,1.00,8.60
2008.12.17 13:24:23.943,1.2093,1.20975,1.00,5.60
2008.12.17 13:24:24.322,1.2093,1.20975,1.00,5.60
2008.12.17 13:24:27.381,1.2093,1.2097,1.00,5.60
2008.12.17 13:24:28.611,1.20925,1.20965,1.00,5.60
2008.12.17 13:24:34.390,1.20915,1.20955,1.00,5.60
2008.12.17 13:24:34.859,1.20915,1.20955,2.20,8.00
2008.12.17 13:24:36.529,1.20915,1.2095,1.40,1.00
2008.12.17 13:24:36.939,1.2092,1.20975,1.00,8.40
2008.12.17 13:24:44.637,1.20925,1.20965,1.00,5.60
2008.12.17 13:24:47.746,1.2092,1.20965,1.00,5.60
2008.12.17 13:24:50.976,1.20915,1.20955,2.20,8.00
2008.12.17 13:24:52.825,1.20915,1.2095,2.20,1.00
2008.12.17 13:25:01.463,1.20915,1.2095,1.40,1.00
2008.12.17 13:25:01.923,1.2092,1.20965,1.00,7.20
2008.12.17 13:25:02.253,1.2092,1.2096,1.00,5.60
2008.12.17 13:25:02.733,1.2092,1.2097,1.00,8.40
2008.12.17 13:25:05.052,1.2096,1.2097,1.60,2.80
2008.12.17 13:25:05.412,1.2095,1.2097,1.20,5.60
2008.12.17 13:25:07.631,1.20965,1.2098,1.20,8.40
2008.12.17 13:25:11.261,1.2093,1.20975,1.60,5.60
2008.12.17 13:25:11.940,1.2093,1.2097,1.60,5.60
2008.12.17 13:25:12.212,1.2095,1.2096,1.00,5.60
2008.12.17 13:25:12.880,1.2098,1.2104,1.00,10.40
2008.12.17 13:25:13.620,1.2096,1.21025,2.60,5.60
2008.12.17 13:25:13.960,1.2097,1.2101,2.40,5.60
2008.12.17 13:25:14.370,1.2096,1.21,1.00,5.60
2008.12.17 13:25:14.760,1.2097,1.21,1.60,5.60
2008.12.17 13:25:17.301,1.2097,1.21,1.60,6.00
2008.12.17 13:25:17.819,1.2097,1.21,1.60,1.00
2008.12.17 13:25:18.399,1.2097,1.21,1.60,6.00
2008.12.17 13:25:19.339,1.2097,1.20995,1.60,5.60
2008.12.17 13:25:21.338,1.20965,1.2099,1.60,6.00
2008.12.17 13:25:24.187,1.2098,1.2099,1.60,6.00
2008.12.17 13:25:24.577,1.2098,1.2099,1.00,6.00
2008.12.17 13:25:24.807,1.2096,1.2099,1.60,6.00
2008.12.17 13:25:28.867,1.2097,1.21,1.60,8.80
2008.12.17 13:25:35.035,1.20965,1.2099,1.60,5.60
2008.12.17 13:25:35.745,1.20965,1.2099,1.60,6.00
2008.12.17 13:25:37.934,1.20965,1.2098,1.60,5.60
2008.12.17 13:25:38.774,1.20925,1.20975,1.00,5.60
2008.12.17 13:25:39.214,1.20905,1.20965,1.00,5.60
2008.12.17 13:25:39.994,1.2092,1.20965,1.00,1.00
2008.12.17 13:25:46.002,1.2092,1.2096,1.00,6.20
2008.12.17 13:25:46.352,1.2088,1.20895,2.10,1.60
2008.12.17 13:25:46.682,1.2092,1.2098,1.00,6.40
2008.12.17 13:25:47.032,1.20885,1.2096,1.00,5.60
2008.12.17 13:25:47.382,1.2089,1.2097,1.00,9.20
2008.12.17 13:25:47.892,1.20905,1.2095,1.00,2.80
2008.12.17 13:25:48.232,1.2091,1.2096,1.00,8.40
2008.12.17 13:25:48.862,1.2091,1.2095,1.00,5.60
2008.12.17 13:25:49.292,1.20915,1.2094,1.60,5.60
2008.12.17 13:25:49.702,1.20915,1.20935,1.00,5.60
2008.12.17 13:25:50.251,1.20895,1.20935,2.80,5.60
2008.12.17 13:25:50.651,1.20885,1.20935,1.00,5.60
2008.12.17 13:25:53.520,1.2087,1.20925,1.00,5.60
2008.12.17 13:25:54.090,1.2088,1.20935,2.40,8.40
2008.12.17 13:25:54.770,1.20885,1.20925,3.20,5.60
2008.12.17 13:25:56.260,1.20885,1.2092,3.20,1.00
2008.12.17 13:25:56.490,1.20865,1.20915,1.00,5.60
2008.12.17 13:25:57.250,1.20865,1.2091,1.00,5.60
2008.12.17 13:26:00.269,1.2087,1.2092,1.00,8.80
2008.12.17 13:26:03.858,1.20885,1.20915,1.60,5.60
2008.12.17 13:26:04.408,1.20885,1.20925,1.60,8.80
2008.12.17 13:26:06.787,1.20905,1.20935,1.60,14.20
2008.12.17 13:26:07.027,1.20905,1.2093,1.60,5.60
2008.12.17 13:26:07.367,1.20905,1.2094,1.60,9.00
2008.12.17 13:26:07.777,1.20905,1.20935,1.60,5.60
2008.12.17 13:26:08.007,1.20905,1.20925,1.00,5.60
2008.12.17 13:26:08.347,1.20905,1.2092,1.00,2.40
2008.12.17 13:26:08.527,1.20905,1.20945,1.60,8.80
2008.12.17 13:26:15.675,1.20905,1.2094,1.60,6.00
2008.12.17 13:26:17.575,1.2091,1.2094,1.60,6.00
2008.12.17 13:26:19.334,1.20905,1.2094,1.60,6.00
2008.12.17 13:26:20.154,1.2093,1.20955,1.00,8.40
2008.12.17 13:26:20.674,1.209,1.2095,2.40,5.60
2008.12.17 13:26:20.914,1.209,1.2095,1.00,5.60
2008.12.17 13:26:22.464,1.20905,1.2095,1.00,5.60
2008.12.17 13:26:24.563,1.2093,1.2098,1.60,11.20
2008.12.17 13:26:25.323,1.2092,1.20965,1.60,6.00
2008.12.17 13:26:25.783,1.20925,1.2095,1.60,5.60
2008.12.17 13:26:26.372,1.20925,1.2095,1.60,1.00
2008.12.17 13:26:26.733,1.2094,1.20945,1.60,5.60
2008.12.17 13:26:27.082,1.2094,1.2096,1.60,1.20
2008.12.17 13:26:27.422,1.2094,1.2098,1.60,6.60
2008.12.17 13:26:28.982,1.20935,1.20965,1.60,5.60
2008.12.17 13:26:30.532,1.2093,1.20965,5.80,5.60
2008.12.17 13:26:31.061,1.2093,1.20965,5.40,5.60
2008.12.17 13:26:31.461,1.20945,1.2098,1.60,8.40
2008.12.17 13:26:31.921,1.20945,1.2098,1.60,1.20
2008.12.17 13:26:32.321,1.20945,1.2101,1.00,8.40
2008.12.17 13:26:33.311,1.20955,1.2099,1.60,5.60
2008.12.17 13:26:33.691,1.2095,1.2098,3.60,2.80
2008.12.17 13:26:34.041,1.2095,1.2097,2.80,5.60
2008.12.17 13:26:34.600,1.20925,1.2097,3.60,5.60
2008.12.17 13:26:35.051,1.2093,1.2097,1.00,5.60
2008.12.17 13:26:43.628,1.20945,1.2097,1.00,5.60
2008.12.17 13:26:43.868,1.2095,1.2101,1.00,8.40
2008.12.17 13:26:44.338,1.20955,1.21005,2.40,5.60
2008.12.17 13:26:45.718,1.20965,1.20995,2.80,5.60
2008.12.17 13:26:46.728,1.2096,1.2098,2.40,5.60
2008.12.17 13:26:47.187,1.2096,1.20965,2.40,7.20
2008.12.17 13:26:47.528,1.20925,1.2096,1.00,5.60
2008.12.17 13:26:48.957,1.20935,1.20955,1.00,5.60
2008.12.17 13:26:49.357,1.20935,1.2095,1.00,5.60
2008.12.17 13:26:50.816,1.20935,1.2095,1.00,6.00
2008.12.17 13:26:55.196,1.20935,1.20945,1.00,5.60
2008.12.17 13:26:57.775,1.20935,1.20955,1.00,12.80
2008.12.17 13:26:59.615,1.20935,1.20945,1.00,5.60
2008.12.17 13:27:00.434,1.2089,1.2093,2.80,2.60
2008.12.17 13:27:00.954,1.20895,1.20965,1.00,8.40
2008.12.17 13:27:01.294,1.209,1.2096,1.00,5.60
2008.12.17 13:27:02.054,1.2091,1.20955,1.00,5.60
2008.12.17 13:27:04.583,1.20925,1.2098,2.40,7.40
2008.12.17 13:27:04.993,1.20925,1.20975,3.20,1.00
2008.12.17 13:27:05.413,1.2093,1.20975,1.00,1.00
2008.12.17 13:27:05.913,1.2094,1.2097,1.00,6.00
2008.12.17 13:27:06.603,1.2094,1.20965,2.80,1.00
2008.12.17 13:27:06.913,1.20915,1.20955,2.80,5.60
2008.12.17 13:27:07.313,1.2091,1.20955,1.00,5.60
2008.12.17 13:27:07.942,1.2091,1.20955,1.00,5.60
2008.12.17 13:27:08.792,1.2092,1.20965,2.40,7.00
2008.12.17 13:27:09.432,1.2092,1.2096,3.20,1.00
2008.12.17 13:27:10.452,1.20915,1.20955,2.40,5.60
2008.12.17 13:27:10.922,1.20905,1.2095,1.00,6.00
2008.12.17 13:27:14.241,1.20915,1.2095,2.40,1.00
2008.12.17 13:27:16.120,1.2093,1.2095,2.80,1.00
2008.12.17 13:27:19.050,1.2093,1.20965,2.80,8.80
2008.12.17 13:27:19.380,1.2092,1.2095,1.00,3.40
2008.12.17 13:27:19.950,1.2093,1.2096,1.00,7.60
2008.12.17 13:27:20.290,1.20905,1.20945,1.00,3.20
2008.12.17 13:27:21.319,1.2091,1.2094,1.00,3.40
2008.12.17 13:27:21.729,1.20905,1.2093,1.00,1.00
2008.12.17 13:27:22.199,1.20905,1.20945,1.00,8.80
2008.12.17 13:27:24.518,1.20915,1.2094,2.40,3.20
2008.12.17 13:27:25.048,1.20905,1.2095,1.00,6.00
2008.12.17 13:27:32.567,1.209,1.20935,2.80,5.60
2008.12.17 13:27:32.927,1.209,1.2095,3.40,11.20
2008.12.17 13:27:35.086,1.209,1.20945,1.00,5.60
2008.12.17 13:27:35.426,1.20905,1.20955,1.00,8.60
2008.12.17 13:27:35.656,1.20905,1.20945,1.00,5.60
2008.12.17 13:28:01.390,1.20895,1.2094,1.00,5.60
2008.12.17 13:28:05.240,1.20895,1.20935,1.00,5.60
2008.12.17 13:28:06.029,1.2091,1.20945,1.20,8.40
2008.12.17 13:28:08.318,1.2092,1.20935,1.20,5.60
2008.12.17 13:28:15.906,1.2092,1.20945,1.20,8.40
2008.12.17 13:28:20.355,1.2092,1.20935,1.20,5.60
2008.12.17 13:28:22.534,1.2092,1.20925,1.20,5.60
2008.12.17 13:28:23.314,1.20865,1.20925,1.20,8.60
2008.12.17 13:28:23.654,1.2086,1.2092,1.00,5.60
2008.12.17 13:28:24.534,1.2088,1.2093,1.00,8.40
2008.12.17 13:28:25.014,1.2088,1.20925,1.20,5.60
2008.12.17 13:28:25.914,1.20825,1.20875,1.60,2.40
2008.12.17 13:28:26.373,1.20835,1.2089,1.00,1.20
2008.12.17 13:28:26.543,1.20835,1.2092,1.00,5.60
2008.12.17 13:28:27.073,1.2086,1.209,1.00,4.80
2008.12.17 13:28:27.653,1.20865,1.209,1.00,4.80
2008.12.17 13:28:28.073,1.2087,1.209,1.00,4.80
2008.12.17 13:28:28.643,1.20865,1.209,1.00,4.80
2008.12.17 13:28:29.803,1.2086,1.209,1.00,10.40
2008.12.17 13:28:30.213,1.2085,1.2089,1.80,5.60
2008.12.17 13:28:30.512,1.20845,1.2089,1.00,5.60
2008.12.17 13:28:30.992,1.2085,1.209,1.00,5.60
2008.12.17 13:28:33.652,1.20845,1.2089,1.00,5.60
2008.12.17 13:28:39.190,1.20835,1.2088,1.00,5.60
2008.12.17 13:28:39.641,1.2081,1.20865,1.00,9.60
2008.12.17 13:28:40.120,1.20815,1.20865,1.00,9.60
2008.12.17 13:28:40.470,1.20815,1.20865,1.00,9.60
2008.12.17 13:28:41.480,1.2083,1.2085,1.00,1.20
2008.12.17 13:28:41.600,1.2083,1.2085,1.00,4.00
2008.12.17 13:28:42.000,1.20805,1.2085,1.00,4.00
2008.12.17 13:28:42.350,1.20805,1.2085,1.20,4.00
2008.12.17 13:28:43.119,1.2081,1.2085,1.00,4.00
2008.12.17 13:28:43.820,1.20815,1.2084,1.00,1.60
2008.12.17 13:28:44.299,1.20805,1.2084,1.00,4.20
2008.12.17 13:28:45.449,1.20805,1.2083,1.00,1.20
2008.12.17 13:28:45.749,1.20815,1.2083,1.00,1.60
2008.12.17 13:28:46.219,1.20795,1.2083,1.00,4.00
2008.12.17 13:28:47.598,1.208,1.2082,1.00,1.20
2008.12.17 13:28:48.059,1.2081,1.2082,1.00,1.60
2008.12.17 13:28:48.448,1.20755,1.20815,3.60,5.60
2008.12.17 13:28:48.968,1.20755,1.20815,1.00,5.60
2008.12.17 13:29:12.463,1.20775,1.20815,1.60,5.60
2008.12.17 13:29:12.803,1.2079,1.20825,1.40,16.60
2008.12.17 13:29:13.212,1.2079,1.20815,1.40,5.60
2008.12.17 13:29:22.890,1.20795,1.20825,1.40,11.80
2008.12.17 13:29:23.070,1.20795,1.2082,1.40,1.60
2008.12.17 13:29:25.259,1.20795,1.2082,4.20,1.60
2008.12.17 13:29:26.230,1.20795,1.20835,4.20,10.20
2008.12.17 13:29:26.969,1.20795,1.2082,1.40,5.60
2008.12.17 13:29:27.359,1.20795,1.20815,1.40,5.60
2008.12.17 13:29:34.047,1.20795,1.20825,1.40,4.60
2008.12.17 13:29:38.126,1.20795,1.2085,1.40,7.00
2008.12.17 13:29:38.366,1.20795,1.2086,1.40,8.20
2008.12.17 13:29:38.716,1.20795,1.20855,1.40,6.20
2008.12.17 13:29:40.656,1.20785,1.2084,5.40,2.40
2008.12.17 13:29:40.896,1.20785,1.2084,2.80,2.40
2008.12.17 13:29:41.205,1.2078,1.2084,1.00,2.40
2008.12.17 13:29:41.665,1.2078,1.2084,1.00,2.40
2008.12.17 13:29:42.345,1.2078,1.2084,1.00,2.40
2008.12.17 13:29:42.515,1.2077,1.2084,1.60,2.40
2008.12.17 13:29:43.995,1.2078,1.2084,1.00,2.40
2008.12.17 13:29:44.525,1.2077,1.2084,1.60,2.40
2008.12.17 13:29:45.204,1.20765,1.2084,1.60,2.40
2008.12.17 13:29:46.594,1.20775,1.2084,1.00,2.40
2008.12.17 13:29:48.354,1.2076,1.2084,1.60,2.40
2008.12.17 13:29:49.334,1.20765,1.2084,1.60,2.40
2008.12.17 13:29:49.843,1.20785,1.20855,4.00,1.60
2008.12.17 13:29:53.293,1.20805,1.2085,2.40,1.60
2008.12.17 13:29:56.092,1.20805,1.2085,4.00,1.60
2008.12.17 13:29:56.322,1.20815,1.2085,2.40,1.60
2008.12.17 13:29:58.931,1.20805,1.2085,2.40,1.60
2008.12.17 13:30:00.721,1.2083,1.2085,2.40,1.60
2008.12.17 13:30:01.011,1.2083,1.2091,2.40,1.60
2008.12.17 13:30:02.810,1.20835,1.2089,4.60,1.60
2008.12.17 13:30:03.030,1.20835,1.2087,4.60,3.00
2008.12.17 13:30:03.960,1.20825,1.2087,2.40,3.00
2008.12.17 13:30:05.150,1.20835,1.2086,2.40,3.00
2008.12.17 13:30:05.679,1.20835,1.20875,2.40,1.60
2008.12.17 13:30:09.309,1.2081,1.2087,4.00,1.60
2008.12.17 13:30:12.578,1.2083,1.2087,2.40,1.60
2008.12.17 13:30:14.337,1.20825,1.2087,3.20,1.60
2008.12.17 13:30:14.678,1.2083,1.2087,1.00,1.60
2008.12.17 13:30:14.797,1.2086,1.2091,1.00,4.80
2008.12.17 13:30:15.087,1.2086,1.20895,1.00,1.00
2008.12.17 13:30:17.987,1.2087,1.20875,1.50,1.60
2008.12.17 13:30:18.617,1.20875,1.209,1.00,4.80
2008.12.17 13:30:22.006,1.2087,1.20875,1.50,1.60
2008.12.17 13:30:23.135,1.20875,1.20885,1.00,1.00
2008.12.17 13:30:25.855,1.20845,1.2087,2.90,1.60
2008.12.17 13:30:28.714,1.20875,1.2091,1.00,7.00
2008.12.17 13:30:29.124,1.20875,1.20905,1.00,3.60
2008.12.17 13:30:29.694,1.20875,1.20895,1.00,5.20
2008.12.17 13:30:32.203,1.20875,1.20885,1.00,5.60
2008.12.17 13:30:34.423,1.20835,1.20885,3.40,5.60
2008.12.17 13:30:35.182,1.20835,1.20885,3.40,8.60
2008.12.17 13:30:35.653,1.20845,1.20875,2.80,1.60
2008.12.17 13:30:37.512,1.2085,1.2087,1.00,1.60
2008.12.17 13:30:38.781,1.2085,1.20885,1.00,1.00
2008.12.17 13:30:46.440,1.2085,1.2087,1.00,1.60
2008.12.17 13:30:48.969,1.2085,1.20885,1.00,1.00
2008.12.17 13:30:53.738,1.20865,1.20895,3.40,1.60
2008.12.17 13:30:54.318,1.20885,1.2089,2.80,1.60
2008.12.17 13:30:54.838,1.20895,1.2091,2.80,2.40
2008.12.17 13:30:56.147,1.20915,1.2097,2.80,13.60
2008.12.17 13:30:57.067,1.20915,1.20935,2.80,5.60
2008.12.17 13:30:57.307,1.20865,1.2092,1.00,5.60
2008.12.17 13:30:57.657,1.2087,1.2093,1.00,8.40
2008.12.17 13:30:59.677,1.20895,1.20925,2.80,5.60
2008.12.17 13:31:01.576,1.2088,1.20925,1.00,5.60
2008.12.17 13:31:07.954,1.2088,1.20925,1.00,5.60
2008.12.17 13:31:09.914,1.20885,1.20925,1.00,5.60
2008.12.17 13:31:11.454,1.20885,1.20935,1.00,8.40
2008.12.17 13:31:11.864,1.20885,1.20925,1.00,5.60
2008.12.17 13:31:14.923,1.20885,1.20925,2.20,5.60
2008.12.17 13:31:15.323,1.209,1.2094,1.40,8.40
2008.12.17 13:31:20.461,1.209,1.20935,4.20,5.60
2008.12.17 13:31:20.811,1.209,1.20945,4.20,8.40
2008.12.17 13:31:22.471,1.209,1.20935,4.20,5.60
2008.12.17 13:31:23.211,1.20905,1.2093,1.40,5.60
2008.12.17 13:31:26.001,1.20905,1.2092,1.40,5.60
2008.12.17 13:31:26.820,1.2088,1.20905,2.80,5.60
2008.12.17 13:31:27.160,1.20905,1.2092,1.40,16.60
2008.12.17 13:31:28.010,1.20865,1.20905,1.80,5.60
2008.12.17 13:31:40.557,1.2086,1.209,1.80,6.00
2008.12.17 13:31:40.957,1.20905,1.20915,1.40,12.60
2008.12.17 13:31:42.286,1.20905,1.20915,1.40,5.60
2008.12.17 13:31:58.282,1.20905,1.20925,1.40,8.40
2008.12.17 13:32:01.462,1.20905,1.20925,1.40,5.60
2008.12.17 13:32:01.831,1.20905,1.2092,1.40,5.60
2008.12.17 13:32:02.951,1.20905,1.20915,1.40,5.60
2008.12.17 13:32:03.351,1.20905,1.20925,1.40,8.40
2008.12.17 13:32:03.871,1.20905,1.20915,1.40,5.60
2008.12.17 13:32:14.188,1.20905,1.2093,1.40,8.80
2008.12.17 13:32:16.528,1.20905,1.2092,1.40,5.60
2008.12.17 13:32:16.758,1.20905,1.20935,1.40,8.40
2008.12.17 13:32:17.118,1.20905,1.2092,1.40,5.60
2008.12.17 13:32:17.528,1.20905,1.2093,1.40,9.20
2008.12.17 13:32:20.867,1.20905,1.20915,1.40,1.60
2008.12.17 13:32:21.337,1.20905,1.2091,1.40,5.60
2008.12.17 13:32:21.787,1.20905,1.2091,1.40,7.20
2008.12.17 13:32:22.187,1.20905,1.2091,1.40,7.80
2008.12.17 13:32:34.224,1.20845,1.20905,1.00,5.60
2008.12.17 13:32:35.603,1.20865,1.20915,1.00,8.40
2008.12.17 13:32:36.283,1.2086,1.209,1.40,1.00
2008.12.17 13:32:36.683,1.20865,1.209,1.00,1.00
2008.12.17 13:32:36.803,1.2086,1.209,1.00,1.00
2008.12.17 13:32:47.860,1.20865,1.209,1.00,1.00
2008.12.17 13:32:48.751,1.2087,1.20925,1.00,8.80
2008.12.17 13:32:55.789,1.2087,1.20915,1.00,7.20
2008.12.17 13:32:56.309,1.20865,1.20905,1.00,1.00
2008.12.17 13:32:57.468,1.2087,1.209,3.40,1.00
2008.12.17 13:33:01.627,1.20865,1.209,1.00,1.00
2008.12.17 13:33:18.313,1.2088,1.209,1.20,1.00
2008.12.17 13:33:18.713,1.2086,1.209,1.00,1.00
2008.12.17 13:33:26.881,1.20875,1.209,1.00,1.00
2008.12.17 13:33:27.171,1.2088,1.2093,1.00,1.00
2008.12.17 13:33:29.061,1.20895,1.2092,2.80,1.00
2008.12.17 13:33:30.310,1.20875,1.2092,1.00,6.00
2008.12.17 13:33:30.700,1.20865,1.20915,1.00,5.60
2008.12.17 13:33:31.070,1.20865,1.2091,1.00,5.60
2008.12.17 13:33:33.359,1.2087,1.2091,1.00,7.20
2008.12.17 13:33:33.709,1.2087,1.2091,1.00,7.60
2008.12.17 13:33:34.179,1.20865,1.2091,1.00,7.60
2008.12.17 13:33:34.979,1.20865,1.209,1.00,1.00
2008.12.17 13:33:35.199,1.20865,1.209,1.00,1.80
2008.12.17 13:33:37.209,1.20865,1.209,1.00,1.00
2008.12.17 13:33:37.429,1.20865,1.2089,1.00,1.80
2008.12.17 13:33:38.478,1.2086,1.2089,21.40,1.80
2008.12.17 13:33:39.178,1.20875,1.20915,2.80,6.80
2008.12.17 13:33:39.648,1.20855,1.20905,21.40,1.00
2008.12.17 13:33:41.527,1.2086,1.2089,21.40,1.00
2008.12.17 13:33:42.567,1.2086,1.20905,21.40,6.00
2008.12.17 13:33:43.667,1.20855,1.209,3.40,6.00
2008.12.17 13:33:44.067,1.20855,1.20885,3.40,1.00
2008.12.17 13:33:48.636,1.20845,1.2087,2.80,1.00
2008.12.17 13:33:49.186,1.2085,1.20885,1.00,1.00
2008.12.17 13:33:49.656,1.2085,1.20895,1.00,7.00
2008.12.17 13:33:50.065,1.2085,1.20895,1.00,5.60
2008.12.17 13:34:00.473,1.2085,1.20885,1.00,1.00
2008.12.17 13:34:01.743,1.2085,1.20905,1.00,11.40
2008.12.17 13:34:03.672,1.2085,1.20885,1.00,1.00
2008.12.17 13:34:04.472,1.2085,1.20905,1.00,11.40
2008.12.17 13:34:07.661,1.2085,1.2089,1.00,4.40
2008.12.17 13:34:08.001,1.2084,1.20885,1.00,5.60
2008.12.17 13:34:08.351,1.2084,1.20885,1.00,7.20
2008.12.17 13:34:08.861,1.20835,1.20875,1.00,3.60
2008.12.17 13:34:09.421,1.20825,1.2086,1.00,1.00
2008.12.17 13:34:10.000,1.20825,1.2086,1.00,1.00
2008.12.17 13:34:12.360,1.20825,1.2086,1.00,1.00
2008.12.17 13:34:12.910,1.20805,1.20855,1.00,5.60
2008.12.17 13:34:13.770,1.2081,1.20865,1.00,8.60
2008.12.17 13:34:13.890,1.20815,1.2086,1.00,5.60
2008.12.17 13:34:16.199,1.2083,1.2086,1.80,5.60
2008.12.17 13:34:17.119,1.2084,1.20855,1.80,5.60
2008.12.17 13:34:18.649,1.2084,1.20865,1.80,10.00
2008.12.17 13:34:19.588,1.2084,1.2086,1.00,5.60
2008.12.17 13:34:20.168,1.2084,1.20855,1.00,5.60
2008.12.17 13:34:21.278,1.2084,1.20865,1.00,8.40
2008.12.17 13:34:22.638,1.2084,1.20865,1.00,5.60
2008.12.17 13:34:38.004,1.2084,1.2086,1.00,1.00
2008.12.17 13:34:53.180,1.2084,1.2086,1.00,6.00
2008.12.17 13:34:53.940,1.2084,1.20855,1.00,5.60
2008.12.17 13:34:56.010,1.2084,1.20865,1.00,8.40
2008.12.17 13:34:59.599,1.2084,1.20855,1.00,4.40
2008.12.17 13:35:00.049,1.20795,1.20845,1.00,2.40
2008.12.17 13:35:01.859,1.20805,1.2084,1.00,1.00
2008.12.17 13:35:05.527,1.2081,1.2084,1.00,1.00
2008.12.17 13:35:10.616,1.20815,1.2084,3.40,1.00
2008.12.17 13:35:11.066,1.20825,1.2084,1.00,1.00
2008.12.17 13:35:11.446,1.20835,1.209,1.00,15.60
2008.12.17 13:35:11.736,1.2084,1.209,1.00,5.60
2008.12.17 13:35:12.246,1.20845,1.2091,1.00,8.40
2008.12.17 13:35:16.005,1.2081,1.2087,1.00,2.40
2008.12.17 13:35:16.365,1.20815,1.2087,2.80,2.40
2008.12.17 13:35:16.724,1.2081,1.2087,1.00,2.40
2008.12.17 13:35:17.244,1.2083,1.2086,3.40,1.20
2008.12.17 13:35:17.704,1.2083,1.20855,3.40,1.00
2008.12.17 13:35:19.134,1.2084,1.20865,1.00,1.20
2008.12.17 13:35:19.584,1.2084,1.2089,1.00,8.40
2008.12.17 13:35:20.284,1.20845,1.20885,1.00,1.00
2008.12.17 13:35:21.494,1.20835,1.2088,1.00,6.00
2008.12.17 13:35:23.503,1.20845,1.2088,1.00,1.00
2008.12.17 13:35:24.033,1.2084,1.2088,3.00,1.00
2008.12.17 13:35:24.723,1.2084,1.2088,3.00,6.00
2008.12.17 13:35:25.352,1.20845,1.2088,2.80,6.00
2008.12.17 13:35:26.142,1.20825,1.20875,1.00,5.60
2008.12.17 13:35:33.141,1.20835,1.20875,1.00,5.60
2008.12.17 13:35:42.688,1.2085,1.20875,1.00,5.60
2008.12.17 13:35:46.277,1.20855,1.20885,1.00,11.20
2008.12.17 13:35:52.496,1.20855,1.20875,1.00,5.60
2008.12.17 13:35:57.165,1.20855,1.20885,1.00,11.20
2008.12.17 13:36:07.932,1.20855,1.20885,1.00,11.20
2008.12.17 13:36:13.261,1.20855,1.20875,1.00,5.60
2008.12.17 13:36:14.231,1.20855,1.20865,1.00,1.00
2008.12.17 13:36:15.111,1.20855,1.2089,1.00,11.20
2008.12.17 13:36:18.270,1.20855,1.20875,1.00,5.60
2008.12.17 13:36:19.360,1.20855,1.20885,1.00,11.20
2008.12.17 13:37:55.717,1.20855,1.2088,2.80,1.00
2008.12.17 13:37:56.176,1.20855,1.2087,2.80,1.60
2008.12.17 13:37:56.706,1.20855,1.2087,1.00,1.00
2008.12.17 13:37:57.336,1.20855,1.2088,1.00,12.40
2008.12.17 13:37:57.726,1.20855,1.2088,1.00,6.00
2008.12.17 13:38:01.045,1.20855,1.20865,1.00,1.00
2008.12.17 13:38:13.192,1.20855,1.20865,1.00,1.60
2008.12.17 13:38:13.542,1.20855,1.2086,1.00,1.20
2008.12.17 13:38:13.772,1.20855,1.20875,1.00,1.60
2008.12.17 13:38:14.022,1.20855,1.20885,1.00,9.40
2008.12.17 13:38:16.521,1.20855,1.2087,1.00,1.20
2008.12.17 13:38:25.089,1.20855,1.2087,1.00,1.20
2008.12.17 13:38:44.145,1.20855,1.2088,2.80,1.60
2008.12.17 13:38:45.664,1.20855,1.20875,3.40,1.20
2008.12.17 13:38:46.504,1.20865,1.209,1.00,1.60
2008.12.17 13:38:46.954,1.20875,1.2093,1.00,8.40
2008.12.17 13:38:47.244,1.20885,1.20945,1.00,8.40
2008.12.17 13:38:48.194,1.20885,1.2093,1.00,5.60
2008.12.17 13:38:48.853,1.2089,1.2094,1.00,8.40
2008.12.17 13:38:49.593,1.2089,1.2093,1.00,5.60
2008.12.17 13:39:04.100,1.2089,1.2094,1.00,8.40
2008.12.17 13:39:06.740,1.2089,1.2093,1.00,5.60
2008.12.17 13:39:09.498,1.2089,1.2093,3.40,5.60
2008.12.17 13:39:09.609,1.2089,1.2094,3.40,8.40
2008.12.17 13:39:10.118,1.209,1.2094,2.80,8.60
2008.12.17 13:39:10.488,1.209,1.2094,2.80,5.60
2008.12.17 13:39:12.148,1.209,1.2094,5.00,5.60
2008.12.17 13:39:14.637,1.209,1.2095,5.00,9.80
2008.12.17 13:39:15.147,1.2091,1.20945,2.80,5.60
2008.12.17 13:39:16.367,1.2092,1.20945,1.60,5.60
2008.12.17 13:39:20.885,1.2092,1.20955,1.60,9.80
2008.12.17 13:39:29.214,1.2092,1.2094,4.40,1.20
2008.12.17 13:39:30.393,1.2092,1.2095,4.40,7.00
2008.12.17 13:39:30.743,1.2092,1.20945,1.60,5.60
2008.12.17 13:39:33.123,1.2092,1.2094,4.40,1.20
2008.12.17 13:39:34.952,1.20935,1.2094,2.40,1.20
2008.12.17 13:39:35.532,1.20935,1.20985,1.00,11.00
2008.12.17 13:39:35.882,1.2092,1.2098,1.00,7.20
2008.12.17 13:39:36.232,1.2094,1.2098,2.40,1.60
2008.12.17 13:39:36.632,1.2092,1.20965,3.00,9.00
2008.12.17 13:39:37.262,1.2092,1.20955,1.00,2.40
2008.12.17 13:39:38.012,1.2092,1.20955,3.60,2.40
2008.12.17 13:39:38.471,1.2093,1.20965,2.80,14.60
2008.12.17 13:39:38.831,1.2093,1.2095,2.80,1.00
2008.12.17 13:39:39.181,1.2093,1.2095,2.80,3.20
2008.12.17 13:39:39.861,1.2092,1.20945,1.00,5.60
2008.12.17 13:39:40.441,1.2092,1.20935,1.00,1.00
2008.12.17 13:39:40.851,1.2092,1.20935,1.00,5.60
2008.12.17 13:39:41.151,1.2092,1.20925,1.00,1.00
2008.12.17 13:39:41.591,1.2092,1.20935,1.00,8.40
2008.12.17 13:39:41.931,1.2092,1.20925,1.00,5.60
2008.12.17 13:39:46.040,1.2092,1.20955,1.00,11.40
2008.12.17 13:39:46.429,1.2092,1.2094,1.00,5.60
2008.12.17 13:39:46.889,1.2092,1.2095,1.00,9.80
2008.12.17 13:39:47.289,1.20895,1.20935,2.20,2.80
2008.12.17 13:39:47.739,1.20895,1.2093,1.60,5.60
2008.12.17 13:39:47.909,1.209,1.2096,3.00,12.20
2008.12.17 13:39:48.199,1.20915,1.2095,1.00,1.20
2008.12.17 13:39:48.729,1.2091,1.2095,1.00,1.20
2008.12.17 13:39:49.009,1.20915,1.2094,2.40,1.20
2008.12.17 13:39:49.309,1.2091,1.20955,1.00,13.80
2008.12.17 13:39:49.849,1.20905,1.2094,1.00,2.40
2008.12.17 13:39:50.479,1.2091,1.2094,1.00,2.40
2008.12.17 13:39:50.829,1.20915,1.2094,2.40,1.20
2008.12.17 13:39:51.179,1.20915,1.2094,3.00,1.20
2008.12.17 13:39:52.088,1.2092,1.2094,2.80,1.20
2008.12.17 13:39:55.907,1.2091,1.20955,1.00,9.40
2008.12.17 13:39:56.717,1.20905,1.2094,3.00,1.00
2008.12.17 13:39:57.057,1.20905,1.2094,3.00,1.20
2008.12.17 13:39:59.306,1.2091,1.20955,1.00,12.20
2008.12.17 13:39:59.916,1.2091,1.20945,1.00,1.20
2008.12.17 13:40:00.746,1.20915,1.20945,1.00,1.20
2008.12.17 13:40:04.445,1.2091,1.20945,3.40,1.20
2008.12.17 13:40:07.834,1.2091,1.20955,3.40,9.40
2008.12.17 13:40:10.304,1.2091,1.2095,1.00,1.00
2008.12.17 13:40:10.714,1.2091,1.2095,1.00,6.00
2008.12.17 13:40:11.163,1.20905,1.2095,3.00,6.00
2008.12.17 13:40:13.193,1.2091,1.2095,1.00,6.00
2008.12.17 13:40:13.893,1.2091,1.2095,1.00,1.00
2008.12.17 13:40:15.992,1.2091,1.2095,1.00,6.00
2008.12.17 13:40:18.701,1.2091,1.2095,3.40,5.60
2008.12.17 13:40:18.822,1.20915,1.2096,1.00,9.80
2008.12.17 13:40:25.550,1.2093,1.2097,2.40,10.20
2008.12.17 13:40:25.960,1.2093,1.20965,3.20,1.00
2008.12.17 13:40:27.629,1.2094,1.20965,2.80,1.00
2008.12.17 13:40:27.990,1.2095,1.20975,2.80,1.20
2008.12.17 13:40:28.339,1.2095,1.2097,2.80,1.00
2008.12.17 13:40:31.908,1.2095,1.20985,2.80,9.40
2008.12.17 13:40:33.348,1.2096,1.20985,2.80,1.00
2008.12.17 13:40:36.797,1.2095,1.2098,2.80,1.00
2008.12.17 13:40:41.446,1.2095,1.2099,2.80,8.80
2008.12.17 13:40:42.496,1.2095,1.2099,2.80,6.00
2008.12.17 13:40:44.286,1.2096,1.2099,2.80,5.60
2008.12.17 13:40:44.585,1.2096,1.20985,2.80,5.60
2008.12.17 13:40:45.405,1.20955,1.20995,2.40,11.80
2008.12.17 13:40:45.795,1.2096,1.20985,2.80,5.60
2008.12.17 13:40:46.095,1.2095,1.20985,2.80,5.60
2008.12.17 13:40:51.884,1.2096,1.20985,2.80,8.00
2008.12.17 13:40:52.524,1.2097,1.20985,2.80,5.60
2008.12.17 13:40:52.863,1.2094,1.20985,10.80,5.60
2008.12.17 13:40:55.223,1.2095,1.2098,10.80,1.00
2008.12.17 13:40:55.843,1.2095,1.2099,10.80,8.80
2008.12.17 13:41:00.362,1.2095,1.2098,10.80,1.00
2008.12.17 13:41:06.060,1.2096,1.2098,2.80,1.00
2008.12.17 13:41:08.759,1.2096,1.20975,2.80,1.20
2008.12.17 13:41:13.499,1.2096,1.20985,2.80,6.80
2008.12.17 13:41:13.849,1.2096,1.2098,2.80,1.20
2008.12.17 13:41:17.068,1.2095,1.2099,2.80,9.80
2008.12.17 13:41:24.126,1.2095,1.2099,2.80,7.00
2008.12.17 13:41:30.334,1.2095,1.2099,2.80,8.60
2008.12.17 13:41:40.842,1.2095,1.2099,2.80,7.00
2008.12.17 13:41:43.181,1.2095,1.20985,3.40,1.20
2008.12.17 13:41:43.701,1.2095,1.21,3.40,9.80
2008.12.17 13:41:49.090,1.2095,1.2099,3.40,1.00
2008.12.17 13:41:50.519,1.2095,1.2099,3.40,6.00
2008.12.17 13:41:53.859,1.2095,1.2099,3.40,1.00
2008.12.17 13:41:53.979,1.2096,1.2098,2.80,1.20
2008.12.17 13:42:01.337,1.20965,1.20995,2.40,1.20
2008.12.17 13:42:01.997,1.2096,1.2099,2.80,1.20
2008.12.17 13:42:06.606,1.20965,1.2099,2.80,1.20
2008.12.17 13:42:07.026,1.2097,1.21,2.80,14.60
2008.12.17 13:42:07.705,1.2096,1.2099,2.80,1.20
2008.12.17 13:42:10.665,1.20965,1.2099,5.20,1.20
2008.12.17 13:42:11.064,1.2097,1.2099,2.80,1.20
2008.12.17 13:42:12.444,1.20975,1.2099,2.80,1.20
2008.12.17 13:42:13.714,1.2097,1.2099,2.80,1.20
2008.12.17 13:42:13.954,1.20975,1.21,2.80,1.60
2008.12.17 13:42:15.854,1.2095,1.20995,1.00,5.60
2008.12.17 13:42:21.342,1.2096,1.20995,2.80,5.60
2008.12.17 13:42:26.191,1.2096,1.2099,2.80,1.20
2008.12.17 13:42:32.829,1.2096,1.21,2.80,14.60
2008.12.17 13:42:33.189,1.2096,1.20995,2.80,5.60
2008.12.17 13:42:37.109,1.20965,1.20995,2.80,5.60
2008.12.17 13:42:37.458,1.20965,1.2099,5.20,1.20
2008.12.17 13:42:43.237,1.20975,1.2099,2.80,1.20
2008.12.17 13:42:43.697,1.20975,1.21005,2.80,7.00
2008.12.17 13:42:44.557,1.20975,1.20995,2.80,1.20
2008.12.17 13:42:56.064,1.20955,1.20995,2.80,5.60
2008.12.17 13:42:56.434,1.20955,1.2099,2.80,1.00
2008.12.17 13:42:57.024,1.20955,1.21,2.80,9.80
2008.12.17 13:42:58.523,1.2096,1.20995,3.40,1.20
2008.12.17 13:43:00.823,1.2097,1.21005,1.00,1.00
2008.12.17 13:43:01.282,1.20975,1.21025,1.00,8.40
2008.12.17 13:43:01.673,1.20975,1.21025,1.00,5.60
2008.12.17 13:43:02.512,1.20975,1.2102,1.00,7.20
2008.12.17 13:43:03.022,1.20965,1.2101,1.00,2.40
2008.12.17 13:43:03.462,1.2097,1.2101,1.00,2.40
2008.12.17 13:43:04.652,1.20965,1.21005,3.40,2.40
2008.12.17 13:43:05.062,1.2098,1.21035,5.20,9.80
2008.12.17 13:43:05.472,1.2098,1.21035,5.80,6.60
2008.12.17 13:43:05.991,1.20975,1.21015,2.80,5.60
2008.12.17 13:43:06.532,1.20955,1.21005,3.40,5.60
2008.12.17 13:43:08.041,1.2096,1.21,3.40,6.00
2008.12.17 13:43:10.460,1.2096,1.21,2.80,6.00
2008.12.17 13:43:11.030,1.2096,1.2099,2.80,1.00
2008.12.17 13:43:12.120,1.20955,1.2099,3.00,1.00
2008.12.17 13:43:12.540,1.20955,1.2099,1.00,1.00
2008.12.17 13:43:19.398,1.2096,1.2099,2.80,1.00
2008.12.17 13:43:19.738,1.2096,1.2098,2.80,1.20
2008.12.17 13:43:28.386,1.2096,1.20995,2.80,9.40
2008.12.17 13:43:28.846,1.2096,1.20995,2.80,5.60
2008.12.17 13:43:31.225,1.2096,1.20995,3.40,1.20
2008.12.17 13:43:34.414,1.2095,1.2099,1.00,5.60
2008.12.17 13:43:35.494,1.20945,1.2099,1.00,5.60
2008.12.17 13:43:35.944,1.20945,1.2099,1.00,8.60
2008.12.17 13:43:36.114,1.20945,1.20985,1.00,6.20
2008.12.17 13:43:36.584,1.2094,1.2098,1.00,5.60
2008.12.17 13:43:37.174,1.20935,1.2097,1.00,1.00
2008.12.17 13:43:37.514,1.2093,1.2098,1.00,6.40
2008.12.17 13:43:40.323,1.2093,1.20975,1.00,6.20
2008.12.17 13:43:40.673,1.2093,1.2097,1.00,6.20
2008.12.17 13:43:41.393,1.2093,1.20965,1.00,1.00
2008.12.17 13:43:42.233,1.2093,1.2096,1.00,2.80
2008.12.17 13:43:42.592,1.20905,1.2095,1.00,5.60
2008.12.17 13:43:43.042,1.209,1.2095,1.00,5.60
2008.12.17 13:43:43.392,1.20895,1.20945,1.00,5.60
2008.12.17 13:43:43.902,1.20905,1.20955,1.00,8.40
2008.12.17 13:43:45.922,1.20895,1.2094,1.00,5.60
2008.12.17 13:43:46.572,1.2089,1.2094,1.00,5.60
2008.12.17 13:43:47.142,1.20895,1.20935,1.00,5.60
2008.12.17 13:43:49.421,1.20905,1.2095,1.00,8.40
2008.12.17 13:43:54.160,1.2091,1.2095,3.40,5.60
2008.12.17 13:43:54.780,1.2091,1.2095,3.40,6.00
2008.12.17 13:43:55.440,1.2091,1.2094,3.40,1.20
2008.12.17 13:43:58.748,1.2091,1.20955,3.40,8.80
2008.12.17 13:43:58.799,1.2092,1.20965,1.00,9.40
2008.12.17 13:44:05.967,1.2092,1.20965,1.00,5.60
2008.12.17 13:44:10.886,1.2092,1.2096,1.00,5.60
2008.12.17 13:44:27.682,1.20915,1.2095,1.00,1.00
2008.12.17 13:44:54.885,1.2092,1.2095,3.40,1.20
2008.12.17 13:44:55.775,1.2092,1.2095,3.60,1.20
2008.12.17 13:44:56.425,1.20925,1.2095,1.00,1.20
2008.12.17 13:44:56.895,1.20925,1.2098,1.00,11.20
2008.12.17 13:44:58.634,1.2092,1.20955,2.80,1.00
2008.12.17 13:45:06.272,1.20915,1.2094,4.20,1.00
2008.12.17 13:45:06.792,1.20925,1.20955,2.80,1.60
2008.12.17 13:45:09.722,1.20925,1.2095,2.40,1.00
2008.12.17 13:45:10.021,1.20915,1.2095,2.40,1.00
2008.12.17 13:45:10.541,1.2092,1.2095,2.80,1.00
2008.12.17 13:45:15.290,1.2091,1.2095,2.80,6.00
2008.12.17 13:45:18.829,1.2091,1.20945,2.80,5.60
2008.12.17 13:45:22.808,1.20905,1.20935,2.80,1.00
2008.12.17 13:45:23.618,1.209,1.2093,5.00,1.00
2008.12.17 13:45:24.308,1.2091,1.2095,2.80,7.60
2008.12.17 13:45:24.648,1.2091,1.20935,2.80,1.00
2008.12.17 13:45:25.288,1.2091,1.20945,2.80,9.80
2008.12.17 13:45:25.848,1.209,1.2094,1.60,7.60
2008.12.17 13:45:27.817,1.209,1.20935,1.60,5.60
2008.12.17 13:45:29.677,1.209,1.2093,1.60,1.00
2008.12.17 13:45:30.297,1.209,1.2094,1.60,6.00
2008.12.17 13:45:31.266,1.209,1.2094,1.60,5.60
2008.12.17 13:45:36.325,1.209,1.2094,5.00,5.60
2008.12.17 13:45:37.305,1.209,1.2095,5.00,8.80
2008.12.17 13:45:53.801,1.209,1.20945,5.00,8.60
2008.12.17 13:45:54.211,1.209,1.2094,5.00,5.60
2008.12.17 13:45:54.610,1.209,1.2094,4.40,5.60
2008.12.17 13:45:55.081,1.209,1.2094,4.40,6.00
2008.12.17 13:46:07.111,1.209,1.20935,4.40,8.00
2008.12.17 13:46:07.388,1.209,1.2093,4.40,1.00
2008.12.17 13:46:07.828,1.20915,1.2096,2.40,7.00
2008.12.17 13:46:08.177,1.2091,1.20955,2.40,6.00
2008.12.17 13:46:08.577,1.2091,1.20955,2.40,7.00
2008.12.17 13:46:09.887,1.20915,1.2094,2.40,5.60
2008.12.17 13:46:10.297,1.20895,1.2094,5.00,5.60
2008.12.17 13:46:12.526,1.209,1.2094,4.40,6.00
2008.12.17 13:46:13.206,1.209,1.2093,4.40,1.00
2008.12.17 13:46:21.604,1.209,1.20945,4.40,12.20
2008.12.17 13:46:22.054,1.209,1.20935,1.60,5.60
2008.12.17 13:46:22.294,1.209,1.20945,1.60,8.40
2008.12.17 13:46:22.654,1.209,1.2094,4.40,5.60
2008.12.17 13:46:25.913,1.209,1.2094,1.60,5.60
2008.12.17 13:46:26.493,1.209,1.20935,1.60,5.60
2008.12.17 13:46:31.412,1.209,1.2093,1.60,1.00
2008.12.17 13:46:32.781,1.209,1.20925,2.40,1.20
2008.12.17 13:46:34.161,1.20905,1.20925,2.40,1.20
2008.12.17 13:46:34.401,1.20905,1.20935,2.40,1.20
2008.12.17 13:46:34.921,1.2091,1.2093,2.80,1.20
2008.12.17 13:46:38.680,1.2091,1.2093,2.80,1.20
2008.12.17 13:46:43.489,1.2091,1.2093,2.80,1.20
2008.12.17 13:46:44.359,1.2091,1.20945,2.80,5.60
2008.12.17 13:46:44.829,1.2091,1.20945,2.80,5.60
2008.12.17 13:46:59.925,1.209,1.2094,1.60,5.60
2008.12.17 13:47:02.404,1.209,1.20935,1.60,5.60
2008.12.17 13:47:03.224,1.209,1.20945,1.60,8.40
2008.12.17 13:47:03.574,1.209,1.2093,1.60,1.60
2008.12.17 13:47:04.134,1.209,1.2093,1.60,1.80
2008.12.17 13:47:06.673,1.209,1.2093,4.40,1.80
2008.12.17 13:47:09.232,1.209,1.20945,5.00,13.80
2008.12.17 13:47:10.133,1.209,1.2094,5.00,5.60
2008.12.17 13:47:11.222,1.209,1.2094,2.20,8.60
2008.12.17 13:47:11.452,1.209,1.20935,1.60,5.60
2008.12.17 13:47:13.832,1.209,1.20945,1.60,8.40
2008.12.17 13:47:15.082,1.209,1.2094,5.00,5.60
2008.12.17 13:47:15.481,1.209,1.2094,4.40,5.60
2008.12.17 13:47:21.869,1.209,1.20935,4.40,5.60
2008.12.17 13:47:22.169,1.209,1.20935,1.60,5.60
2008.12.17 13:47:24.479,1.209,1.20945,4.40,8.40
2008.12.17 13:47:24.829,1.2091,1.20945,2.80,5.60
2008.12.17 13:47:26.689,1.209,1.2093,4.40,5.60
2008.12.17 13:47:27.598,1.209,1.20945,1.60,8.40
2008.12.17 13:47:30.828,1.209,1.2094,4.40,5.60
2008.12.17 13:47:31.837,1.209,1.2094,1.60,5.60
2008.12.17 13:47:34.027,1.209,1.20935,1.60,5.60
2008.12.17 13:47:35.576,1.209,1.2093,1.60,5.60
2008.12.17 13:47:38.166,1.209,1.2092,4.40,1.00
2008.12.17 13:47:38.536,1.209,1.2092,1.60,1.00
2008.12.17 13:47:38.885,1.209,1.20935,1.60,12.20
2008.12.17 13:47:39.995,1.209,1.20925,1.60,5.60
2008.12.17 13:47:42.285,1.20875,1.20915,2.80,8.00
2008.12.17 13:47:42.645,1.20875,1.20915,2.80,2.40
2008.12.17 13:47:43.045,1.2088,1.20925,2.80,14.20
2008.12.17 13:47:43.505,1.2088,1.20915,2.80,9.00
2008.12.17 13:47:44.084,1.2088,1.2091,2.80,5.60
2008.12.17 13:47:44.714,1.2089,1.2091,2.80,1.20
2008.12.17 13:47:45.064,1.2089,1.2095,3.40,9.80
2008.12.17 13:47:45.684,1.20895,1.20945,1.00,5.60
2008.12.17 13:47:46.144,1.2089,1.2093,3.60,5.60
2008.12.17 13:47:46.604,1.2089,1.2093,3.40,5.60
2008.12.17 13:47:46.833,1.2089,1.2094,1.00,8.40
2008.12.17 13:47:48.584,1.20885,1.2093,1.00,5.60
2008.12.17 13:47:48.823,1.20885,1.20925,1.00,5.60
2008.12.17 13:47:49.063,1.2088,1.2091,3.00,8.00
2008.12.17 13:47:49.813,1.2088,1.2091,2.80,8.00
2008.12.17 13:47:50.243,1.20855,1.20905,1.00,8.00
2008.12.17 13:47:51.232,1.20855,1.209,1.00,1.00
2008.12.17 13:47:52.142,1.20865,1.209,1.60,1.00
2008.12.17 13:47:52.442,1.2088,1.20915,2.40,1.20
2008.12.17 13:47:52.982,1.2088,1.2091,2.40,1.20
2008.12.17 13:47:53.772,1.20885,1.2091,2.40,1.20
2008.12.17 13:47:54.642,1.20885,1.2091,2.40,1.20
2008.12.17 13:47:54.982,1.2089,1.2091,1.40,2.40
2008.12.17 13:47:55.452,1.2088,1.20905,2.80,2.40
2008.12.17 13:47:55.921,1.20855,1.209,6.40,5.60
2008.12.17 13:47:57.351,1.2086,1.209,6.40,6.00
2008.12.17 13:47:58.141,1.2086,1.20895,6.40,5.60
2008.12.17 13:47:59.341,1.2086,1.2089,6.40,5.60
2008.12.17 13:47:59.970,1.2087,1.20905,2.80,13.80
2008.12.17 13:48:00.890,1.2086,1.2089,8.80,1.00
2008.12.17 13:48:02.740,1.2086,1.2089,6.40,6.00
2008.12.17 13:48:09.098,1.2084,1.2088,5.20,6.00
2008.12.17 13:48:09.448,1.2083,1.20865,1.00,2.40
2008.12.17 13:48:09.838,1.20825,1.20865,1.00,2.40
2008.12.17 13:48:10.628,1.20825,1.20845,6.00,2.40
2008.12.17 13:48:11.028,1.2083,1.2086,1.00,6.60
2008.12.17 13:48:11.678,1.20825,1.20855,6.00,2.40
2008.12.17 13:48:12.997,1.2083,1.20845,1.00,2.40
2008.12.17 13:48:13.357,1.2083,1.20875,1.00,7.60
2008.12.17 13:48:15.878,1.2084,1.20865,2.80,3.40
2008.12.17 13:48:16.227,1.2084,1.20875,2.80,3.60
2008.12.17 13:48:17.046,1.20845,1.2087,5.20,1.20
2008.12.17 13:48:17.516,1.2085,1.2088,2.80,7.60
2008.12.17 13:48:18.346,1.2085,1.2087,2.80,1.20
2008.12.17 13:48:19.306,1.2085,1.2088,2.80,7.60
2008.12.17 13:48:20.556,1.20845,1.2087,5.20,1.20
2008.12.17 13:48:20.965,1.20845,1.2087,2.80,1.20
2008.12.17 13:48:28.844,1.20845,1.20865,2.80,2.40
2008.12.17 13:48:29.923,1.20845,1.2086,2.80,2.40
2008.12.17 13:48:31.433,1.20845,1.2087,2.80,6.00
2008.12.17 13:48:32.123,1.20845,1.2086,2.80,2.40
2008.12.17 13:48:32.943,1.2084,1.2086,3.40,2.40
2008.12.17 13:48:33.483,1.2084,1.2087,3.40,6.00
2008.12.17 13:48:33.822,1.20845,1.20865,2.80,2.40
2008.12.17 13:48:44.940,1.20835,1.20865,1.00,3.40
2008.12.17 13:48:48.819,1.2083,1.20855,1.00,2.40
2008.12.17 13:48:49.488,1.2084,1.20865,2.40,1.20
2008.12.17 13:48:49.998,1.2084,1.20875,1.40,6.00
2008.12.17 13:48:50.408,1.2084,1.20885,1.00,7.40
2008.12.17 13:48:50.748,1.2085,1.2088,2.40,1.80
2008.12.17 13:48:51.268,1.2084,1.2088,1.00,1.80
2008.12.17 13:48:52.318,1.2084,1.2088,1.00,1.60
2008.12.17 13:48:53.957,1.20845,1.2088,3.40,1.60
2008.12.17 13:48:54.547,1.20845,1.2089,3.40,11.80
2008.12.17 13:48:56.547,1.20845,1.20885,3.40,6.20
2008.12.17 13:48:59.096,1.20845,1.20885,3.40,5.60
2008.12.17 13:49:13.033,1.20845,1.20885,2.80,5.60
2008.12.17 13:49:22.361,1.20845,1.20885,3.40,5.60
2008.12.17 13:49:25.790,1.20845,1.20895,3.40,15.20
2008.12.17 13:49:27.789,1.20845,1.2089,3.40,9.40
2008.12.17 13:49:28.239,1.20845,1.2088,3.40,2.60
2008.12.17 13:49:30.408,1.20845,1.2089,3.40,11.00
2008.12.17 13:49:30.938,1.20845,1.20875,2.80,1.00
2008.12.17 13:49:41.126,1.20845,1.2087,2.80,2.60
2008.12.17 13:49:41.516,1.20825,1.2087,1.00,2.60
2008.12.17 13:49:41.906,1.20825,1.2087,1.00,8.40
2008.12.17 13:49:43.035,1.20825,1.2086,1.00,2.60
2008.12.17 13:49:52.433,1.20825,1.2086,3.40,2.60
2008.12.17 13:49:52.793,1.20825,1.2085,3.40,1.20
2008.12.17 13:49:53.143,1.20825,1.2085,2.80,2.60
2008.12.17 13:49:54.673,1.20825,1.2085,3.40,2.40
2008.12.17 13:49:55.183,1.20825,1.2085,3.40,1.20
2008.12.17 13:49:58.002,1.2083,1.2085,1.00,1.20
2008.12.17 13:49:59.471,1.2083,1.2088,1.00,13.40
2008.12.17 13:50:00.041,1.20835,1.20875,1.00,3.40
2008.12.17 13:50:00.541,1.20835,1.20875,1.00,6.20
2008.12.17 13:50:01.911,1.20835,1.20875,1.00,5.60
2008.12.17 13:50:03.781,1.20825,1.2086,2.80,2.40
2008.12.17 13:50:04.121,1.20825,1.20875,1.00,5.00
2008.12.17 13:50:04.531,1.20835,1.2087,1.00,1.00
2008.12.17 13:50:05.000,1.20835,1.20885,1.00,13.80
2008.12.17 13:50:05.410,1.20835,1.2088,3.40,5.60
2008.12.17 13:50:06.210,1.20835,1.20875,3.40,6.60
2008.12.17 13:50:06.680,1.20835,1.20885,3.40,17.80
2008.12.17 13:50:08.519,1.20835,1.20875,3.40,5.60
2008.12.17 13:50:10.749,1.20835,1.20885,3.40,17.80
2008.12.17 13:50:13.958,1.20845,1.2087,2.80,1.20
2008.12.17 13:50:15.868,1.2086,1.20895,2.80,1.60
2008.12.17 13:50:16.268,1.20865,1.20915,2.80,12.80
2008.12.17 13:50:16.957,1.2087,1.20915,2.80,5.60
2008.12.17 13:50:17.967,1.2087,1.2091,3.40,5.60
2008.12.17 13:50:18.567,1.20875,1.2092,1.00,8.40
2008.12.17 13:50:19.697,1.20885,1.2093,2.80,13.80
2008.12.17 13:50:20.466,1.20885,1.2093,2.80,5.60
2008.12.17 13:50:21.566,1.209,1.2094,2.80,8.40
2008.12.17 13:50:22.456,1.2088,1.20925,1.00,5.60
2008.12.17 13:50:22.796,1.20885,1.2092,2.40,5.60
2008.12.17 13:50:23.206,1.20885,1.20935,2.40,13.20
2008.12.17 13:50:23.956,1.2089,1.20935,3.00,5.60
2008.12.17 13:50:24.805,1.209,1.20935,2.80,5.60
2008.12.17 13:50:25.695,1.20875,1.20925,9.20,5.60
2008.12.17 13:50:26.135,1.20895,1.2094,2.80,12.80
2008.12.17 13:50:27.855,1.209,1.2093,2.80,8.40
2008.12.17 13:50:29.115,1.2089,1.20925,1.00,1.60
2008.12.17 13:50:29.524,1.2089,1.2091,1.00,1.60
2008.12.17 13:50:29.865,1.20845,1.209,1.00,5.60
2008.12.17 13:50:30.274,1.20845,1.209,1.00,8.60
2008.12.17 13:50:30.624,1.20835,1.2089,1.00,5.60
2008.12.17 13:50:31.214,1.2084,1.20885,1.00,5.60
2008.12.17 13:50:31.504,1.20835,1.2088,1.00,8.40
2008.12.17 13:50:32.074,1.2084,1.2088,1.00,5.60
2008.12.17 13:50:32.873,1.20845,1.2089,1.00,8.40
2008.12.17 13:50:34.723,1.2085,1.2089,1.00,8.60
2008.12.17 13:50:35.063,1.2085,1.2089,1.00,5.60
2008.12.17 13:50:35.123,1.2085,1.209,1.00,9.20
2008.12.17 13:50:35.343,1.2083,1.20885,1.00,8.00
2008.12.17 13:50:36.973,1.20845,1.20895,1.00,9.00
2008.12.17 13:50:37.262,1.20845,1.2089,3.40,6.20
2008.12.17 13:50:37.683,1.2085,1.2089,1.00,6.20
2008.12.17 13:50:38.272,1.20845,1.2089,3.40,6.20
2008.12.17 13:50:39.492,1.20845,1.20885,1.00,5.60
2008.12.17 13:50:39.772,1.20845,1.20885,3.40,5.60
2008.12.17 13:50:40.172,1.20845,1.20895,3.40,9.00
2008.12.17 13:50:40.502,1.20845,1.2089,3.40,5.60
2008.12.17 13:50:40.851,1.20845,1.20885,3.40,5.60
2008.12.17 13:50:44.301,1.20845,1.2088,3.40,2.40
2008.12.17 13:50:44.711,1.20835,1.20865,3.40,1.00
2008.12.17 13:50:45.071,1.20835,1.20855,3.40,2.40
2008.12.17 13:50:45.700,1.20845,1.2087,2.80,1.20
2008.12.17 13:50:46.430,1.20845,1.2087,3.40,2.60
2008.12.17 13:50:46.660,1.20845,1.2088,3.40,5.20
2008.12.17 13:50:47.080,1.20845,1.2087,2.80,1.20
2008.12.17 13:50:47.470,1.20845,1.2087,2.80,2.60
2008.12.17 13:50:48.490,1.20845,1.20885,2.80,14.80
2008.12.17 13:50:48.850,1.20845,1.20875,3.40,1.20
2008.12.17 13:50:49.190,1.20845,1.2089,3.40,9.20
2008.12.17 13:50:50.549,1.20845,1.20875,3.40,1.00
2008.12.17 13:50:51.479,1.20845,1.2089,3.40,11.60
2008.12.17 13:50:51.779,1.20845,1.2089,3.40,11.00
2008.12.17 13:50:52.649,1.20845,1.20885,3.40,1.60
2008.12.17 13:50:53.389,1.20845,1.20895,3.40,17.80
2008.12.17 13:50:59.597,1.2085,1.2089,1.00,9.40
2008.12.17 13:51:00.447,1.2085,1.2089,1.00,3.60
2008.12.17 13:51:02.666,1.20855,1.2089,1.00,3.60
2008.12.17 13:51:04.946,1.2085,1.2088,1.00,2.40
2008.12.17 13:51:05.216,1.2085,1.209,1.00,13.40
2008.12.17 13:51:09.475,1.2085,1.2089,1.00,3.60
2008.12.17 13:51:09.935,1.20855,1.2088,3.40,1.20
2008.12.17 13:51:10.794,1.2085,1.20895,1.00,13.40
2008.12.17 13:51:12.364,1.20845,1.2089,3.40,9.40
2008.12.17 13:51:12.754,1.20845,1.20885,3.40,5.60
2008.12.17 13:51:14.613,1.20845,1.20885,1.00,5.60
2008.12.17 13:51:15.573,1.20845,1.20885,3.40,5.60
2008.12.17 13:51:16.053,1.20845,1.20885,1.00,5.60
2008.12.17 13:51:16.503,1.20845,1.20895,3.40,14.60
2008.12.17 13:51:17.033,1.20845,1.20875,3.40,1.00
2008.12.17 13:51:18.003,1.20855,1.20885,2.80,5.20
2008.12.17 13:51:19.222,1.20865,1.20885,2.80,1.20
2008.12.17 13:51:21.632,1.20865,1.20895,2.80,6.00
2008.12.17 13:51:21.752,1.2087,1.2089,2.80,3.60
2008.12.17 13:51:22.102,1.2087,1.20885,2.80,1.20
2008.12.17 13:51:23.671,1.20835,1.20875,3.40,1.00
2008.12.17 13:51:24.072,1.20835,1.20875,2.80,1.00
2008.12.17 13:51:24.471,1.20835,1.20875,2.80,2.60
2008.12.17 13:51:26.071,1.20845,1.20875,2.80,1.60
2008.12.17 13:51:26.741,1.20845,1.20885,2.80,10.00
2008.12.17 13:51:35.339,1.20845,1.2088,2.80,8.40
2008.12.17 13:51:38.148,1.20845,1.20875,2.80,5.60
2008.12.17 13:51:39.967,1.20835,1.20885,1.00,16.20
2008.12.17 13:51:40.487,1.20835,1.2087,1.00,1.00
2008.12.17 13:51:40.867,1.20835,1.2087,1.00,2.60
2008.12.17 13:51:44.746,1.20835,1.2087,1.00,1.00
2008.12.17 13:51:45.346,1.20835,1.2088,1.00,9.20
2008.12.17 13:51:46.036,1.20835,1.2087,1.00,2.60
2008.12.17 13:51:47.665,1.2083,1.2087,1.00,10.00
2008.12.17 13:51:47.996,1.20825,1.2086,3.40,2.60
2008.12.17 13:51:48.235,1.20825,1.2085,2.80,1.00
2008.12.17 13:51:49.605,1.2082,1.2085,1.00,2.60
2008.12.17 13:51:56.943,1.2082,1.2085,1.00,1.00
2008.12.17 13:51:57.173,1.20825,1.20845,2.80,1.20
2008.12.17 13:52:01.963,1.20825,1.2086,3.40,5.20
2008.12.17 13:52:02.652,1.20825,1.2085,3.40,1.20
2008.12.17 13:52:03.002,1.20835,1.20895,1.00,16.20
2008.12.17 13:52:05.151,1.2084,1.2088,1.00,9.40
2008.12.17 13:52:06.341,1.20845,1.2087,2.80,1.20
2008.12.17 13:52:06.801,1.2087,1.2091,2.80,1.60
2008.12.17 13:52:08.591,1.2088,1.20935,2.80,11.20
2008.12.17 13:52:09.011,1.2088,1.2093,2.80,5.60
2008.12.17 13:52:09.420,1.2088,1.2093,3.40,5.60
2008.12.17 13:52:09.760,1.20885,1.2093,1.00,5.60
2008.12.17 13:52:13.109,1.20885,1.2093,2.20,5.60
2008.12.17 13:52:13.649,1.2089,1.2092,3.40,1.00
2008.12.17 13:52:14.689,1.2089,1.20935,3.40,13.60
2008.12.17 13:52:15.039,1.20885,1.20925,1.00,5.60
2008.12.17 13:52:16.249,1.20895,1.20925,2.80,5.60
2008.12.17 13:52:16.749,1.20895,1.20935,2.80,16.20
2008.12.17 13:52:17.548,1.2089,1.2093,2.40,8.40
2008.12.17 13:52:17.958,1.20885,1.2093,1.00,8.40
2008.12.17 13:52:18.498,1.20895,1.20925,2.40,1.20
2008.12.17 13:52:18.888,1.20895,1.20925,2.40,5.60
2008.12.17 13:52:19.128,1.20885,1.20925,1.00,5.60
2008.12.17 13:52:19.628,1.2088,1.2092,2.80,5.60
2008.12.17 13:52:19.858,1.2088,1.2092,2.80,8.00
2008.12.17 13:52:20.358,1.2088,1.20905,2.80,5.60
2008.12.17 13:52:20.748,1.2084,1.209,1.00,5.60
2008.12.17 13:52:21.327,1.2084,1.20895,1.00,5.60
2008.12.17 13:52:25.266,1.2084,1.20885,1.00,5.60
2008.12.17 13:52:29.715,1.2084,1.20885,1.00,5.60
2008.12.17 13:52:30.045,1.20845,1.20895,1.00,17.80
2008.12.17 13:52:35.744,1.2084,1.20885,1.00,5.60
2008.12.17 13:53:06.806,1.2084,1.20875,1.00,1.60
2008.12.17 13:53:07.316,1.20815,1.20855,1.00,2.40
2008.12.17 13:53:08.746,1.2082,1.2085,1.00,2.60
2008.12.17 13:53:14.255,1.2083,1.20895,1.00,17.80
2008.12.17 13:53:16.054,1.20835,1.2087,1.00,1.60
2008.12.17 13:53:16.474,1.2081,1.2085,3.40,2.40
2008.12.17 13:53:18.614,1.20815,1.2084,3.40,1.00
2008.12.17 13:53:19.223,1.2082,1.2085,1.00,1.60
2008.12.17 13:53:19.403,1.2083,1.20845,1.00,1.20
2008.12.17 13:53:19.843,1.2083,1.2089,1.00,14.60
2008.12.17 13:53:20.023,1.20835,1.20885,1.00,5.60
2008.12.17 13:53:20.263,1.20825,1.20875,1.00,5.60
2008.12.17 13:53:20.483,1.20825,1.20875,3.40,5.60
2008.12.17 13:53:21.513,1.20815,1.20855,3.40,3.40
2008.12.17 13:53:23.733,1.20815,1.2084,3.40,1.00
2008.12.17 13:53:24.262,1.2082,1.2085,1.00,1.60
2008.12.17 13:53:24.552,1.2082,1.2085,1.00,1.20
2008.12.17 13:53:24.782,1.20825,1.20875,1.00,9.80
2008.12.17 13:53:25.142,1.208,1.2084,2.40,2.40
2008.12.17 13:53:25.432,1.2079,1.20835,3.40,1.60
2008.12.17 13:53:25.722,1.2079,1.20825,2.80,5.60
2008.12.17 13:53:26.302,1.20785,1.20815,5.20,5.60
2008.12.17 13:53:26.812,1.20785,1.20825,5.20,10.80
2008.12.17 13:53:27.272,1.20785,1.2082,5.20,6.00
2008.12.17 13:53:32.920,1.20795,1.20815,2.80,1.20
2008.12.17 13:53:37.599,1.2079,1.20815,2.40,1.20
2008.12.17 13:53:37.999,1.20785,1.20825,5.20,12.20
2008.12.17 13:53:38.919,1.20795,1.20805,2.80,5.60
2008.12.17 13:53:40.578,1.2079,1.208,2.80,5.60
2008.12.17 13:53:41.088,1.20755,1.20795,2.80,5.60
2008.12.17 13:53:41.558,1.20775,1.2082,2.40,4.40
2008.12.17 13:53:41.909,1.2075,1.208,4.40,5.60
2008.12.17 13:53:42.258,1.2075,1.2081,1.60,11.00
2008.12.17 13:53:42.668,1.2075,1.20805,1.60,5.60
2008.12.17 13:53:43.448,1.2076,1.20795,1.60,5.60
2008.12.17 13:53:44.247,1.2076,1.20805,4.40,8.60
2008.12.17 13:53:44.877,1.2076,1.208,4.40,5.60
2008.12.17 13:53:45.177,1.2076,1.208,2.20,5.60
2008.12.17 13:53:45.487,1.2076,1.2081,2.20,8.40
2008.12.17 13:53:45.757,1.20765,1.2081,5.80,9.00
2008.12.17 13:53:46.077,1.20765,1.2081,5.80,5.60
2008.12.17 13:53:47.297,1.2073,1.20775,2.40,2.40
2008.12.17 13:53:47.786,1.2071,1.2077,3.40,2.40
2008.12.17 13:53:48.626,1.2073,1.2076,2.40,1.20
2008.12.17 13:53:49.246,1.20745,1.208,2.80,1.60
2008.12.17 13:53:52.635,1.2074,1.2077,1.20,2.40
2008.12.17 13:53:53.256,1.2073,1.20765,2.80,2.40
2008.12.17 13:53:53.645,1.20725,1.2078,1.00,12.00
2008.12.17 13:53:53.995,1.20735,1.20765,2.80,8.00
2008.12.17 13:53:54.615,1.20745,1.2078,2.80,9.80
2008.12.17 13:53:55.375,1.20725,1.20775,3.40,5.60
2008.12.17 13:53:55.775,1.2073,1.20775,1.00,5.60
2008.12.17 13:53:56.125,1.2073,1.20785,1.00,8.40
2008.12.17 13:53:58.754,1.20735,1.20775,1.00,5.60
2008.12.17 13:53:59.903,1.20735,1.20785,1.00,8.40
2008.12.17 13:54:01.383,1.2074,1.2078,3.40,5.60
2008.12.17 13:54:02.223,1.2074,1.2079,3.40,9.40
2008.12.17 13:54:03.443,1.2074,1.2078,3.40,1.00
2008.12.17 13:54:03.943,1.2074,1.20775,2.80,5.60
2008.12.17 13:54:04.393,1.2073,1.20775,3.40,5.60
2008.12.17 13:54:04.513,1.20735,1.20775,1.00,5.60
2008.12.17 13:54:05.342,1.2074,1.20775,2.80,5.60
2008.12.17 13:54:08.312,1.2074,1.2077,2.80,1.00
2008.12.17 13:54:08.722,1.2075,1.2077,2.80,6.00
2008.12.17 13:54:09.372,1.20725,1.2077,3.40,6.00
2008.12.17 13:54:09.851,1.20735,1.2077,2.80,6.00
2008.12.17 13:54:10.191,1.20735,1.2077,2.80,1.20
2008.12.17 13:54:12.251,1.2073,1.2077,1.00,6.00
2008.12.17 13:54:14.290,1.20725,1.20765,1.00,5.60
2008.12.17 13:54:15.810,1.20725,1.20775,1.00,11.20
2008.12.17 13:54:16.899,1.20725,1.20765,1.00,5.60
2008.12.17 13:54:17.699,1.2072,1.20765,3.40,5.60
2008.12.17 13:54:18.219,1.2075,1.2078,1.00,1.20
2008.12.17 13:54:18.499,1.20735,1.2079,10.40,8.40
2008.12.17 13:54:18.789,1.20745,1.2079,1.60,5.60
2008.12.17 13:54:19.709,1.2076,1.20785,1.60,5.60
2008.12.17 13:54:20.149,1.20775,1.2081,2.80,1.20
2008.12.17 13:54:20.489,1.2078,1.20805,2.80,1.20
2008.12.17 13:54:20.728,1.2075,1.2079,1.60,5.60
2008.12.17 13:54:24.028,1.2074,1.2078,2.40,6.00
2008.12.17 13:54:24.368,1.20745,1.2078,2.80,6.00
2008.12.17 13:54:25.628,1.2075,1.2078,2.80,1.00
2008.12.17 13:54:26.147,1.2075,1.2077,2.80,1.00
2008.12.17 13:54:29.836,1.20715,1.2077,1.00,6.00
2008.12.17 13:54:30.396,1.2074,1.20765,2.80,1.20
2008.12.17 13:54:32.446,1.2074,1.20775,5.20,9.80
2008.12.17 13:54:33.066,1.2073,1.20765,1.00,5.60
2008.12.17 13:54:33.306,1.2073,1.20775,2.80,11.20
2008.12.17 13:54:34.335,1.2073,1.2076,2.80,1.00
2008.12.17 13:54:34.805,1.2073,1.2075,2.80,1.00
2008.12.17 13:54:36.095,1.20745,1.20765,2.80,14.20
2008.12.17 13:54:36.445,1.20725,1.2076,2.80,8.40
2008.12.17 13:54:36.845,1.20725,1.2075,2.80,1.00
2008.12.17 13:54:42.123,1.2072,1.20745,2.80,1.20
2008.12.17 13:54:49.722,1.2073,1.20745,2.80,1.20
2008.12.17 13:54:50.091,1.2071,1.20745,1.00,1.20
2008.12.17 13:54:50.501,1.20705,1.20755,1.00,12.20
2008.12.17 13:54:50.842,1.207,1.2074,1.00,2.60
2008.12.17 13:54:51.181,1.2071,1.2074,2.80,1.60
2008.12.17 13:54:51.561,1.2071,1.2074,3.40,1.60
2008.12.17 13:54:54.800,1.2071,1.2075,3.60,2.80
2008.12.17 13:54:55.030,1.2071,1.20735,3.60,1.20
2008.12.17 13:54:55.260,1.2071,1.20735,3.40,1.60
2008.12.17 13:54:56.170,1.2071,1.20735,3.40,1.20
2008.12.17 13:54:56.550,1.2071,1.20745,3.40,2.80
2008.12.17 13:54:57.020,1.20715,1.20765,1.00,6.80
2008.12.17 13:54:57.630,1.20715,1.20765,1.00,7.00
2008.12.17 13:54:58.020,1.2072,1.2076,2.80,7.00
2008.12.17 13:54:58.470,1.2072,1.2076,3.40,7.00
2008.12.17 13:54:58.899,1.2073,1.2075,2.80,1.20
2008.12.17 13:54:59.979,1.2073,1.2075,3.40,1.20
2008.12.17 13:55:00.859,1.2073,1.2078,3.40,7.20
2008.12.17 13:55:01.239,1.2073,1.20765,2.80,2.40
2008.12.17 13:55:02.899,1.2073,1.2075,2.80,1.00
2008.12.17 13:55:07.747,1.20705,1.2075,3.40,1.20
2008.12.17 13:55:08.337,1.20705,1.2075,3.40,3.20
2008.12.17 13:55:09.237,1.2069,1.2074,1.00,5.60
2008.12.17 13:55:09.757,1.20695,1.2074,3.40,5.60
2008.12.17 13:55:10.166,1.20695,1.2075,3.40,8.80
2008.12.17 13:55:10.697,1.20705,1.20745,1.00,5.60
2008.12.17 13:55:13.946,1.20705,1.2073,1.00,1.60
2008.12.17 13:55:14.346,1.20685,1.2072,4.40,2.40
2008.12.17 13:55:15.235,1.20675,1.2071,2.80,2.40
2008.12.17 13:55:15.875,1.2067,1.20695,2.80,5.60
2008.12.17 13:55:16.285,1.2063,1.20695,1.00,5.60
2008.12.17 13:55:16.675,1.2063,1.2069,1.00,5.60
2008.12.17 13:55:25.383,1.20665,1.2068,2.40,5.60
2008.12.17 13:55:25.843,1.20665,1.2071,2.40,1.20
2008.12.17 13:55:27.303,1.2067,1.20685,1.00,1.00
2008.12.17 13:55:27.592,1.20635,1.2068,5.20,5.60
2008.12.17 13:55:28.132,1.2062,1.2068,1.00,5.60
2008.12.17 13:55:33.681,1.2063,1.2067,1.00,1.00
2008.12.17 13:55:34.671,1.20635,1.2067,5.20,1.00
2008.12.17 13:55:34.831,1.20635,1.2067,5.20,1.20
2008.12.17 13:55:35.871,1.20635,1.2067,5.80,1.20
2008.12.17 13:55:37.200,1.2064,1.20685,1.00,12.20
2008.12.17 13:55:37.870,1.2064,1.20685,1.00,5.60
2008.12.17 13:55:38.510,1.20635,1.2067,2.80,2.40
2008.12.17 13:55:39.140,1.20635,1.20665,2.80,2.40
2008.12.17 13:55:39.609,1.20625,1.2066,3.40,2.40
2008.12.17 13:55:39.899,1.20625,1.2065,3.40,1.00
2008.12.17 13:55:43.359,1.2063,1.2066,3.40,1.60
2008.12.17 13:55:43.829,1.2063,1.2065,3.40,1.20
2008.12.17 13:55:45.388,1.20625,1.2065,3.40,1.20
2008.12.17 13:55:47.108,1.2063,1.2065,2.80,1.20
2008.12.17 13:55:49.537,1.20625,1.2065,3.40,1.20
2008.12.17 13:55:55.796,1.20625,1.2065,3.40,1.00
2008.12.17 13:55:56.196,1.2063,1.20665,1.00,5.80
2008.12.17 13:55:56.545,1.20635,1.2069,5.80,11.20
2008.12.17 13:55:56.906,1.20645,1.2069,1.00,8.00
2008.12.17 13:55:57.595,1.20645,1.20685,1.00,5.60
2008.12.17 13:55:58.535,1.2065,1.20695,1.00,8.40
2008.12.17 13:55:59.525,1.20645,1.2069,1.00,5.60
2008.12.17 13:56:00.335,1.20645,1.2068,5.80,1.00
2008.12.17 13:56:02.284,1.20655,1.2068,2.80,1.00
2008.12.17 13:56:05.483,1.2065,1.2068,2.40,1.00
2008.12.17 13:56:05.783,1.20645,1.2068,5.20,1.00
2008.12.17 13:56:11.722,1.20635,1.20665,2.80,1.20
2008.12.17 13:56:12.122,1.2061,1.20655,1.00,1.00
2008.12.17 13:56:12.762,1.20615,1.2065,1.00,1.00
2008.12.17 13:56:13.341,1.20615,1.2065,5.80,1.00
2008.12.17 13:56:14.571,1.2062,1.2065,1.00,1.00
2008.12.17 13:56:15.311,1.2063,1.2065,2.80,1.00
2008.12.17 13:56:15.491,1.2062,1.2065,1.00,1.00
2008.12.17 13:56:18.780,1.2062,1.2065,3.00,1.00
2008.12.17 13:56:19.130,1.20625,1.2065,2.80,1.00
2008.12.17 13:56:19.880,1.2062,1.2065,1.00,1.00
2008.12.17 13:56:27.358,1.20625,1.2065,2.80,1.00
2008.12.17 13:56:33.037,1.2062,1.2065,1.40,1.00
2008.12.17 13:56:33.436,1.2062,1.2065,1.00,1.00
2008.12.17 13:56:34.237,1.20615,1.2065,1.00,1.00
2008.12.17 13:56:35.546,1.20605,1.20645,1.00,5.60
2008.12.17 13:56:36.006,1.20605,1.20655,5.80,12.00
2008.12.17 13:56:37.116,1.20605,1.20645,1.00,5.60
2008.12.17 13:56:37.635,1.20605,1.2064,1.00,1.00
2008.12.17 13:56:38.425,1.20595,1.2064,1.00,6.00
2008.12.17 13:56:38.705,1.20595,1.2063,1.00,1.00
2008.12.17 13:56:39.045,1.20585,1.2063,1.00,9.20
2008.12.17 13:56:39.345,1.20585,1.20625,1.00,6.20
2008.12.17 13:56:39.805,1.20585,1.20625,1.00,5.60
2008.12.17 13:56:40.105,1.2058,1.20615,1.00,1.00
2008.12.17 13:56:40.455,1.2058,1.2063,1.00,13.80
2008.12.17 13:56:40.865,1.2058,1.2062,1.00,5.60
2008.12.17 13:56:41.445,1.20575,1.2062,1.00,5.60
2008.12.17 13:56:41.724,1.2058,1.2062,1.00,5.60
2008.12.17 13:56:42.704,1.2058,1.2063,1.00,9.20
2008.12.17 13:56:43.064,1.2058,1.20625,1.00,6.20
2008.12.17 13:56:43.414,1.2058,1.20625,1.00,5.60
2008.12.17 13:56:43.884,1.2058,1.20615,1.00,1.60
2008.12.17 13:56:44.124,1.2056,1.20605,1.00,2.40
2008.12.17 13:56:44.404,1.20565,1.20605,1.00,2.40
2008.12.17 13:56:45.864,1.2057,1.206,1.00,1.00
2008.12.17 13:56:50.273,1.20575,1.206,1.00,1.00
2008.12.17 13:56:50.502,1.2058,1.20625,1.00,7.20
2008.12.17 13:56:50.682,1.2058,1.20625,1.00,2.40
2008.12.17 13:56:51.012,1.2058,1.20625,1.00,2.20
2008.12.17 13:56:51.472,1.20585,1.20635,1.00,6.80
2008.12.17 13:56:52.922,1.20585,1.20625,1.00,1.00
2008.12.17 13:56:53.482,1.2059,1.20635,1.00,6.20
2008.12.17 13:56:53.892,1.20595,1.20645,1.00,13.60
2008.12.17 13:56:54.571,1.20595,1.2063,1.00,2.40
2008.12.17 13:56:54.931,1.20595,1.2062,1.00,1.00
2008.12.17 13:56:55.631,1.20595,1.2062,3.40,1.00
2008.12.17 13:56:56.331,1.206,1.2065,1.00,12.80
2008.12.17 13:56:56.771,1.206,1.20645,1.00,1.00
2008.12.17 13:56:57.231,1.20605,1.20645,1.00,1.00
2008.12.17 13:56:58.721,1.20615,1.2064,2.80,1.00
2008.12.17 13:56:59.300,1.2061,1.2064,1.00,1.00
2008.12.17 13:56:59.680,1.20605,1.2065,1.00,7.40
2008.12.17 13:57:00.050,1.20605,1.2065,3.00,6.00
2008.12.17 13:57:00.160,1.20605,1.2065,1.00,6.00
2008.12.17 13:57:00.220,1.20605,1.2065,3.00,6.00
2008.12.17 13:57:00.520,1.20605,1.2065,5.80,6.00
2008.12.17 13:57:00.740,1.20605,1.20645,1.00,5.60
2008.12.17 13:57:04.679,1.20605,1.20645,1.00,5.60
2008.12.17 13:57:05.019,1.20615,1.20655,5.20,10.00
2008.12.17 13:57:05.699,1.20615,1.2065,5.20,1.20
2008.12.17 13:57:06.219,1.20615,1.2065,5.80,1.20
2008.12.17 13:57:06.339,1.20615,1.2066,5.80,10.80
2008.12.17 13:57:06.688,1.2062,1.2066,1.00,1.00
2008.12.17 13:57:12.557,1.2063,1.2067,1.60,15.20
2008.12.17 13:57:12.957,1.2063,1.2067,3.00,10.00
2008.12.17 13:57:13.247,1.2063,1.20665,1.00,2.40
2008.12.17 13:57:13.717,1.20625,1.2066,3.00,1.00
2008.12.17 13:57:13.998,1.2063,1.2066,1.00,1.00
2008.12.17 13:57:14.507,1.20625,1.2066,5.80,1.00
2008.12.17 13:57:15.637,1.2063,1.20675,1.00,8.40
2008.12.17 13:57:16.036,1.2063,1.20675,1.00,5.60
2008.12.17 13:57:16.556,1.20635,1.20675,1.00,5.60
2008.12.17 13:57:17.496,1.20645,1.20685,5.20,12.20
2008.12.17 13:57:18.566,1.20645,1.2068,5.20,1.20
2008.12.17 13:57:19.265,1.20645,1.20695,5.80,11.20
2008.12.17 13:57:19.605,1.2065,1.2069,1.00,6.00
2008.12.17 13:57:34.372,1.2065,1.2069,1.00,11.80
2008.12.17 13:57:34.662,1.2065,1.2069,1.00,7.00
2008.12.17 13:57:35.271,1.2065,1.20685,1.00,1.20
2008.12.17 13:57:38.431,1.20655,1.207,1.00,9.80
2008.12.17 13:57:45.119,1.20665,1.2071,1.00,8.40
2008.12.17 13:57:45.809,1.20675,1.2072,1.00,6.40
2008.12.17 13:57:46.399,1.20675,1.2072,1.00,5.60
2008.12.17 13:57:47.659,1.2068,1.2072,1.00,5.60
2008.12.17 13:57:48.159,1.2067,1.2071,1.00,5.60
2008.12.17 13:57:48.499,1.20665,1.2071,1.00,8.60
2008.12.17 13:57:49.628,1.2066,1.20705,1.00,8.60
2008.12.17 13:57:50.148,1.2066,1.207,1.00,1.00
2008.12.17 13:57:50.708,1.20655,1.207,1.00,6.00
2008.12.17 13:57:51.608,1.2066,1.207,2.40,6.00
2008.12.17 13:57:51.887,1.2066,1.207,3.00,6.00
2008.12.17 13:57:57.546,1.2066,1.207,3.00,1.00
2008.12.17 13:57:59.686,1.2066,1.207,1.00,7.00
2008.12.17 13:58:00.066,1.2065,1.20695,1.00,5.60
2008.12.17 13:58:00.366,1.2066,1.20695,1.00,5.60
2008.12.17 13:58:01.956,1.2066,1.2068,1.00,1.60
2008.12.17 13:58:02.536,1.2062,1.20675,2.40,8.60
2008.12.17 13:58:02.945,1.2065,1.20695,1.00,9.40
2008.12.17 13:58:03.645,1.2065,1.20695,1.00,8.60
2008.12.17 13:58:04.215,1.2066,1.2069,1.00,5.60
2008.12.17 13:58:08.094,1.2066,1.20685,1.00,5.60
2008.12.17 13:58:08.454,1.2064,1.2068,4.20,1.00
2008.12.17 13:58:10.843,1.20655,1.2068,1.00,1.00
2008.12.17 13:58:11.183,1.20655,1.20695,1.00,11.40
2008.12.17 13:58:12.053,1.2066,1.2069,1.00,5.60
2008.12.17 13:58:13.302,1.20655,1.207,3.80,9.80
2008.12.17 13:58:15.792,1.20655,1.20695,3.80,9.20
2008.12.17 13:58:16.192,1.20655,1.20685,2.40,1.00
2008.12.17 13:58:17.061,1.20645,1.20685,5.80,1.00
2008.12.17 13:58:34.617,1.20655,1.20685,2.80,6.00
2008.12.17 13:58:34.837,1.20655,1.2068,2.80,1.20
2008.12.17 13:58:36.417,1.2067,1.2068,2.80,1.20
2008.12.17 13:58:36.717,1.2067,1.2072,5.80,1.60
2008.12.17 13:58:37.307,1.2067,1.2073,5.80,9.80
2008.12.17 13:58:37.657,1.20675,1.2073,1.00,7.00
2008.12.17 13:58:38.836,1.2068,1.2072,1.00,7.00
2008.12.17 13:58:43.705,1.2067,1.20705,3.40,1.00
2008.12.17 13:58:51.353,1.2067,1.207,2.80,1.00
2008.12.17 13:58:52.263,1.2066,1.207,3.00,7.00
2008.12.17 13:58:52.903,1.2066,1.207,1.00,7.00
2008.12.17 13:58:53.413,1.20655,1.207,3.40,7.00
2008.12.17 13:58:54.042,1.20655,1.20685,2.80,2.60
2008.12.17 13:58:54.453,1.2065,1.2068,3.40,1.00
2008.12.17 13:58:55.192,1.2065,1.2067,1.00,1.00
2008.12.17 13:58:55.782,1.2063,1.20685,1.00,11.00
2008.12.17 13:58:56.122,1.20635,1.2068,1.00,5.60
2008.12.17 13:58:57.282,1.2064,1.2069,1.00,8.40
2008.12.17 13:59:00.501,1.2064,1.20685,2.20,5.60
2008.12.17 13:59:00.801,1.2065,1.20685,2.40,5.60
2008.12.17 13:59:01.261,1.2065,1.20695,2.40,8.40
2008.12.17 13:59:01.781,1.2065,1.2069,3.00,5.60
2008.12.17 13:59:15.697,1.2065,1.2069,4.60,5.60
2008.12.17 13:59:16.287,1.20665,1.2069,2.80,5.60
2008.12.17 13:59:16.677,1.20665,1.2069,2.80,1.20
2008.12.17 13:59:19.966,1.2067,1.2072,5.20,8.60
2008.12.17 13:59:20.076,1.2067,1.20715,5.20,5.60
2008.12.17 13:59:22.696,1.2067,1.2071,5.80,5.60
2008.12.17 13:59:34.913,1.2067,1.2072,5.80,9.80
2008.12.17 13:59:35.532,1.2069,1.20715,2.80,5.60
2008.12.17 13:59:35.893,1.2069,1.20715,2.80,1.20
2008.12.17 13:59:40.631,1.207,1.20755,5.20,8.40
2008.12.17 13:59:41.791,1.20715,1.2075,2.40,7.00
2008.12.17 13:59:42.081,1.20715,1.2074,5.20,1.20
2008.12.17 13:59:56.608,1.2072,1.20755,5.20,9.80
2008.12.17 13:59:58.407,1.20685,1.2074,1.00,5.60
2008.12.17 13:59:59.057,1.2068,1.20735,1.00,5.60
