2013.07.24 16:00:00.454,1.02983,1.0299,1.13,1.50
2013.07.24 16:00:00.523,1.02983,1.02992,1.13,1.50
2013.07.24 16:00:01.081,1.02984,1.02993,1.13,1.50
2013.07.24 16:00:01.663,1.02983,1.02994,1.50,1.50
2013.07.24 16:00:01.743,1.02985,1.02995,1.13,1.50
2013.07.24 16:00:02.200,1.02985,1.02997,1.13,1.50
2013.07.24 16:00:02.262,1.02985,1.02995,1.13,1.50
2013.07.24 16:00:02.471,1.02985,1.02997,1.13,1.50
2013.07.24 16:00:03.611,1.02986,1.02995,1.13,1.88
2013.07.24 16:00:04.150,1.02985,1.02993,1.13,1.50
2013.07.24 16:00:05.210,1.02984,1.02993,1.13,1.50
2013.07.24 16:00:05.631,1.02982,1.02993,1.88,1.88
2013.07.24 16:00:06.281,1.02982,1.02991,1.50,1.50
2013.07.24 16:00:10.120,1.02983,1.02993,1.13,2.63
2013.07.24 16:00:10.903,1.02982,1.02992,1.88,2.25
2013.07.24 16:00:11.441,1.02982,1.02992,1.50,2.25
2013.07.24 16:00:11.761,1.02978,1.0299,1.69,2.85
2013.07.24 16:00:11.881,1.02977,1.02988,2.07,1.13
2013.07.24 16:00:12.121,1.02974,1.02987,2.44,2.25
2013.07.24 16:00:12.362,1.02973,1.02987,5.44,2.25
2013.07.24 16:00:12.882,1.02974,1.02987,2.44,2.25
2013.07.24 16:00:13.121,1.02975,1.02987,1.50,2.25
2013.07.24 16:00:13.881,1.02976,1.02988,1.50,3.75
2013.07.24 16:00:14.191,1.02974,1.02987,2.44,2.25
2013.07.24 16:00:14.740,1.02974,1.02987,1.69,2.25
2013.07.24 16:00:14.801,1.02974,1.02986,1.69,1.13
2013.07.24 16:00:15.162,1.02973,1.02984,2.44,1.13
2013.07.24 16:00:15.401,1.02973,1.02982,2.82,1.13
2013.07.24 16:00:15.700,1.02973,1.02984,2.44,1.50
2013.07.24 16:00:16.242,1.02973,1.02984,2.44,1.13
2013.07.24 16:00:16.581,1.02973,1.02982,1.50,1.50
2013.07.24 16:00:17.411,1.02972,1.02984,2.44,1.88
2013.07.24 16:00:17.710,1.02969,1.02981,1.69,3.38
2013.07.24 16:00:18.255,1.02968,1.0298,1.69,1.88
2013.07.24 16:00:18.801,1.02969,1.02981,1.69,4.50
2013.07.24 16:00:19.344,1.02969,1.02981,1.69,3.75
2013.07.24 16:00:19.861,1.02969,1.02981,1.69,3.38
2013.07.24 16:00:20.661,1.0297,1.02981,2.10,2.63
2013.07.24 16:00:21.213,1.02971,1.02981,2.25,2.63
2013.07.24 16:00:21.866,1.0297,1.02981,2.10,2.63
2013.07.24 16:00:22.526,1.0297,1.02981,2.10,1.50
2013.07.24 16:00:24.054,1.0297,1.02981,1.50,1.50
2013.07.24 16:00:24.792,1.0297,1.02981,2.25,1.50
2013.07.24 16:00:25.393,1.02971,1.02981,1.50,1.50
2013.07.24 16:00:31.351,1.02972,1.02982,2.25,1.13
2013.07.24 16:00:36.674,1.02972,1.02982,1.50,1.50
2013.07.24 16:00:42.174,1.02972,1.02983,2.63,1.88
2013.07.24 16:00:42.722,1.02973,1.02984,3.00,1.50
2013.07.24 16:00:43.540,1.02973,1.02986,3.00,1.50
2013.07.24 16:00:45.533,1.02974,1.02986,1.50,1.88
2013.07.24 16:00:46.070,1.02974,1.02985,1.50,2.25
2013.07.24 16:00:46.611,1.02974,1.02985,1.50,1.50
2013.07.24 16:00:48.031,1.02974,1.02987,1.50,5.07
2013.07.24 16:00:48.574,1.02974,1.02986,1.50,1.50
2013.07.24 16:00:48.631,1.02973,1.02983,2.25,1.13
2013.07.24 16:00:48.814,1.02974,1.02983,1.50,1.13
2013.07.24 16:00:49.181,1.02976,1.02987,2.25,2.25
2013.07.24 16:00:51.410,1.02975,1.02987,1.50,2.25
2013.07.24 16:00:52.031,1.02975,1.02987,2.25,1.50
2013.07.24 16:00:52.511,1.02976,1.02988,1.50,2.82
2013.07.24 16:00:53.080,1.02976,1.02988,1.50,3.19
2013.07.24 16:00:53.501,1.02976,1.02988,1.50,3.19
2013.07.24 16:00:54.041,1.02977,1.02988,1.50,2.25
2013.07.24 16:00:54.662,1.02977,1.02988,2.25,1.88
2013.07.24 16:00:56.384,1.02977,1.02988,1.50,2.63
2013.07.24 16:00:57.050,1.02977,1.02988,1.50,2.63
2013.07.24 16:00:57.110,1.0298,1.02988,2.10,1.50
2013.07.24 16:00:57.230,1.0298,1.02991,2.10,3.38
2013.07.24 16:00:57.291,1.02979,1.02991,1.13,2.63
2013.07.24 16:00:57.411,1.0298,1.02991,1.50,1.88
2013.07.24 16:00:57.651,1.02978,1.0299,3.00,1.13
2013.07.24 16:00:59.710,1.02978,1.0299,2.25,1.13
2013.07.24 16:01:00.701,1.02978,1.02991,3.00,3.19
2013.07.24 16:01:01.455,1.02979,1.02991,2.25,2.63
2013.07.24 16:01:02.481,1.02979,1.02991,2.25,2.25
2013.07.24 16:01:03.631,1.02979,1.02991,2.25,1.13
2013.07.24 16:01:03.991,1.02982,1.02992,2.25,2.25
2013.07.24 16:01:04.663,1.02983,1.02995,2.25,3.19
2013.07.24 16:01:04.723,1.02984,1.02995,1.50,2.44
2013.07.24 16:01:04.843,1.02985,1.02995,1.80,2.25
2013.07.24 16:01:05.320,1.02986,1.02999,1.50,2.82
2013.07.24 16:01:07.111,1.02986,1.02997,1.50,2.48
2013.07.24 16:01:07.472,1.02985,1.02994,1.50,1.50
2013.07.24 16:01:07.650,1.02985,1.02997,1.50,2.40
2013.07.24 16:01:07.771,1.02985,1.02998,1.50,3.94
2013.07.24 16:01:08.311,1.02987,1.02999,1.50,2.82
2013.07.24 16:01:09.364,1.02987,1.02999,1.88,2.82
2013.07.24 16:01:09.624,1.02988,1.03001,2.63,1.69
2013.07.24 16:01:10.180,1.02989,1.03002,1.50,4.69
2013.07.24 16:01:13.460,1.02989,1.03001,1.50,1.50
2013.07.24 16:01:13.760,1.02988,1.03,3.38,2.25
2013.07.24 16:01:15.552,1.02989,1.02999,1.50,1.35
2013.07.24 16:01:16.324,1.0299,1.03,1.50,1.50
2013.07.24 16:01:16.812,1.0299,1.03001,1.34,4.13
2013.07.24 16:01:19.211,1.0299,1.03,2.09,1.13
2013.07.24 16:01:23.501,1.0299,1.03001,2.09,2.48
2013.07.24 16:01:24.057,1.02988,1.03,3.38,1.13
2013.07.24 16:01:24.360,1.02988,1.03,2.63,1.50
2013.07.24 16:01:24.661,1.02992,1.03003,1.88,1.69
2013.07.24 16:01:25.200,1.02992,1.03005,2.82,1.50
2013.07.24 16:01:25.320,1.02993,1.03007,3.00,2.82
2013.07.24 16:01:28.580,1.02994,1.03006,2.09,1.50
2013.07.24 16:01:29.082,1.02994,1.03006,2.84,1.50
2013.07.24 16:01:29.971,1.02994,1.03005,1.34,1.88
2013.07.24 16:01:30.220,1.02992,1.03003,1.13,1.50
2013.07.24 16:01:30.742,1.02991,1.03002,1.88,2.25
2013.07.24 16:01:34.220,1.02989,1.03002,2.44,4.35
2013.07.24 16:01:35.710,1.02989,1.03001,1.50,1.50
2013.07.24 16:01:36.236,1.02991,1.03001,1.13,1.13
2013.07.24 16:01:36.363,1.02994,1.03002,1.35,2.25
2013.07.24 16:01:36.423,1.02996,1.03004,1.13,2.82
2013.07.24 16:01:36.912,1.02998,1.03009,1.13,2.44
2013.07.24 16:01:38.921,1.02998,1.03009,1.88,1.50
2013.07.24 16:01:45.513,1.02998,1.03008,1.88,1.50
2013.07.24 16:01:46.021,1.02998,1.0301,3.38,2.07
2013.07.24 16:01:46.141,1.02999,1.0301,1.50,1.32
2013.07.24 16:01:47.371,1.02999,1.03011,1.50,1.69
2013.07.24 16:01:50.020,1.02998,1.0301,2.63,1.50
2013.07.24 16:01:52.780,1.02998,1.0301,2.63,1.50
2013.07.24 16:01:54.760,1.02998,1.0301,2.63,1.50
2013.07.24 16:01:57.811,1.02999,1.0301,1.69,1.50
2013.07.24 16:02:04.940,1.02998,1.0301,3.57,1.50
2013.07.24 16:02:11.270,1.02999,1.03009,1.69,1.50
2013.07.24 16:02:15.102,1.02998,1.03009,2.44,1.50
2013.07.24 16:02:33.050,1.02998,1.03009,1.88,1.50
2013.07.24 16:02:33.351,1.02998,1.03008,1.13,1.88
2013.07.24 16:02:35.361,1.02998,1.03007,1.13,1.50
2013.07.24 16:02:47.571,1.02996,1.03009,3.19,4.50
2013.07.24 16:02:48.111,1.02997,1.03007,1.50,2.25
2013.07.24 16:02:49.278,1.02997,1.03007,1.50,1.50
2013.07.24 16:02:50.101,1.02996,1.03007,1.50,1.50
2013.07.24 16:02:52.062,1.02995,1.03006,1.50,1.50
2013.07.24 16:02:53.820,1.02995,1.03006,1.02,1.50
2013.07.24 16:02:54.291,1.02993,1.03003,1.69,1.50
2013.07.24 16:02:54.351,1.02992,1.03003,1.69,1.50
2013.07.24 16:02:54.833,1.02992,1.03005,1.69,2.25
2013.07.24 16:02:55.522,1.02993,1.03005,2.25,1.13
2013.07.24 16:02:56.032,1.02993,1.03005,3.19,1.13
2013.07.24 16:02:57.151,1.02993,1.03005,1.69,1.88
2013.07.24 16:03:01.752,1.02993,1.03005,1.50,1.50
2013.07.24 16:03:02.290,1.02991,1.03004,1.69,3.38
2013.07.24 16:03:02.873,1.02991,1.03002,1.69,1.50
2013.07.24 16:03:03.232,1.0299,1.02999,1.50,1.88
2013.07.24 16:03:03.352,1.02988,1.02999,1.50,1.88
2013.07.24 16:03:03.411,1.02986,1.02998,1.50,1.13
2013.07.24 16:03:03.590,1.02986,1.02998,1.50,1.13
2013.07.24 16:03:04.482,1.02986,1.02998,1.50,3.38
2013.07.24 16:03:08.011,1.02986,1.02998,1.50,3.38
2013.07.24 16:03:08.585,1.02986,1.02998,1.50,3.38
2013.07.24 16:03:19.102,1.02987,1.02999,1.13,1.88
2013.07.24 16:03:24.272,1.02987,1.02999,1.13,1.13
2013.07.24 16:03:43.201,1.02986,1.02999,2.82,3.00
2013.07.24 16:03:48.154,1.02986,1.02999,2.07,3.75
2013.07.24 16:03:55.991,1.02985,1.02997,3.19,1.13
2013.07.24 16:03:56.628,1.02985,1.02997,2.44,1.88
2013.07.24 16:04:00.115,1.02985,1.02997,2.25,1.88
2013.07.24 16:04:02.593,1.02985,1.02997,2.25,1.13
2013.07.24 16:04:02.952,1.02983,1.02991,1.50,1.13
2013.07.24 16:04:03.071,1.0298,1.02993,1.50,3.00
2013.07.24 16:04:03.312,1.02978,1.02991,3.19,3.00
2013.07.24 16:04:04.601,1.02977,1.0299,2.44,2.25
2013.07.24 16:04:05.561,1.02978,1.02991,2.44,3.00
2013.07.24 16:04:06.225,1.02977,1.02989,1.69,1.50
2013.07.24 16:04:06.472,1.02977,1.02987,1.50,1.13
2013.07.24 16:04:06.773,1.02974,1.02986,6.94,1.13
2013.07.24 16:04:08.140,1.02976,1.02988,1.50,2.63
2013.07.24 16:04:10.611,1.02974,1.02987,6.94,1.88
2013.07.24 16:04:10.970,1.02974,1.02985,1.69,1.50
2013.07.24 16:04:11.476,1.02974,1.02984,1.69,1.13
2013.07.24 16:04:14.751,1.02975,1.02987,1.69,1.88
2013.07.24 16:04:16.193,1.02975,1.02985,1.69,1.13
2013.07.24 16:04:17.581,1.02974,1.02985,2.44,1.13
2013.07.24 16:04:17.701,1.02973,1.02985,2.44,1.13
2013.07.24 16:04:18.318,1.02973,1.02986,1.69,2.63
2013.07.24 16:04:22.141,1.02973,1.02985,2.44,2.63
2013.07.24 16:04:22.321,1.02972,1.02983,1.32,2.63
2013.07.24 16:04:26.252,1.02972,1.02983,1.32,1.13
2013.07.24 16:04:26.878,1.02971,1.02982,1.13,1.88
2013.07.24 16:04:29.861,1.02971,1.02982,1.88,1.50
2013.07.24 16:04:33.405,1.02972,1.02982,1.13,1.13
2013.07.24 16:04:50.841,1.02969,1.02981,1.88,1.50
2013.07.24 16:04:51.081,1.02967,1.0298,2.44,2.25
2013.07.24 16:04:55.541,1.02967,1.02979,1.69,3.23
2013.07.24 16:04:55.841,1.02965,1.02977,1.32,2.63
2013.07.24 16:04:56.182,1.02965,1.02977,1.32,6.00
2013.07.24 16:04:56.542,1.02966,1.02977,1.88,1.32
2013.07.24 16:04:57.069,1.02965,1.02976,1.50,1.13
2013.07.24 16:04:57.581,1.02965,1.02976,1.50,1.13
2013.07.24 16:05:03.922,1.02964,1.02976,3.00,1.13
2013.07.24 16:05:04.423,1.02964,1.02976,3.00,1.13
2013.07.24 16:05:06.592,1.02964,1.02976,3.00,1.13
2013.07.24 16:05:07.919,1.02964,1.02976,2.25,1.13
2013.07.24 16:05:10.392,1.02964,1.02975,1.50,1.50
2013.07.24 16:05:10.751,1.02965,1.02977,1.50,1.88
2013.07.24 16:05:10.871,1.02964,1.02976,1.50,1.13
2013.07.24 16:05:10.931,1.02964,1.02976,1.50,1.13
2013.07.24 16:05:11.461,1.02964,1.02976,1.50,1.13
2013.07.24 16:05:19.341,1.02964,1.02976,2.07,1.88
2013.07.24 16:05:19.901,1.02964,1.02976,2.07,1.88
2013.07.24 16:05:21.711,1.02963,1.02976,3.94,2.81
2013.07.24 16:05:21.831,1.02962,1.02973,1.69,3.44
2013.07.24 16:05:22.131,1.02958,1.0297,2.44,1.50
2013.07.24 16:05:22.191,1.02959,1.02971,1.13,2.25
2013.07.24 16:05:22.431,1.02962,1.02975,2.63,2.63
2013.07.24 16:05:22.972,1.02962,1.02974,3.57,1.88
2013.07.24 16:05:27.301,1.02962,1.02973,3.19,1.13
2013.07.24 16:05:27.929,1.02963,1.02973,1.69,1.13
2013.07.24 16:05:28.561,1.02964,1.02974,1.50,1.13
2013.07.24 16:05:32.512,1.02964,1.02975,1.69,1.13
2013.07.24 16:05:39.101,1.02964,1.02974,1.50,1.13
2013.07.24 16:05:40.881,1.02962,1.02974,4.32,1.13
2013.07.24 16:05:41.382,1.02961,1.02972,5.07,1.13
2013.07.24 16:05:41.503,1.02961,1.02972,4.13,1.13
2013.07.24 16:05:41.681,1.0296,1.02971,1.50,2.85
2013.07.24 16:05:41.982,1.02963,1.02972,1.50,1.50
2013.07.24 16:05:42.520,1.02963,1.02973,1.50,1.13
2013.07.24 16:05:43.398,1.02964,1.02973,1.50,1.13
2013.07.24 16:05:44.070,1.02963,1.02973,3.00,1.13
2013.07.24 16:05:46.341,1.02965,1.02977,2.25,2.25
2013.07.24 16:05:46.581,1.02966,1.02978,1.50,3.19
2013.07.24 16:05:46.821,1.02964,1.02978,2.17,4.32
2013.07.24 16:05:47.061,1.02966,1.02978,1.50,3.57
2013.07.24 16:05:47.581,1.02967,1.02978,1.88,1.88
2013.07.24 16:05:48.852,1.02966,1.02978,3.00,3.38
2013.07.24 16:05:51.331,1.02966,1.02978,2.25,3.38
2013.07.24 16:05:56.231,1.02966,1.02978,3.19,3.38
2013.07.24 16:05:57.421,1.02966,1.02978,2.44,3.38
2013.07.24 16:06:03.232,1.02966,1.02978,3.19,1.88
2013.07.24 16:06:08.071,1.02966,1.02978,3.48,1.88
2013.07.24 16:06:15.362,1.02967,1.02978,3.85,1.13
2013.07.24 16:06:16.311,1.02967,1.02979,3.85,1.50
2013.07.24 16:06:16.851,1.02968,1.0298,2.44,1.50
2013.07.24 16:06:20.752,1.0297,1.02982,1.50,1.88
2013.07.24 16:06:21.111,1.02973,1.02985,2.25,1.88
2013.07.24 16:06:21.231,1.02973,1.02987,6.56,2.25
2013.07.24 16:06:21.722,1.02977,1.02988,1.50,1.88
2013.07.24 16:06:22.252,1.02977,1.02989,2.25,1.88
2013.07.24 16:06:25.041,1.02977,1.02989,2.44,1.50
2013.07.24 16:06:27.318,1.02977,1.02989,3.19,1.50
2013.07.24 16:06:28.791,1.02977,1.02988,2.44,1.50
2013.07.24 16:06:29.814,1.02977,1.02989,3.19,1.50
2013.07.24 16:06:31.251,1.02977,1.02989,2.25,1.50
2013.07.24 16:06:31.621,1.02981,1.02989,1.13,1.50
2013.07.24 16:06:31.921,1.02982,1.02995,2.25,1.88
2013.07.24 16:06:32.102,1.02985,1.02993,1.50,1.50
2013.07.24 16:06:32.222,1.02985,1.02996,1.50,1.50
2013.07.24 16:06:32.482,1.02985,1.02998,3.38,1.50
2013.07.24 16:06:32.602,1.02986,1.03,1.88,1.69
2013.07.24 16:06:33.154,1.02987,1.03,2.25,1.69
2013.07.24 16:06:39.841,1.02988,1.03001,1.69,1.50
2013.07.24 16:06:40.635,1.02989,1.03002,3.19,2.25
2013.07.24 16:06:43.092,1.02989,1.02995,3.19,1.50
2013.07.24 16:06:43.152,1.02988,1.02992,2.25,1.13
2013.07.24 16:06:43.393,1.02985,1.02991,2.44,1.50
2013.07.24 16:06:43.522,1.02982,1.02991,1.88,1.50
2013.07.24 16:06:43.701,1.02979,1.02991,1.50,3.00
2013.07.24 16:06:43.823,1.02977,1.0299,3.57,1.50
2013.07.24 16:06:44.662,1.02979,1.02992,1.50,1.50
2013.07.24 16:06:46.361,1.02979,1.02991,1.50,1.13
2013.07.24 16:06:47.131,1.02979,1.02989,1.50,1.13
2013.07.24 16:06:48.594,1.02979,1.02987,1.50,1.35
2013.07.24 16:06:48.713,1.02974,1.02983,2.07,1.13
2013.07.24 16:06:49.012,1.02975,1.02988,2.25,3.00
2013.07.24 16:06:49.193,1.02976,1.02988,1.50,2.25
2013.07.24 16:06:50.541,1.02976,1.02987,1.50,2.10
2013.07.24 16:06:50.844,1.02973,1.02985,2.66,1.13
2013.07.24 16:06:50.901,1.02973,1.02985,2.44,1.13
2013.07.24 16:06:52.212,1.02973,1.02983,2.44,1.50
2013.07.24 16:06:52.573,1.02969,1.02981,1.69,1.88
2013.07.24 16:06:52.693,1.02968,1.02981,3.19,1.88
2013.07.24 16:06:53.654,1.02968,1.02973,1.50,1.13
2013.07.24 16:06:53.722,1.02966,1.02973,1.69,1.50
2013.07.24 16:06:53.841,1.02963,1.02973,2.25,1.13
2013.07.24 16:06:53.961,1.02963,1.02977,3.75,3.00
2013.07.24 16:06:54.021,1.02964,1.02977,2.25,2.25
2013.07.24 16:06:56.172,1.02965,1.02972,1.50,1.13
2013.07.24 16:06:56.352,1.02963,1.02972,3.19,1.13
2013.07.24 16:07:02.401,1.02964,1.02976,1.50,1.88
2013.07.24 16:07:02.521,1.02964,1.02977,1.69,2.25
2013.07.24 16:07:02.821,1.02965,1.02978,2.25,3.00
2013.07.24 16:07:04.782,1.02966,1.02978,3.00,3.00
2013.07.24 16:07:08.788,1.02966,1.02976,1.50,1.50
2013.07.24 16:07:09.091,1.02964,1.02972,1.50,1.13
2013.07.24 16:07:09.151,1.02964,1.02976,1.50,2.25
2013.07.24 16:07:09.211,1.02964,1.02976,1.50,2.63
2013.07.24 16:07:09.391,1.02966,1.02978,1.50,2.44
2013.07.24 16:07:11.041,1.02968,1.02979,1.50,4.32
2013.07.24 16:07:11.341,1.02964,1.02973,2.25,1.13
2013.07.24 16:07:11.401,1.02965,1.02976,1.50,1.88
2013.07.24 16:07:11.462,1.02965,1.02976,1.50,1.50
2013.07.24 16:07:11.581,1.02965,1.02978,1.88,2.07
2013.07.24 16:07:12.091,1.02968,1.02979,2.25,4.32
2013.07.24 16:07:12.618,1.02967,1.02979,1.50,4.13
2013.07.24 16:07:13.181,1.02967,1.02978,1.50,1.13
2013.07.24 16:07:13.623,1.02968,1.02979,3.00,1.13
2013.07.24 16:07:14.065,1.02972,1.02982,1.50,3.00
2013.07.24 16:07:14.196,1.02972,1.02982,1.50,1.13
2013.07.24 16:07:14.385,1.02972,1.02981,1.50,1.88
2013.07.24 16:07:14.633,1.02966,1.02978,3.94,2.25
2013.07.24 16:07:15.141,1.02968,1.02978,1.50,1.13
2013.07.24 16:07:22.323,1.02968,1.02978,1.50,3.00
2013.07.24 16:07:22.621,1.02966,1.02978,1.50,4.13
2013.07.24 16:07:23.532,1.02965,1.02977,2.25,1.50
2013.07.24 16:07:24.232,1.02965,1.02976,1.50,1.50
2013.07.24 16:07:26.043,1.02968,1.02976,1.05,1.50
2013.07.24 16:07:26.344,1.02968,1.02981,3.00,3.00
2013.07.24 16:07:26.893,1.02971,1.02981,2.25,1.88
2013.07.24 16:07:27.573,1.02971,1.02981,2.25,1.50
2013.07.24 16:07:27.933,1.02973,1.02982,1.50,1.13
2013.07.24 16:07:30.195,1.02971,1.02983,5.25,2.25
2013.07.24 16:07:30.261,1.02971,1.02983,3.00,2.25
2013.07.24 16:07:30.441,1.02972,1.02983,3.75,1.50
2013.07.24 16:07:30.741,1.02972,1.02981,1.50,1.13
2013.07.24 16:07:32.412,1.02972,1.02981,1.50,1.13
2013.07.24 16:07:32.592,1.0297,1.02981,1.50,1.50
2013.07.24 16:07:32.892,1.02967,1.02978,2.25,1.50
2013.07.24 16:07:35.161,1.02968,1.0298,1.50,2.63
2013.07.24 16:07:35.702,1.02968,1.02979,3.00,1.13
2013.07.24 16:07:41.561,1.02969,1.02979,1.50,1.13
2013.07.24 16:07:49.131,1.02969,1.02982,2.25,4.13
2013.07.24 16:07:49.311,1.02971,1.02982,4.35,2.63
2013.07.24 16:07:49.853,1.02972,1.02982,1.50,1.13
2013.07.24 16:07:54.133,1.02973,1.02982,1.50,1.13
2013.07.24 16:07:54.711,1.02974,1.02982,2.25,1.13
2013.07.24 16:07:57.643,1.02975,1.02982,1.50,1.13
2013.07.24 16:08:00.359,1.02975,1.02982,1.50,1.13
2013.07.24 16:08:04.061,1.02972,1.02982,1.50,1.13
2013.07.24 16:08:13.690,1.02973,1.02982,1.50,1.13
2013.07.24 16:08:19.891,1.02973,1.02982,1.50,1.13
2013.07.24 16:08:21.004,1.02972,1.02982,1.69,1.88
2013.07.24 16:08:21.522,1.02972,1.02982,2.44,1.13
2013.07.24 16:08:25.333,1.02973,1.02983,3.94,1.50
2013.07.24 16:08:33.141,1.02974,1.02987,4.69,3.38
2013.07.24 16:08:33.381,1.02977,1.02988,1.13,1.50
2013.07.24 16:08:33.502,1.0298,1.02988,3.60,1.50
2013.07.24 16:08:33.621,1.02982,1.02992,3.75,1.13
2013.07.24 16:08:39.182,1.02984,1.02997,1.69,2.25
2013.07.24 16:08:39.361,1.02986,1.02998,1.13,1.50
2013.07.24 16:08:39.665,1.02988,1.03,1.50,1.50
2013.07.24 16:08:39.968,1.0299,1.03,1.50,1.50
2013.07.24 16:08:40.303,1.0299,1.03002,1.50,1.50
2013.07.24 16:08:40.662,1.0299,1.02997,1.50,1.50
2013.07.24 16:08:41.023,1.02985,1.02992,1.69,1.13
2013.07.24 16:08:41.660,1.02985,1.02997,1.69,3.75
2013.07.24 16:08:41.746,1.02992,1.03,1.13,1.65
2013.07.24 16:08:41.872,1.02993,1.03004,2.85,1.65
2013.07.24 16:08:41.994,1.02995,1.03004,1.50,1.50
2013.07.24 16:08:42.063,1.02996,1.03008,1.50,2.82
2013.07.24 16:08:42.123,1.02996,1.03008,1.50,2.82
2013.07.24 16:08:43.773,1.02996,1.03009,1.50,3.75
2013.07.24 16:08:45.131,1.02996,1.03009,1.50,3.75
2013.07.24 16:08:47.615,1.02996,1.03008,1.50,1.13
2013.07.24 16:08:47.744,1.02996,1.03005,1.50,3.38
2013.07.24 16:08:47.802,1.02994,1.03005,1.50,3.38
2013.07.24 16:08:47.922,1.02992,1.03005,3.19,2.63
2013.07.24 16:08:48.102,1.02995,1.03005,1.50,1.13
2013.07.24 16:08:57.744,1.02995,1.03007,1.50,1.13
2013.07.24 16:08:58.322,1.02995,1.03006,1.50,1.13
2013.07.24 16:09:02.591,1.02995,1.03007,1.50,1.13
2013.07.24 16:09:04.552,1.02995,1.03006,1.50,1.13
2013.07.24 16:09:05.461,1.02995,1.03006,1.50,1.13
2013.07.24 16:09:06.152,1.02994,1.03005,2.44,1.13
2013.07.24 16:09:06.392,1.02992,1.03005,3.57,2.25
2013.07.24 16:09:06.893,1.02991,1.03004,1.50,1.88
2013.07.24 16:09:07.212,1.02989,1.03003,1.69,2.25
2013.07.24 16:09:07.777,1.02989,1.03002,1.69,1.50
2013.07.24 16:09:11.081,1.0299,1.03002,1.13,1.50
2013.07.24 16:09:11.622,1.02992,1.03003,1.13,1.13
2013.07.24 16:09:15.822,1.02991,1.03001,1.32,1.50
2013.07.24 16:09:17.963,1.02989,1.03001,1.69,2.25
2013.07.24 16:09:20.634,1.02989,1.03002,1.50,2.25
2013.07.24 16:09:20.932,1.0299,1.03002,2.63,1.50
2013.07.24 16:09:21.472,1.0299,1.03001,1.88,2.25
2013.07.24 16:09:22.402,1.02988,1.03001,2.07,1.50
2013.07.24 16:09:22.642,1.02989,1.03,1.32,1.50
2013.07.24 16:09:22.821,1.02989,1.03,1.69,1.50
2013.07.24 16:09:23.399,1.02988,1.03001,2.07,3.00
2013.07.24 16:09:25.027,1.0299,1.03001,1.58,2.25
2013.07.24 16:09:25.092,1.02995,1.03001,2.48,1.50
2013.07.24 16:09:25.271,1.02996,1.03004,2.10,1.50
2013.07.24 16:09:25.832,1.02998,1.03007,1.50,2.25
2013.07.24 16:09:26.034,1.02995,1.03007,2.25,2.25
2013.07.24 16:09:27.272,1.02997,1.03005,1.50,1.50
2013.07.24 16:09:27.816,1.02995,1.03005,1.50,1.50
2013.07.24 16:09:29.164,1.02993,1.03005,3.57,1.50
2013.07.24 16:09:29.697,1.02993,1.03005,2.07,1.50
2013.07.24 16:09:31.642,1.02993,1.03005,3.19,1.50
2013.07.24 16:09:31.942,1.02995,1.03007,2.25,1.13
2013.07.24 16:09:33.235,1.02996,1.03008,1.50,1.88
2013.07.24 16:09:34.873,1.02992,1.03004,3.94,1.50
2013.07.24 16:09:35.174,1.0299,1.03002,1.69,2.25
2013.07.24 16:09:35.234,1.02989,1.03002,2.44,1.50
2013.07.24 16:09:37.432,1.02989,1.03002,3.57,1.50
2013.07.24 16:09:37.613,1.02991,1.03002,2.25,1.50
2013.07.24 16:09:38.160,1.02993,1.03004,1.50,1.13
2013.07.24 16:09:38.663,1.02991,1.03004,1.50,1.88
2013.07.24 16:09:38.842,1.02993,1.03004,2.25,1.88
2013.07.24 16:09:40.092,1.02994,1.03006,1.88,1.50
2013.07.24 16:09:42.274,1.02995,1.03007,2.63,1.50
2013.07.24 16:10:01.802,1.02995,1.03006,1.50,1.50
2013.07.24 16:10:02.342,1.02995,1.03008,2.25,3.00
2013.07.24 16:10:05.921,1.02995,1.03008,2.63,2.63
2013.07.24 16:10:16.262,1.02995,1.03006,2.07,1.50
2013.07.24 16:10:18.562,1.02995,1.03005,1.32,2.25
2013.07.24 16:10:19.121,1.02994,1.03006,1.69,1.50
2013.07.24 16:10:19.651,1.02993,1.03005,3.94,2.25
2013.07.24 16:10:19.831,1.02992,1.03004,3.57,1.50
2013.07.24 16:10:20.591,1.02992,1.03003,2.82,1.50
2013.07.24 16:10:21.122,1.02992,1.03004,2.82,3.00
2013.07.24 16:10:21.754,1.02991,1.03004,1.69,1.13
2013.07.24 16:10:22.005,1.02989,1.03002,2.07,1.50
2013.07.24 16:10:22.792,1.0299,1.03003,2.44,1.50
2013.07.24 16:10:23.172,1.0299,1.03003,1.50,2.25
2013.07.24 16:10:26.041,1.02988,1.03001,2.82,1.50
2013.07.24 16:10:31.473,1.02987,1.03,3.19,1.50
2013.07.24 16:10:38.802,1.02987,1.03,1.69,1.88
2013.07.24 16:10:39.613,1.02987,1.02999,1.69,1.13
2013.07.24 16:10:40.152,1.02986,1.02999,2.25,3.00
2013.07.24 16:10:40.702,1.02986,1.02999,2.25,2.25
2013.07.24 16:10:49.731,1.02986,1.02993,2.44,1.50
2013.07.24 16:10:49.803,1.02984,1.02993,1.50,1.50
2013.07.24 16:10:49.923,1.02985,1.02997,1.50,1.50
2013.07.24 16:10:50.042,1.02985,1.02997,1.50,1.50
2013.07.24 16:10:50.695,1.02986,1.02998,2.25,2.63
2013.07.24 16:10:51.713,1.02986,1.02998,1.50,2.63
2013.07.24 16:10:52.976,1.02987,1.02998,1.50,2.82
2013.07.24 16:10:54.421,1.02987,1.02998,1.50,1.13
2013.07.24 16:10:55.783,1.02985,1.02998,2.07,2.63
2013.07.24 16:10:56.161,1.02985,1.02997,2.07,1.50
2013.07.24 16:11:04.171,1.02984,1.02997,1.69,2.25
2013.07.24 16:11:04.681,1.02983,1.02996,3.04,2.25
2013.07.24 16:11:05.961,1.02983,1.02995,1.50,3.00
2013.07.24 16:11:06.563,1.02983,1.02994,1.50,2.25
2013.07.24 16:11:06.685,1.02983,1.02992,1.50,1.50
2013.07.24 16:11:07.192,1.02982,1.02992,1.50,1.50
2013.07.24 16:11:07.512,1.02984,1.02992,2.25,1.50
2013.07.24 16:11:07.633,1.02984,1.02996,3.38,1.13
2013.07.24 16:11:07.693,1.02989,1.02997,1.50,2.25
2013.07.24 16:11:07.932,1.02989,1.03002,1.50,2.25
2013.07.24 16:11:13.361,1.02989,1.03001,1.50,1.50
2013.07.24 16:11:13.431,1.02989,1.03,1.50,1.88
2013.07.24 16:11:20.712,1.02987,1.02999,2.63,1.13
2013.07.24 16:11:22.112,1.02987,1.02998,1.13,1.13
2013.07.24 16:11:22.752,1.02987,1.02999,2.63,2.63
2013.07.24 16:11:31.682,1.02987,1.02998,1.50,2.63
2013.07.24 16:11:31.862,1.02986,1.02997,4.50,1.13
2013.07.24 16:11:31.982,1.02986,1.02997,2.25,1.88
2013.07.24 16:11:32.564,1.02986,1.02997,1.50,1.88
2013.07.24 16:11:33.083,1.02985,1.02997,1.50,1.88
2013.07.24 16:11:35.933,1.02985,1.02997,2.25,2.63
2013.07.24 16:11:38.794,1.02985,1.02997,3.00,2.63
2013.07.24 16:11:44.022,1.02985,1.02996,1.50,1.13
2013.07.24 16:11:46.942,1.02983,1.02995,3.00,1.88
2013.07.24 16:11:47.314,1.02983,1.02992,1.50,1.88
2013.07.24 16:11:47.389,1.02979,1.02992,2.25,1.88
2013.07.24 16:11:47.912,1.02979,1.02992,1.13,1.88
2013.07.24 16:11:48.392,1.0298,1.02992,2.25,1.13
2013.07.24 16:11:49.605,1.02982,1.02995,2.85,1.69
2013.07.24 16:11:50.082,1.02983,1.02994,1.35,1.88
2013.07.24 16:11:50.652,1.02981,1.02994,1.50,1.13
2013.07.24 16:11:50.892,1.02983,1.02994,1.35,1.50
2013.07.24 16:11:51.431,1.02983,1.02996,2.25,1.88
2013.07.24 16:11:52.752,1.02983,1.02996,3.00,1.13
2013.07.24 16:11:52.931,1.02984,1.02997,2.85,1.69
2013.07.24 16:11:53.233,1.02987,1.02998,1.50,1.50
2013.07.24 16:11:53.773,1.02987,1.03,1.50,3.00
2013.07.24 16:11:55.622,1.02988,1.03,2.25,1.50
2013.07.24 16:12:00.442,1.02989,1.03001,1.50,2.25
2013.07.24 16:12:01.560,1.02988,1.03,1.98,1.50
2013.07.24 16:12:01.932,1.02988,1.02999,1.05,1.13
2013.07.24 16:12:14.624,1.02985,1.02997,1.50,3.90
2013.07.24 16:12:14.683,1.02984,1.02992,3.19,1.13
2013.07.24 16:12:14.745,1.02982,1.02992,1.50,1.13
2013.07.24 16:12:14.932,1.02979,1.02991,2.10,1.13
2013.07.24 16:12:18.333,1.02977,1.02991,3.19,2.63
2013.07.24 16:12:21.004,1.02979,1.02991,1.50,1.13
2013.07.24 16:12:24.683,1.02986,1.02992,2.48,2.25
2013.07.24 16:12:24.923,1.02982,1.02992,2.25,1.50
2013.07.24 16:12:25.042,1.0298,1.02992,1.50,1.88
2013.07.24 16:12:27.743,1.0298,1.02992,1.50,2.63
2013.07.24 16:12:32.843,1.0298,1.02992,1.50,1.88
2013.07.24 16:12:32.902,1.02979,1.02991,1.34,1.13
2013.07.24 16:12:33.892,1.0298,1.02992,1.50,1.88
2013.07.24 16:12:35.883,1.0298,1.02992,1.50,2.44
2013.07.24 16:12:36.523,1.0298,1.02992,1.50,3.04
2013.07.24 16:12:36.882,1.02978,1.02985,1.50,1.88
2013.07.24 16:12:36.942,1.02975,1.02985,1.32,1.88
2013.07.24 16:12:37.002,1.02975,1.02986,1.32,1.50
2013.07.24 16:12:37.062,1.02975,1.02988,2.07,2.63
2013.07.24 16:12:38.312,1.02975,1.02987,1.69,2.25
2013.07.24 16:12:38.374,1.02975,1.02985,1.69,1.13
2013.07.24 16:12:38.912,1.02973,1.02985,2.25,1.88
2013.07.24 16:12:38.980,1.02975,1.02986,1.13,1.50
2013.07.24 16:12:39.042,1.02975,1.02988,1.88,2.82
2013.07.24 16:12:40.293,1.02976,1.02987,1.13,1.50
2013.07.24 16:12:40.352,1.02975,1.02983,2.25,1.13
2013.07.24 16:12:40.884,1.02973,1.02983,2.25,1.50
2013.07.24 16:12:44.832,1.02973,1.02983,2.25,1.50
2013.07.24 16:12:45.372,1.02969,1.02977,1.88,5.11
2013.07.24 16:12:45.552,1.02963,1.02973,1.50,1.50
2013.07.24 16:12:45.612,1.02961,1.02973,3.00,3.00
2013.07.24 16:12:45.792,1.02961,1.02973,4.50,2.25
2013.07.24 16:12:46.414,1.02962,1.02973,1.50,1.50
2013.07.24 16:12:54.292,1.02963,1.02973,1.50,1.13
2013.07.24 16:12:56.852,1.02964,1.02974,1.13,1.50
2013.07.24 16:12:57.033,1.02964,1.02976,1.13,1.50
2013.07.24 16:12:57.332,1.02966,1.02978,2.25,2.82
2013.07.24 16:12:58.202,1.02966,1.02978,2.25,1.88
2013.07.24 16:13:03.702,1.02967,1.02978,1.50,1.13
2013.07.24 16:13:09.392,1.02968,1.02978,2.25,1.13
2013.07.24 16:13:13.853,1.02968,1.02978,1.50,1.50
2013.07.24 16:13:20.217,1.02966,1.02978,1.50,1.88
2013.07.24 16:13:20.752,1.02967,1.02978,1.50,1.13
2013.07.24 16:13:25.933,1.02965,1.02978,3.19,2.63
2013.07.24 16:13:27.633,1.02967,1.02978,1.50,1.13
2013.07.24 16:13:33.762,1.02965,1.02978,1.88,2.63
2013.07.24 16:13:35.212,1.02965,1.02976,1.50,4.50
2013.07.24 16:13:35.742,1.02964,1.02976,1.69,6.00
2013.07.24 16:13:36.273,1.02964,1.02975,1.69,1.50
2013.07.24 16:13:36.673,1.02962,1.02971,1.50,1.13
2013.07.24 16:13:37.214,1.0296,1.02971,2.44,1.50
2013.07.24 16:13:37.333,1.02962,1.02972,1.50,1.13
2013.07.24 16:13:37.855,1.02963,1.02975,1.50,2.07
2013.07.24 16:13:38.902,1.02963,1.02973,2.25,1.13
2013.07.24 16:13:39.142,1.0296,1.02971,1.88,1.13
2013.07.24 16:13:44.332,1.0296,1.02971,1.50,2.63
2013.07.24 16:13:45.062,1.02963,1.02971,2.10,2.63
2013.07.24 16:13:45.363,1.02964,1.02976,2.10,1.69
2013.07.24 16:13:45.482,1.02965,1.02977,2.25,2.25
2013.07.24 16:13:45.602,1.02966,1.02977,1.50,1.50
2013.07.24 16:13:51.953,1.02967,1.02978,1.50,1.50
2013.07.24 16:13:52.463,1.02967,1.02979,2.25,2.25
2013.07.24 16:13:52.522,1.02966,1.02979,3.00,3.00
2013.07.24 16:13:54.612,1.02966,1.02978,3.00,1.88
2013.07.24 16:13:55.121,1.02967,1.02973,1.50,1.13
2013.07.24 16:13:55.187,1.02967,1.02979,1.50,5.44
2013.07.24 16:13:56.771,1.02967,1.02978,1.50,1.69
2013.07.24 16:14:04.332,1.02967,1.02978,3.75,1.50
2013.07.24 16:14:04.841,1.02968,1.02978,1.50,1.50
2013.07.24 16:14:07.682,1.02968,1.02979,1.50,2.82
2013.07.24 16:14:07.863,1.02973,1.02983,1.50,1.47
2013.07.24 16:14:07.983,1.02975,1.02985,3.38,1.13
2013.07.24 16:14:08.402,1.02975,1.02986,1.13,2.25
2013.07.24 16:14:09.284,1.02975,1.02987,1.13,1.13
2013.07.24 16:14:09.824,1.02975,1.02988,1.88,2.25
2013.07.24 16:14:10.733,1.02977,1.02989,1.50,1.60
2013.07.24 16:14:10.792,1.02977,1.0299,2.25,3.00
2013.07.24 16:14:12.144,1.02978,1.02983,1.50,1.50
2013.07.24 16:14:12.511,1.0298,1.02987,1.13,1.69
2013.07.24 16:14:12.632,1.0298,1.02989,1.13,1.50
2013.07.24 16:14:12.993,1.02977,1.02989,1.50,1.50
2013.07.24 16:14:15.172,1.02976,1.02988,1.88,1.13
2013.07.24 16:14:16.332,1.0298,1.02989,2.10,1.50
2013.07.24 16:14:16.695,1.0298,1.02992,3.60,3.53
2013.07.24 16:14:16.814,1.02982,1.02992,1.50,1.13
2013.07.24 16:14:17.173,1.02987,1.02999,2.48,1.88
2013.07.24 16:14:17.712,1.02988,1.03,1.13,2.25
2013.07.24 16:14:17.832,1.02987,1.03,1.50,2.25
2013.07.24 16:14:19.952,1.02987,1.03,1.50,1.50
2013.07.24 16:14:21.294,1.02987,1.03,1.50,1.88
2013.07.24 16:14:27.112,1.02988,1.02999,1.50,1.13
2013.07.24 16:14:28.201,1.02989,1.02999,1.50,1.13
2013.07.24 16:14:33.062,1.02989,1.03,2.25,1.50
2013.07.24 16:14:33.182,1.02989,1.03001,1.50,1.88
2013.07.24 16:14:33.302,1.02988,1.03001,2.44,3.38
2013.07.24 16:14:33.842,1.0299,1.03001,1.50,1.13
2013.07.24 16:14:34.405,1.02991,1.03002,2.85,1.13
2013.07.24 16:14:36.842,1.02991,1.03002,2.85,1.88
2013.07.24 16:14:48.562,1.02991,1.03002,3.60,1.88
2013.07.24 16:14:48.802,1.02992,1.03004,2.25,1.13
2013.07.24 16:14:48.922,1.02995,1.03006,1.50,3.57
2013.07.24 16:14:48.982,1.02995,1.03006,1.50,1.13
2013.07.24 16:14:49.523,1.02995,1.03007,4.50,1.13
2013.07.24 16:14:53.548,1.02995,1.03006,1.50,2.07
2013.07.24 16:14:53.853,1.02993,1.03005,1.50,2.25
2013.07.24 16:14:54.102,1.02993,1.03006,3.00,1.69
2013.07.24 16:14:55.553,1.02994,1.03006,1.50,1.88
2013.07.24 16:14:56.137,1.02995,1.03006,3.00,1.13
2013.07.24 16:14:56.207,1.02996,1.03007,2.25,1.32
2013.07.24 16:14:58.062,1.02997,1.03007,1.50,1.69
2013.07.24 16:14:58.242,1.02994,1.03003,1.50,1.13
2013.07.24 16:15:00.423,1.02995,1.03003,1.50,1.50
2013.07.24 16:15:00.963,1.02996,1.03006,1.50,1.69
2013.07.24 16:15:01.022,1.02996,1.03007,1.50,3.38
2013.07.24 16:15:01.575,1.02996,1.03007,1.50,3.38
2013.07.24 16:15:02.123,1.02997,1.03008,1.50,1.69
2013.07.24 16:15:02.613,1.02998,1.03008,1.50,1.69
2013.07.24 16:15:03.032,1.03,1.03011,1.50,1.50
2013.07.24 16:15:03.153,1.03,1.03012,1.50,2.07
2013.07.24 16:15:03.752,1.03,1.03013,2.63,2.82
2013.07.24 16:15:03.813,1.03001,1.03013,2.25,2.07
2013.07.24 16:15:06.852,1.03003,1.03013,1.50,1.69
2013.07.24 16:15:07.153,1.03007,1.03017,1.50,2.35
2013.07.24 16:15:07.214,1.03007,1.03017,1.88,1.60
2013.07.24 16:15:07.622,1.03004,1.03013,1.13,1.50
2013.07.24 16:15:10.523,1.03002,1.03013,1.50,3.38
2013.07.24 16:15:11.073,1.03001,1.03013,1.50,3.38
2013.07.24 16:15:11.641,1.03001,1.03012,1.50,1.13
2013.07.24 16:15:11.703,1.02999,1.03012,1.88,1.88
2013.07.24 16:15:12.893,1.03,1.03012,1.50,1.88
2013.07.24 16:15:13.013,1.03006,1.03013,1.50,1.69
2013.07.24 16:15:13.192,1.03007,1.03018,1.13,1.50
2013.07.24 16:15:13.252,1.03008,1.03019,1.13,1.50
2013.07.24 16:15:13.432,1.0301,1.03021,1.50,1.50
2013.07.24 16:15:13.734,1.03016,1.03026,3.98,1.13
2013.07.24 16:15:13.793,1.03016,1.03026,3.60,1.13
2013.07.24 16:15:13.853,1.03016,1.03025,1.50,1.13
2013.07.24 16:15:14.214,1.03011,1.03019,1.50,1.13
2013.07.24 16:15:14.272,1.03009,1.03019,2.25,1.13
2013.07.24 16:15:14.754,1.03006,1.03015,1.50,1.50
2013.07.24 16:15:14.813,1.03004,1.03015,1.88,1.50
2013.07.24 16:15:15.115,1.03002,1.03014,1.50,1.50
2013.07.24 16:15:15.473,1.03,1.03013,2.25,2.63
2013.07.24 16:15:16.252,1.03001,1.03013,2.63,1.13
2013.07.24 16:15:18.274,1.03002,1.03014,1.88,1.13
2013.07.24 16:15:18.913,1.03004,1.03015,1.50,1.32
2013.07.24 16:15:21.062,1.03005,1.03015,1.50,1.13
2013.07.24 16:15:21.726,1.03003,1.03013,2.25,1.13
2013.07.24 16:15:22.372,1.03004,1.03016,1.13,2.07
2013.07.24 16:15:22.612,1.03005,1.03017,1.50,1.69
2013.07.24 16:15:24.844,1.03005,1.03017,1.50,1.69
2013.07.24 16:15:25.742,1.03005,1.03017,1.50,1.69
2013.07.24 16:15:28.131,1.03005,1.03017,1.50,1.69
2013.07.24 16:15:33.193,1.03005,1.03018,1.50,3.94
2013.07.24 16:15:33.743,1.03006,1.03018,1.50,1.13
2013.07.24 16:15:36.820,1.03006,1.03018,2.25,1.13
2013.07.24 16:15:37.373,1.03007,1.03019,1.50,2.07
2013.07.24 16:15:37.937,1.03008,1.0302,1.50,4.32
2013.07.24 16:15:38.438,1.03009,1.0302,1.50,2.82
2013.07.24 16:15:40.753,1.03008,1.03019,1.50,1.32
2013.07.24 16:15:42.933,1.03008,1.03019,2.25,1.13
2013.07.24 16:15:43.475,1.03009,1.03019,1.50,1.13
2013.07.24 16:15:44.434,1.0301,1.03019,2.25,2.25
2013.07.24 16:15:44.613,1.03008,1.03019,2.25,2.63
2013.07.24 16:16:00.412,1.03009,1.03018,1.50,1.50
2013.07.24 16:16:00.951,1.03009,1.03018,1.50,1.50
2013.07.24 16:16:01.623,1.03008,1.03018,2.25,1.13
2013.07.24 16:16:01.924,1.03008,1.03016,1.50,2.25
2013.07.24 16:16:02.103,1.03007,1.03016,1.50,2.25
2013.07.24 16:16:02.344,1.03004,1.03015,2.25,1.13
2013.07.24 16:16:03.383,1.03005,1.03016,1.50,2.25
2013.07.24 16:16:03.692,1.03007,1.03017,1.50,1.32
2013.07.24 16:16:03.814,1.03007,1.03017,1.50,1.69
2013.07.24 16:16:04.114,1.03005,1.03017,1.50,2.07
2013.07.24 16:16:04.232,1.03005,1.03017,2.25,1.69
2013.07.24 16:16:07.003,1.03007,1.03019,1.50,3.94
2013.07.24 16:16:26.412,1.03006,1.03017,1.50,2.63
2013.07.24 16:16:26.713,1.03004,1.03013,2.25,1.13
2013.07.24 16:16:27.594,1.03004,1.03015,1.50,1.13
2013.07.24 16:16:27.772,1.03005,1.03017,1.50,2.07
2013.07.24 16:16:27.834,1.03007,1.03017,1.50,1.32
2013.07.24 16:16:28.192,1.03009,1.03018,1.50,1.13
2013.07.24 16:16:28.742,1.03009,1.03018,1.50,1.13
2013.07.24 16:16:30.201,1.03009,1.03018,1.50,1.88
2013.07.24 16:16:30.382,1.03007,1.03018,1.50,2.63
2013.07.24 16:16:33.463,1.03007,1.03017,1.50,1.50
2013.07.24 16:16:36.053,1.03007,1.03015,1.50,1.88
2013.07.24 16:16:36.174,1.03005,1.03012,1.50,1.50
2013.07.24 16:16:36.542,1.03005,1.03015,1.50,2.25
2013.07.24 16:16:36.902,1.03004,1.03015,1.88,1.88
2013.07.24 16:16:51.861,1.03004,1.03014,1.13,1.13
2013.07.24 16:16:54.929,1.03003,1.03015,1.13,4.13
2013.07.24 16:16:55.816,1.03002,1.03012,1.88,2.10
2013.07.24 16:16:56.122,1.02996,1.03002,1.88,1.50
2013.07.24 16:16:56.183,1.02993,1.03002,1.50,1.50
2013.07.24 16:16:56.422,1.02995,1.03002,1.50,1.88
2013.07.24 16:16:57.841,1.02995,1.03005,3.00,1.50
2013.07.24 16:16:58.022,1.02999,1.0301,1.88,1.50
2013.07.24 16:16:58.142,1.03001,1.03011,2.25,1.50
2013.07.24 16:16:58.622,1.03002,1.03012,1.50,2.63
2013.07.24 16:16:59.311,1.03002,1.03012,1.88,2.63
2013.07.24 16:16:59.854,1.03002,1.03013,1.88,1.50
2013.07.24 16:17:00.895,1.03,1.03005,1.50,1.50
2013.07.24 16:17:00.962,1.02996,1.03003,1.50,1.13
2013.07.24 16:17:01.082,1.02995,1.03003,1.13,1.88
2013.07.24 16:17:01.204,1.02994,1.03006,1.88,1.50
2013.07.24 16:17:01.502,1.02996,1.03007,3.00,1.50
2013.07.24 16:17:02.012,1.02998,1.03008,1.50,2.63
2013.07.24 16:17:05.054,1.02998,1.03008,1.50,1.13
2013.07.24 16:17:05.292,1.02998,1.03011,1.88,3.00
2013.07.24 16:17:05.533,1.02999,1.03011,2.25,2.25
2013.07.24 16:17:27.322,1.03,1.03006,1.50,1.50
2013.07.24 16:17:27.502,1.02996,1.03005,1.88,1.88
2013.07.24 16:17:27.562,1.02993,1.03005,2.25,1.88
2013.07.24 16:17:27.622,1.02996,1.03005,1.50,1.50
2013.07.24 16:17:27.923,1.02997,1.03007,1.13,2.25
2013.07.24 16:17:28.102,1.02997,1.03009,2.25,1.50
2013.07.24 16:17:28.708,1.02998,1.03011,1.88,3.00
2013.07.24 16:17:29.411,1.02999,1.03011,4.50,2.25
2013.07.24 16:17:30.342,1.03001,1.03011,1.88,2.25
2013.07.24 16:17:30.522,1.03001,1.03012,2.63,1.13
2013.07.24 16:17:32.822,1.03001,1.03008,3.19,1.50
2013.07.24 16:17:32.882,1.03001,1.03007,2.44,1.50
2013.07.24 16:17:32.942,1.03001,1.03006,1.50,1.13
2013.07.24 16:17:33.382,1.02996,1.03003,1.50,1.13
2013.07.24 16:17:33.446,1.02993,1.03003,2.44,1.13
2013.07.24 16:17:34.591,1.02993,1.03006,1.50,1.88
2013.07.24 16:17:35.131,1.02992,1.03004,1.13,1.13
2013.07.24 16:17:37.437,1.02994,1.03004,1.13,1.13
2013.07.24 16:17:37.563,1.02998,1.03005,1.50,1.50
2013.07.24 16:17:37.862,1.03001,1.03013,2.63,3.38
2013.07.24 16:17:41.312,1.03001,1.03009,2.07,1.50
2013.07.24 16:17:41.373,1.03,1.03006,1.50,1.13
2013.07.24 16:17:41.493,1.02996,1.03005,1.13,1.13
2013.07.24 16:17:41.612,1.02994,1.03005,1.88,1.13
2013.07.24 16:17:42.903,1.02995,1.03006,1.50,1.50
2013.07.24 16:17:43.143,1.02997,1.03008,1.50,1.50
2013.07.24 16:17:43.642,1.02998,1.0301,1.88,1.13
2013.07.24 16:17:45.532,1.02998,1.03008,1.88,1.20
2013.07.24 16:17:45.592,1.02996,1.03008,1.88,1.95
2013.07.24 16:17:47.732,1.02996,1.03007,1.50,1.13
2013.07.24 16:17:48.242,1.02994,1.03007,2.82,1.88
2013.07.24 16:17:48.602,1.02996,1.03008,2.07,1.50
2013.07.24 16:17:48.903,1.02998,1.0301,1.13,1.50
2013.07.24 16:17:55.042,1.03,1.0301,4.58,1.50
2013.07.24 16:17:55.413,1.03005,1.03016,1.50,2.25
2013.07.24 16:17:55.711,1.03004,1.03016,1.88,3.00
2013.07.24 16:17:58.843,1.03004,1.03016,1.88,2.63
2013.07.24 16:17:58.902,1.03004,1.03014,1.50,1.13
2013.07.24 16:17:58.963,1.03003,1.03014,1.50,3.38
2013.07.24 16:17:59.082,1.02999,1.03012,3.04,3.00
2013.07.24 16:18:01.642,1.02999,1.0301,1.50,1.13
2013.07.24 16:18:01.883,1.02997,1.03009,1.69,1.13
2013.07.24 16:18:03.362,1.02998,1.03011,2.25,1.50
2013.07.24 16:18:03.422,1.03001,1.03012,1.50,1.88
2013.07.24 16:18:03.928,1.03001,1.03013,2.25,2.82
2013.07.24 16:18:04.441,1.03002,1.03013,2.25,2.07
2013.07.24 16:18:06.777,1.03002,1.03012,2.25,1.32
2013.07.24 16:18:07.082,1.02999,1.03007,1.50,1.50
2013.07.24 16:18:07.323,1.03,1.03008,1.88,1.13
2013.07.24 16:18:07.681,1.03,1.03012,1.88,1.69
2013.07.24 16:18:07.862,1.03002,1.03013,2.25,3.57
2013.07.24 16:18:10.533,1.03002,1.03013,2.25,1.13
2013.07.24 16:18:23.168,1.03003,1.03013,1.50,1.13
2013.07.24 16:18:23.324,1.03003,1.03013,3.00,1.13
2013.07.24 16:18:23.922,1.03003,1.03013,2.25,1.13
2013.07.24 16:18:25.122,1.03003,1.03013,1.50,1.13
2013.07.24 16:18:25.424,1.03005,1.03016,2.25,1.69
2013.07.24 16:18:25.483,1.03005,1.03017,3.00,3.75
2013.07.24 16:18:26.022,1.03006,1.03017,1.50,1.50
2013.07.24 16:18:26.912,1.03006,1.03018,1.50,1.32
2013.07.24 16:18:28.672,1.03007,1.03018,3.75,1.13
2013.07.24 16:18:28.973,1.03012,1.03022,1.13,2.25
2013.07.24 16:18:29.034,1.03014,1.03026,1.13,2.89
2013.07.24 16:18:29.153,1.03015,1.03026,1.50,2.89
2013.07.24 16:18:29.392,1.03013,1.03025,1.50,1.69
2013.07.24 16:18:30.062,1.03013,1.03024,1.50,1.13
2013.07.24 16:18:31.332,1.03011,1.03024,1.50,1.88
2013.07.24 16:18:33.362,1.03012,1.03024,1.50,1.88
2013.07.24 16:18:33.966,1.03013,1.03024,1.50,1.13
2013.07.24 16:18:35.472,1.03013,1.03026,1.50,3.19
2013.07.24 16:18:35.802,1.03014,1.03026,2.63,2.07
2013.07.24 16:18:37.516,1.03015,1.03027,1.50,2.44
2013.07.24 16:18:37.822,1.03017,1.03027,1.50,2.82
2013.07.24 16:18:38.002,1.03017,1.03027,1.50,1.13
2013.07.24 16:18:38.454,1.03017,1.03028,1.50,1.13
2013.07.24 16:18:38.815,1.03021,1.03032,6.98,3.00
2013.07.24 16:18:38.883,1.03024,1.03034,2.10,2.63
2013.07.24 16:18:39.003,1.03025,1.03036,1.35,1.50
2013.07.24 16:18:39.243,1.03026,1.03034,1.13,1.13
2013.07.24 16:18:39.362,1.03022,1.03034,1.69,1.88
2013.07.24 16:18:39.543,1.03026,1.03034,1.50,1.88
2013.07.24 16:18:39.723,1.03027,1.03036,1.13,1.50
2013.07.24 16:18:39.903,1.03027,1.03038,2.25,1.50
2013.07.24 16:18:40.023,1.03028,1.03041,3.38,1.50
2013.07.24 16:18:40.382,1.03031,1.03042,1.50,1.50
2013.07.24 16:18:41.425,1.03031,1.03044,1.88,2.82
2013.07.24 16:18:41.494,1.03032,1.03044,1.88,1.88
2013.07.24 16:18:42.042,1.03034,1.03045,1.13,1.69
2013.07.24 16:18:45.142,1.03033,1.03043,1.50,1.13
2013.07.24 16:18:45.382,1.03031,1.03043,3.00,1.50
2013.07.24 16:18:48.455,1.0303,1.03042,2.25,2.63
2013.07.24 16:18:48.773,1.03031,1.03042,1.50,1.50
2013.07.24 16:18:56.353,1.03036,1.03044,1.13,1.50
2013.07.24 16:18:56.533,1.03038,1.03047,2.63,1.50
2013.07.24 16:18:57.072,1.03039,1.03048,1.50,3.75
2013.07.24 16:18:57.552,1.03035,1.03047,3.94,1.50
2013.07.24 16:18:57.883,1.03037,1.03048,1.50,3.75
2013.07.24 16:18:58.323,1.03041,1.03048,1.50,3.00
2013.07.24 16:18:58.742,1.03038,1.03048,1.50,3.75
2013.07.24 16:18:59.402,1.03036,1.03048,1.50,4.50
2013.07.24 16:19:00.374,1.03035,1.03045,1.50,1.50
2013.07.24 16:19:00.612,1.03033,1.03045,2.82,2.25
2013.07.24 16:19:01.822,1.03033,1.03045,2.07,2.25
2013.07.24 16:19:06.364,1.03034,1.03045,1.88,1.50
2013.07.24 16:19:13.582,1.03032,1.03044,3.00,1.50
2013.07.24 16:19:15.402,1.03032,1.03044,2.63,1.50
2013.07.24 16:19:19.371,1.03032,1.03045,5.25,2.25
2013.07.24 16:19:19.884,1.03034,1.03045,1.50,1.50
2013.07.24 16:19:23.184,1.03034,1.03045,1.50,1.50
2013.07.24 16:19:27.082,1.03034,1.03045,1.50,1.50
2013.07.24 16:19:28.402,1.03036,1.03048,1.50,1.13
2013.07.24 16:19:28.582,1.03038,1.03049,2.25,2.25
2013.07.24 16:19:28.642,1.03039,1.03052,1.50,3.19
2013.07.24 16:19:29.178,1.0304,1.03052,2.25,1.69
2013.07.24 16:19:30.081,1.0304,1.03053,2.25,2.82
2013.07.24 16:19:35.140,1.0304,1.03052,1.50,2.44
2013.07.24 16:19:54.552,1.0304,1.03051,1.50,1.88
2013.07.24 16:19:54.732,1.03038,1.03051,1.88,3.38
2013.07.24 16:19:55.293,1.03038,1.03049,1.50,1.13
2013.07.24 16:19:57.786,1.03038,1.03048,1.50,1.13
2013.07.24 16:19:58.092,1.03035,1.03045,1.50,1.13
2013.07.24 16:19:58.152,1.03033,1.03045,1.50,1.50
2013.07.24 16:19:58.212,1.03033,1.03046,2.25,1.50
2013.07.24 16:19:58.391,1.03034,1.03047,1.50,1.50
2013.07.24 16:20:02.731,1.03034,1.03047,1.50,3.19
2013.07.24 16:20:02.851,1.03032,1.03046,4.54,2.25
2013.07.24 16:20:09.763,1.03032,1.03045,4.35,2.07
2013.07.24 16:20:16.364,1.03032,1.03043,2.10,1.50
2013.07.24 16:20:20.582,1.03032,1.03043,2.48,1.13
2013.07.24 16:20:21.872,1.03032,1.03043,2.48,1.13
2013.07.24 16:20:26.122,1.03032,1.03043,1.73,1.88
2013.07.24 16:20:32.792,1.03031,1.03043,4.35,3.00
2013.07.24 16:20:33.032,1.03029,1.03034,1.50,1.50
2013.07.24 16:20:33.092,1.03027,1.03032,1.50,1.50
2013.07.24 16:20:33.152,1.03023,1.03032,1.50,1.50
2013.07.24 16:20:33.942,1.03023,1.03032,2.25,1.50
2013.07.24 16:20:34.062,1.03024,1.03035,1.50,2.25
2013.07.24 16:20:36.232,1.03024,1.03037,1.50,3.19
2013.07.24 16:20:40.302,1.03026,1.03037,1.50,1.50
2013.07.24 16:20:41.153,1.03027,1.03038,1.50,1.50
2013.07.24 16:20:42.666,1.03027,1.03035,1.13,1.50
2013.07.24 16:20:43.135,1.03025,1.03035,1.13,1.69
2013.07.24 16:20:43.493,1.03024,1.03031,1.50,1.50
2013.07.24 16:20:43.913,1.03022,1.03031,2.25,1.50
2013.07.24 16:20:44.452,1.03021,1.03031,1.13,2.25
2013.07.24 16:20:45.932,1.03021,1.0303,1.13,1.50
2013.07.24 16:20:49.492,1.03021,1.03031,1.13,3.00
2013.07.24 16:20:50.032,1.03021,1.03031,1.13,2.25
2013.07.24 16:20:51.843,1.0302,1.03031,2.63,2.25
2013.07.24 16:20:52.380,1.03021,1.03032,1.13,3.19
2013.07.24 16:20:52.934,1.03019,1.03031,1.73,2.25
2013.07.24 16:20:53.054,1.03017,1.0303,1.69,1.50
2013.07.24 16:20:53.234,1.03018,1.03032,1.50,3.94
2013.07.24 16:20:53.593,1.03015,1.03025,1.88,1.13
2013.07.24 16:20:53.952,1.03017,1.03028,1.50,1.13
2013.07.24 16:20:54.523,1.03017,1.03028,1.50,2.25
2013.07.24 16:20:57.712,1.03018,1.03029,1.50,2.25
2013.07.24 16:21:00.692,1.03019,1.03029,2.25,1.50
2013.07.24 16:21:01.854,1.03019,1.0303,2.25,1.69
2013.07.24 16:21:03.272,1.03018,1.0303,1.50,2.44
2013.07.24 16:21:03.332,1.03018,1.03028,1.50,2.25
2013.07.24 16:21:03.513,1.03014,1.03025,1.13,1.50
2013.07.24 16:21:03.694,1.03014,1.03025,2.63,1.50
2013.07.24 16:21:03.932,1.03014,1.03025,1.88,1.50
2013.07.24 16:21:04.052,1.03014,1.03025,1.88,1.50
2013.07.24 16:21:06.352,1.03015,1.03026,1.13,2.63
2013.07.24 16:21:06.413,1.03015,1.03026,1.50,2.25
2013.07.24 16:21:09.122,1.03017,1.03028,1.13,2.07
2013.07.24 16:21:09.788,1.03017,1.03029,1.13,3.00
2013.07.24 16:21:12.362,1.03017,1.03029,1.88,3.00
2013.07.24 16:21:14.363,1.03018,1.03029,2.25,1.50
2013.07.24 16:21:19.494,1.03019,1.0303,2.25,1.50
2013.07.24 16:21:19.803,1.03022,1.0303,1.50,1.50
2013.07.24 16:21:20.343,1.03023,1.03034,1.50,1.50
2013.07.24 16:21:21.562,1.03023,1.03032,1.50,1.50
2013.07.24 16:21:25.774,1.03023,1.03034,1.50,1.13
2013.07.24 16:21:25.834,1.03023,1.03034,2.25,1.13
2013.07.24 16:21:26.302,1.03026,1.03035,2.25,1.50
2013.07.24 16:21:26.494,1.03026,1.03039,2.25,4.32
2013.07.24 16:21:27.182,1.03026,1.03039,2.25,4.32
2013.07.24 16:21:29.622,1.03027,1.03039,1.50,2.44
2013.07.24 16:21:30.144,1.03029,1.0304,1.13,3.19
2013.07.24 16:21:30.682,1.03029,1.0304,1.88,1.69
2013.07.24 16:21:35.502,1.03029,1.03041,3.98,3.00
2013.07.24 16:21:40.303,1.0303,1.03041,1.35,2.25
2013.07.24 16:21:40.843,1.03029,1.03041,3.60,3.00
2013.07.24 16:21:41.644,1.03029,1.03041,1.50,2.25
2013.07.24 16:21:42.004,1.03032,1.03041,1.28,2.25
2013.07.24 16:21:42.419,1.03034,1.03044,2.25,1.88
2013.07.24 16:21:42.484,1.03035,1.03047,1.50,2.44
2013.07.24 16:21:42.663,1.03037,1.03047,1.50,1.69
2013.07.24 16:21:42.723,1.03037,1.03049,1.50,2.25
2013.07.24 16:21:43.264,1.03038,1.03049,1.50,1.50
2013.07.24 16:21:43.642,1.03042,1.03049,1.13,1.50
2013.07.24 16:21:44.195,1.03042,1.03049,1.13,3.00
2013.07.24 16:21:50.043,1.03038,1.03049,1.88,1.50
2013.07.24 16:22:03.443,1.03041,1.03049,1.13,1.50
2013.07.24 16:22:04.002,1.03041,1.0305,1.13,1.50
2013.07.24 16:22:04.422,1.03041,1.0305,1.13,1.50
2013.07.24 16:22:06.422,1.03039,1.0305,2.07,1.50
2013.07.24 16:22:06.942,1.03038,1.0305,1.32,1.50
2013.07.24 16:22:07.832,1.03039,1.0305,1.32,1.50
2013.07.24 16:22:08.583,1.03039,1.0305,3.19,1.50
2013.07.24 16:22:11.233,1.03039,1.0305,2.25,1.50
2013.07.24 16:22:11.993,1.03039,1.0305,2.25,1.50
2013.07.24 16:22:13.093,1.03039,1.0305,1.50,1.50
2013.07.24 16:22:13.599,1.03037,1.0305,3.19,1.50
2013.07.24 16:22:15.333,1.03037,1.03048,3.19,1.35
2013.07.24 16:22:15.692,1.03033,1.03041,2.25,1.50
2013.07.24 16:22:15.812,1.0303,1.03038,1.50,1.50
2013.07.24 16:22:15.932,1.0303,1.03041,2.25,1.50
2013.07.24 16:22:16.113,1.03028,1.03041,3.00,1.50
2013.07.24 16:22:16.172,1.03028,1.0304,3.38,1.50
2013.07.24 16:22:16.594,1.0303,1.03042,2.63,3.00
2013.07.24 16:22:17.132,1.03031,1.03044,1.88,1.32
2013.07.24 16:22:19.652,1.03031,1.03044,2.07,1.88
2013.07.24 16:22:20.352,1.03031,1.03043,2.82,3.00
2013.07.24 16:22:20.655,1.03027,1.03032,1.13,2.10
2013.07.24 16:22:20.724,1.03024,1.03032,1.69,2.48
2013.07.24 16:22:20.962,1.03021,1.0303,2.25,2.25
2013.07.24 16:22:21.082,1.03018,1.03029,1.50,1.50
2013.07.24 16:22:24.872,1.03018,1.03029,1.13,1.50
2013.07.24 16:22:25.403,1.03018,1.03031,3.38,1.88
2013.07.24 16:22:25.702,1.03018,1.03031,3.75,1.88
2013.07.24 16:22:29.802,1.03018,1.03031,5.82,2.25
2013.07.24 16:22:30.484,1.03019,1.03031,1.69,1.50
2013.07.24 16:22:30.903,1.0302,1.03027,1.50,1.13
2013.07.24 16:22:31.023,1.03016,1.03027,1.50,2.63
2013.07.24 16:22:31.142,1.03013,1.03025,2.44,1.50
2013.07.24 16:22:31.323,1.03014,1.03026,1.13,2.10
2013.07.24 16:22:31.443,1.03016,1.03028,2.63,3.00
2013.07.24 16:22:31.562,1.03017,1.0303,2.25,1.50
2013.07.24 16:22:31.622,1.03017,1.03029,1.88,1.13
2013.07.24 16:22:32.162,1.03018,1.0303,1.50,1.50
2013.07.24 16:22:32.464,1.03017,1.03029,1.13,1.50
2013.07.24 16:22:33.072,1.03016,1.03025,2.25,1.13
2013.07.24 16:22:33.192,1.03015,1.03025,1.50,1.13
2013.07.24 16:22:33.312,1.03013,1.03025,2.25,1.88
2013.07.24 16:22:33.492,1.03015,1.03025,1.50,1.13
2013.07.24 16:22:33.764,1.03015,1.03027,1.88,3.00
2013.07.24 16:22:33.885,1.03015,1.03027,1.50,2.25
2013.07.24 16:22:34.123,1.03015,1.03027,1.13,2.25
2013.07.24 16:22:34.363,1.03014,1.03027,1.50,2.25
2013.07.24 16:22:34.903,1.03015,1.03027,1.13,3.00
2013.07.24 16:22:35.264,1.03018,1.03029,2.07,2.25
2013.07.24 16:22:35.502,1.03019,1.03032,1.32,3.19
2013.07.24 16:22:36.822,1.0302,1.03032,1.50,1.69
2013.07.24 16:22:36.942,1.03018,1.03032,1.50,2.44
2013.07.24 16:22:37.332,1.03021,1.03032,1.13,2.44
2013.07.24 16:22:37.572,1.03026,1.03035,1.13,1.69
2013.07.24 16:22:37.632,1.03024,1.03035,1.13,1.69
2013.07.24 16:22:37.812,1.03022,1.03034,1.13,1.69
2013.07.24 16:22:38.963,1.03021,1.03034,1.50,2.82
2013.07.24 16:22:45.043,1.03021,1.03033,1.50,1.69
2013.07.24 16:22:45.164,1.03021,1.03033,1.50,1.69
2013.07.24 16:22:45.283,1.03017,1.0303,3.57,1.50
2013.07.24 16:22:46.259,1.03019,1.03033,1.50,3.94
2013.07.24 16:22:46.848,1.0302,1.03033,1.50,1.69
2013.07.24 16:22:47.132,1.0302,1.03033,1.88,1.69
2013.07.24 16:22:47.942,1.03021,1.03032,1.13,1.69
2013.07.24 16:22:49.666,1.03021,1.03032,1.13,2.25
2013.07.24 16:22:50.238,1.03022,1.03032,1.88,1.50
2013.07.24 16:22:51.462,1.03022,1.03033,1.88,1.50
2013.07.24 16:22:53.392,1.03022,1.03033,1.13,2.44
2013.07.24 16:22:55.272,1.03022,1.03033,1.88,1.69
2013.07.24 16:22:57.013,1.03024,1.03035,1.50,3.19
2013.07.24 16:22:57.083,1.03024,1.03035,1.50,2.44
2013.07.24 16:22:58.762,1.03024,1.03035,1.50,1.88
2013.07.24 16:22:58.943,1.03023,1.03035,1.50,2.63
2013.07.24 16:23:00.172,1.03023,1.03035,1.50,3.38
2013.07.24 16:23:01.774,1.03023,1.03034,1.50,1.69
2013.07.24 16:23:03.025,1.03023,1.03034,1.50,1.69
2013.07.24 16:23:03.202,1.03024,1.03034,1.50,1.69
2013.07.24 16:23:06.044,1.03023,1.03035,1.50,2.82
2013.07.24 16:23:09.282,1.03023,1.03035,2.25,3.19
2013.07.24 16:23:09.793,1.03024,1.03035,1.50,2.07
2013.07.24 16:23:12.412,1.03023,1.03035,1.50,2.82
2013.07.24 16:23:14.812,1.03022,1.03035,2.25,3.19
2013.07.24 16:23:17.402,1.03024,1.03035,1.50,1.69
2013.07.24 16:23:18.552,1.03024,1.03036,1.50,3.94
2013.07.24 16:23:18.743,1.03024,1.03037,1.50,2.44
2013.07.24 16:23:21.612,1.03025,1.03037,1.13,2.44
2013.07.24 16:23:21.733,1.03027,1.0304,1.50,1.69
2013.07.24 16:23:21.852,1.03028,1.03042,1.50,3.94
2013.07.24 16:23:22.672,1.03029,1.03042,1.50,2.44
2013.07.24 16:23:23.195,1.0303,1.03043,1.50,3.57
2013.07.24 16:23:26.922,1.0303,1.03043,1.50,2.82
2013.07.24 16:23:30.022,1.03029,1.03043,3.00,3.19
2013.07.24 16:23:30.083,1.03029,1.03042,1.50,1.50
2013.07.24 16:23:30.623,1.03027,1.0304,2.07,1.50
2013.07.24 16:23:31.482,1.03027,1.0304,1.32,1.50
2013.07.24 16:23:43.784,1.03026,1.03039,1.88,2.44
2013.07.24 16:23:44.142,1.03026,1.03035,1.50,1.13
2013.07.24 16:23:44.202,1.03023,1.03035,2.25,1.13
2013.07.24 16:23:45.733,1.03023,1.03035,2.25,2.25
2013.07.24 16:23:50.513,1.03023,1.03034,1.50,2.44
2013.07.24 16:23:51.722,1.03022,1.03034,1.50,3.19
2013.07.24 16:23:52.556,1.03021,1.03033,3.38,1.32
2013.07.24 16:23:53.173,1.03021,1.03033,2.63,1.88
2013.07.24 16:23:53.712,1.03021,1.03032,1.88,1.50
2013.07.24 16:23:54.878,1.03021,1.03033,2.63,2.25
2013.07.24 16:23:56.843,1.03021,1.03031,1.88,2.63
2013.07.24 16:23:56.902,1.03021,1.03027,1.50,1.13
2013.07.24 16:23:57.207,1.03018,1.03025,1.50,3.60
2013.07.24 16:23:57.273,1.03015,1.03025,1.13,3.60
2013.07.24 16:23:57.814,1.03012,1.03023,1.50,1.13
2013.07.24 16:23:57.932,1.03011,1.03023,1.13,1.88
2013.07.24 16:23:58.593,1.0301,1.03022,1.50,1.35
2013.07.24 16:23:58.956,1.03011,1.03022,2.25,1.69
2013.07.24 16:23:59.024,1.03012,1.03022,1.13,1.69
2013.07.24 16:23:59.204,1.03013,1.03023,3.00,2.44
2013.07.24 16:23:59.265,1.03015,1.03027,1.50,1.32
2013.07.24 16:23:59.633,1.03017,1.03027,1.13,2.82
2013.07.24 16:24:00.239,1.03018,1.03028,1.50,2.82
2013.07.24 16:24:00.992,1.03018,1.03029,1.50,2.44
2013.07.24 16:24:01.352,1.0302,1.03032,1.50,3.19
2013.07.24 16:24:02.542,1.03021,1.03032,1.13,1.13
2013.07.24 16:24:03.174,1.03021,1.03033,2.63,3.19
2013.07.24 16:24:04.813,1.03022,1.03033,1.50,2.44
2013.07.24 16:24:09.602,1.03023,1.03033,1.50,3.19
2013.07.24 16:24:14.293,1.03021,1.03033,3.38,1.50
2013.07.24 16:24:15.483,1.03021,1.03033,3.38,1.50
2013.07.24 16:24:31.165,1.03021,1.03032,2.82,1.50
2013.07.24 16:24:34.222,1.03019,1.03031,1.69,4.50
2013.07.24 16:24:34.282,1.03019,1.03029,1.69,1.95
2013.07.24 16:24:34.642,1.03012,1.03024,1.88,1.88
2013.07.24 16:24:35.143,1.0301,1.03024,3.75,2.25
2013.07.24 16:24:37.002,1.03012,1.03025,1.50,2.63
2013.07.24 16:24:43.572,1.0301,1.03024,3.75,2.44
2013.07.24 16:24:44.492,1.03011,1.03023,1.50,1.50
2013.07.24 16:24:45.100,1.03012,1.03024,1.50,1.69
2013.07.24 16:24:49.762,1.0301,1.03023,2.82,1.50
2013.07.24 16:24:51.472,1.0301,1.03023,2.82,1.50
2013.07.24 16:24:51.713,1.03004,1.03015,1.13,3.75
2013.07.24 16:24:51.832,1.03003,1.03014,1.50,1.50
2013.07.24 16:24:51.952,1.03003,1.03015,1.88,3.00
2013.07.24 16:24:54.431,1.03003,1.03015,1.50,3.00
2013.07.24 16:24:55.445,1.03003,1.03015,1.50,3.75
2013.07.24 16:24:57.672,1.03003,1.03015,1.88,2.25
2013.07.24 16:24:58.012,1.03003,1.03015,1.88,2.25
2013.07.24 16:24:58.965,1.03003,1.03015,1.88,2.25
2013.07.24 16:25:00.803,1.03003,1.03015,1.50,2.25
2013.07.24 16:25:09.265,1.03005,1.03015,1.50,1.50
2013.07.24 16:25:10.673,1.03006,1.03015,1.50,1.50
2013.07.24 16:25:11.204,1.03006,1.03015,1.13,1.50
2013.07.24 16:25:11.385,1.03007,1.03018,1.13,1.69
2013.07.24 16:25:11.634,1.03008,1.03022,1.50,1.69
2013.07.24 16:25:13.936,1.0301,1.03023,1.50,2.44
2013.07.24 16:25:15.155,1.0301,1.03023,1.50,1.50
2013.07.24 16:25:15.512,1.03009,1.03022,2.44,1.50
2013.07.24 16:25:15.824,1.0301,1.03023,1.50,1.50
2013.07.24 16:25:18.162,1.0301,1.03023,1.50,2.44
2013.07.24 16:25:18.522,1.03008,1.03019,1.32,1.58
2013.07.24 16:25:18.822,1.03006,1.03019,1.50,3.38
2013.07.24 16:25:19.003,1.03004,1.03017,3.38,2.25
2013.07.24 16:25:20.103,1.03004,1.03016,3.00,3.23
2013.07.24 16:25:20.163,1.03004,1.03013,3.00,1.50
2013.07.24 16:25:21.462,1.03002,1.03013,2.63,1.88
2013.07.24 16:25:24.752,1.03001,1.03013,2.63,2.25
2013.07.24 16:25:26.423,1.03002,1.03013,1.50,1.13
2013.07.24 16:25:26.603,1.03003,1.03016,2.25,1.50
2013.07.24 16:25:29.926,1.03003,1.03015,3.00,1.50
2013.07.24 16:25:31.232,1.03003,1.03015,2.25,1.50
2013.07.24 16:25:31.936,1.03003,1.03015,2.25,1.50
2013.07.24 16:25:32.427,1.03005,1.03017,1.13,2.44
2013.07.24 16:25:33.703,1.03005,1.03018,1.88,2.82
2013.07.24 16:25:34.472,1.03005,1.03018,1.88,3.19
2013.07.24 16:25:34.533,1.03004,1.03018,3.00,2.82
2013.07.24 16:25:34.593,1.03004,1.03017,1.50,1.50
2013.07.24 16:25:34.653,1.03007,1.03017,1.13,1.50
2013.07.24 16:25:34.832,1.03008,1.0302,1.13,3.75
2013.07.24 16:25:35.073,1.03009,1.03022,1.50,2.25
2013.07.24 16:25:35.313,1.03007,1.03021,1.88,2.25
2013.07.24 16:25:38.247,1.03008,1.03022,3.57,3.00
2013.07.24 16:25:38.522,1.0301,1.03023,1.50,2.44
2013.07.24 16:25:39.033,1.0301,1.03023,1.50,2.44
2013.07.24 16:25:44.292,1.03011,1.03024,2.63,1.50
2013.07.24 16:25:44.871,1.03012,1.03025,1.50,3.19
2013.07.24 16:25:45.473,1.03013,1.03025,3.75,3.19
2013.07.24 16:25:45.713,1.03017,1.03031,2.63,1.50
2013.07.24 16:25:45.833,1.0302,1.03032,2.25,1.32
2013.07.24 16:25:46.401,1.03021,1.03034,1.50,3.57
2013.07.24 16:25:50.183,1.03021,1.03034,1.88,2.25
2013.07.24 16:25:50.754,1.03022,1.03035,2.07,3.75
2013.07.24 16:25:53.712,1.03022,1.03034,2.07,1.50
2013.07.24 16:25:54.742,1.03022,1.03033,2.07,2.25
2013.07.24 16:26:00.425,1.03023,1.03034,1.13,2.63
2013.07.24 16:26:00.972,1.03023,1.03035,1.13,2.44
2013.07.24 16:26:01.993,1.03022,1.03034,1.50,1.50
2013.07.24 16:26:04.512,1.03023,1.03034,2.25,1.13
2013.07.24 16:26:11.252,1.03024,1.03036,5.37,1.13
2013.07.24 16:26:11.373,1.03027,1.03037,1.50,1.28
2013.07.24 16:26:11.434,1.03027,1.03038,1.50,1.13
2013.07.24 16:26:11.493,1.03027,1.03037,1.50,1.50
2013.07.24 16:26:11.553,1.03025,1.03037,1.50,1.50
2013.07.24 16:26:11.912,1.03025,1.03038,1.50,3.75
2013.07.24 16:26:12.392,1.03024,1.03037,1.69,2.25
2013.07.24 16:26:13.234,1.03023,1.03035,4.69,1.50
2013.07.24 16:26:13.764,1.03023,1.03035,2.44,2.25
2013.07.24 16:26:17.533,1.03022,1.03034,2.44,1.50
2013.07.24 16:26:23.033,1.03021,1.03033,3.19,2.25
2013.07.24 16:26:25.634,1.03021,1.03033,2.25,2.25
2013.07.24 16:26:26.311,1.0302,1.03032,2.07,1.50
2013.07.24 16:26:28.293,1.0302,1.03032,2.07,1.50
2013.07.24 16:26:31.823,1.0302,1.03032,2.44,1.50
2013.07.24 16:26:32.183,1.03022,1.03035,2.25,3.38
2013.07.24 16:26:32.722,1.03021,1.03034,2.63,2.25
2013.07.24 16:26:34.296,1.03021,1.03033,4.13,1.50
2013.07.24 16:26:40.873,1.03022,1.03035,2.25,2.25
2013.07.24 16:26:42.856,1.03022,1.0303,2.25,1.13
2013.07.24 16:26:43.045,1.03018,1.03026,1.50,1.88
2013.07.24 16:26:43.104,1.03017,1.03023,1.50,1.13
2013.07.24 16:26:43.283,1.03013,1.03023,1.50,1.13
2013.07.24 16:26:43.584,1.0301,1.03023,2.25,2.63
2013.07.24 16:26:43.703,1.0301,1.03021,1.50,1.50
2013.07.24 16:26:43.823,1.0301,1.03023,2.25,2.63
2013.07.24 16:26:46.223,1.03011,1.03023,1.50,2.63
2013.07.24 16:26:46.345,1.03011,1.0302,1.50,1.50
2013.07.24 16:26:47.683,1.03009,1.0302,1.50,1.50
2013.07.24 16:26:47.922,1.03009,1.03022,2.25,1.50
2013.07.24 16:26:49.813,1.03012,1.03022,1.50,1.50
2013.07.24 16:26:50.123,1.03014,1.03025,1.50,1.13
2013.07.24 16:26:50.643,1.03013,1.03025,1.50,1.13
2013.07.24 16:26:52.880,1.03013,1.03023,1.50,1.50
2013.07.24 16:26:53.186,1.03012,1.03022,1.50,3.38
2013.07.24 16:26:53.614,1.03012,1.03022,1.50,3.00
2013.07.24 16:27:09.554,1.03012,1.03022,1.50,2.85
2013.07.24 16:27:09.674,1.0301,1.03022,1.50,2.85
2013.07.24 16:27:10.163,1.03009,1.03022,3.57,4.35
2013.07.24 16:27:11.113,1.03009,1.03022,5.07,3.60
2013.07.24 16:27:12.352,1.0301,1.03022,2.25,2.85
2013.07.24 16:27:14.113,1.0301,1.03021,2.25,2.85
2013.07.24 16:27:17.403,1.0301,1.03019,2.25,2.10
2013.07.24 16:27:17.583,1.03009,1.03019,1.50,2.85
2013.07.24 16:27:17.883,1.03009,1.03021,1.50,3.60
2013.07.24 16:27:17.943,1.03009,1.03021,1.88,3.60
2013.07.24 16:27:18.183,1.0301,1.03021,1.50,1.73
2013.07.24 16:27:19.324,1.0301,1.03021,1.50,1.73
2013.07.24 16:27:22.564,1.03011,1.03022,1.50,1.50
2013.07.24 16:27:22.804,1.03013,1.03025,3.00,1.32
2013.07.24 16:27:23.105,1.03017,1.03026,1.50,2.25
2013.07.24 16:27:23.403,1.03013,1.03025,1.50,1.13
2013.07.24 16:27:24.273,1.03013,1.03024,1.69,1.50
2013.07.24 16:27:24.723,1.03012,1.03023,1.69,1.50
2013.07.24 16:27:25.683,1.03011,1.03023,4.32,1.50
2013.07.24 16:27:26.223,1.03011,1.03022,2.82,2.25
2013.07.24 16:27:26.604,1.03011,1.0302,2.82,2.25
2013.07.24 16:27:27.693,1.03011,1.0302,2.82,1.50
2013.07.24 16:27:28.242,1.03011,1.03021,2.82,1.50
2013.07.24 16:27:29.774,1.03011,1.03022,1.88,2.25
2013.07.24 16:27:30.289,1.03011,1.03022,1.88,1.50
2013.07.24 16:27:32.663,1.03011,1.03022,1.13,1.50
2013.07.24 16:27:33.352,1.03009,1.03022,3.94,2.25
2013.07.24 16:27:36.833,1.03009,1.03022,2.25,4.13
2013.07.24 16:27:37.762,1.03009,1.03022,2.25,3.38
2013.07.24 16:27:38.389,1.03009,1.03022,3.00,2.63
2013.07.24 16:27:39.733,1.0301,1.03022,1.50,1.88
2013.07.24 16:27:40.065,1.0301,1.03022,1.50,1.88
2013.07.24 16:27:40.503,1.0301,1.03022,1.50,1.88
2013.07.24 16:27:42.423,1.03011,1.03022,1.50,1.13
2013.07.24 16:27:42.963,1.03012,1.03022,1.50,1.13
2013.07.24 16:27:46.563,1.03011,1.03023,2.25,3.00
2013.07.24 16:27:50.563,1.0301,1.03022,1.50,1.50
2013.07.24 16:27:52.983,1.03011,1.03022,1.50,1.32
2013.07.24 16:27:54.604,1.0301,1.03022,1.50,1.88
2013.07.24 16:27:57.246,1.0301,1.03022,2.63,2.63
2013.07.24 16:27:58.923,1.0301,1.03022,2.63,1.88
2013.07.24 16:28:00.433,1.0301,1.03022,2.25,1.88
2013.07.24 16:28:06.645,1.03012,1.03023,1.50,3.00
2013.07.24 16:28:07.004,1.03013,1.03023,1.50,2.25
2013.07.24 16:28:08.873,1.03012,1.03024,2.44,3.00
2013.07.24 16:28:10.493,1.03012,1.03019,2.44,1.43
2013.07.24 16:28:10.853,1.03007,1.03016,1.50,1.13
2013.07.24 16:28:12.473,1.03004,1.03016,1.88,1.88
2013.07.24 16:28:13.013,1.03003,1.03016,1.50,3.38
2013.07.24 16:28:14.993,1.03003,1.03015,1.50,1.50
2013.07.24 16:28:15.744,1.03002,1.03014,3.57,1.50
2013.07.24 16:28:17.703,1.03003,1.03015,2.25,1.50
2013.07.24 16:28:18.374,1.03003,1.03014,1.50,2.63
2013.07.24 16:28:18.672,1.03001,1.03014,1.50,2.63
2013.07.24 16:28:19.353,1.03001,1.03014,1.50,3.38
2013.07.24 16:28:21.164,1.03001,1.03009,1.50,1.13
2013.07.24 16:28:21.342,1.02997,1.03009,1.88,1.13
2013.07.24 16:28:24.284,1.02997,1.03007,2.63,1.13
2013.07.24 16:28:24.644,1.02993,1.03004,1.50,1.13
2013.07.24 16:28:24.888,1.02992,1.03005,1.69,3.38
2013.07.24 16:28:25.402,1.02992,1.03003,1.69,1.50
2013.07.24 16:28:28.193,1.02992,1.03004,1.50,2.25
2013.07.24 16:28:28.253,1.02992,1.03004,3.00,1.50
2013.07.24 16:28:28.494,1.02993,1.03007,3.75,2.63
2013.07.24 16:28:28.553,1.02994,1.03007,2.25,1.88
2013.07.24 16:28:29.103,1.02996,1.03008,1.50,2.82
2013.07.24 16:28:29.463,1.02998,1.03009,1.50,2.07
2013.07.24 16:28:30.022,1.02997,1.03007,1.50,1.50
2013.07.24 16:28:30.893,1.02997,1.03004,1.50,1.13
2013.07.24 16:28:31.073,1.02994,1.03003,3.75,1.13
2013.07.24 16:28:31.444,1.02992,1.03003,1.50,1.88
2013.07.24 16:28:31.864,1.02993,1.03005,1.50,3.38
2013.07.24 16:28:32.043,1.02993,1.03005,2.25,2.25
2013.07.24 16:28:32.164,1.02995,1.03007,1.50,3.75
2013.07.24 16:28:32.473,1.02996,1.03007,1.50,3.00
2013.07.24 16:28:33.003,1.02996,1.03007,1.50,1.50
2013.07.24 16:28:34.953,1.02996,1.03009,2.25,2.63
2013.07.24 16:28:35.853,1.02996,1.03006,1.50,1.50
2013.07.24 16:28:36.514,1.02997,1.03009,1.50,4.50
2013.07.24 16:28:38.313,1.02996,1.03009,2.25,4.41
2013.07.24 16:28:38.573,1.02996,1.03008,1.50,1.59
2013.07.24 16:28:38.752,1.02994,1.03006,1.69,1.13
2013.07.24 16:28:40.163,1.02994,1.03006,1.50,2.25
2013.07.24 16:28:41.163,1.02995,1.03007,1.50,1.50
2013.07.24 16:28:50.671,1.02993,1.03006,2.82,1.50
2013.07.24 16:28:51.260,1.02995,1.03007,1.50,2.44
2013.07.24 16:29:01.353,1.02995,1.03007,1.50,3.19
2013.07.24 16:29:01.713,1.02996,1.03008,1.50,2.44
2013.07.24 16:29:03.113,1.02998,1.03009,1.50,3.57
2013.07.24 16:29:03.172,1.02998,1.03009,1.50,3.38
2013.07.24 16:29:05.873,1.02998,1.03009,1.50,1.88
2013.07.24 16:29:07.766,1.02997,1.03009,1.88,2.63
2013.07.24 16:29:08.304,1.02997,1.03009,1.13,2.63
2013.07.24 16:29:13.903,1.02998,1.03009,1.35,2.25
2013.07.24 16:29:14.143,1.03,1.03012,1.88,3.19
2013.07.24 16:29:14.773,1.03,1.03012,1.88,1.69
2013.07.24 16:29:16.043,1.03001,1.03013,8.09,3.57
2013.07.24 16:29:16.402,1.03007,1.03017,1.50,1.50
2013.07.24 16:29:16.522,1.03008,1.03022,1.88,1.69
2013.07.24 16:29:19.602,1.0301,1.03022,1.13,1.50
2013.07.24 16:29:19.843,1.03011,1.03024,1.88,2.25
2013.07.24 16:29:20.393,1.03011,1.03024,3.00,2.25
2013.07.24 16:29:34.994,1.03013,1.03025,2.25,3.00
2013.07.24 16:29:35.055,1.03014,1.03026,1.13,2.25
2013.07.24 16:29:35.176,1.03017,1.03028,1.13,1.50
2013.07.24 16:29:35.294,1.03017,1.03029,1.88,1.50
2013.07.24 16:29:35.354,1.03019,1.03031,2.25,2.25
2013.07.24 16:29:35.415,1.03019,1.03031,2.25,1.50
2013.07.24 16:29:35.863,1.03019,1.03028,2.25,1.13
2013.07.24 16:29:36.498,1.03019,1.03028,1.50,1.13
2013.07.24 16:29:38.353,1.03018,1.03028,1.50,1.13
2013.07.24 16:29:41.043,1.03018,1.03028,2.25,1.13
2013.07.24 16:29:45.203,1.03018,1.03028,2.25,1.88
2013.07.24 16:29:59.513,1.03018,1.0303,3.00,1.50
2013.07.24 16:30:01.125,1.03019,1.0303,2.25,1.50
2013.07.24 16:30:23.903,1.0302,1.03031,1.50,1.50
2013.07.24 16:30:25.193,1.0302,1.03031,1.50,1.50
2013.07.24 16:30:32.503,1.0302,1.03031,1.88,1.50
2013.07.24 16:30:40.283,1.0302,1.03031,4.50,1.50
2013.07.24 16:30:44.413,1.0302,1.03031,3.19,1.50
2013.07.24 16:30:55.843,1.0302,1.03032,1.88,2.25
2013.07.24 16:30:56.383,1.03023,1.03031,1.50,1.50
2013.07.24 16:30:56.684,1.03021,1.03031,1.50,1.50
2013.07.24 16:31:05.573,1.0302,1.03031,3.94,1.50
2013.07.24 16:31:06.252,1.0302,1.03031,3.19,1.50
2013.07.24 16:31:07.683,1.0302,1.03031,4.69,1.50
2013.07.24 16:31:17.653,1.03022,1.03032,1.50,1.50
2013.07.24 16:31:19.043,1.03021,1.03032,3.00,2.25
2013.07.24 16:31:21.283,1.03021,1.03032,3.00,2.25
2013.07.24 16:31:24.043,1.03021,1.0303,1.50,1.50
2013.07.24 16:31:24.103,1.03019,1.03028,2.25,1.13
2013.07.24 16:31:24.643,1.03019,1.03028,2.25,1.13
2013.07.24 16:31:25.363,1.03019,1.03029,2.25,1.88
2013.07.24 16:31:25.963,1.03019,1.03029,2.25,1.88
2013.07.24 16:31:26.613,1.03019,1.03029,2.25,1.88
2013.07.24 16:31:27.263,1.03019,1.03029,2.25,1.88
2013.07.24 16:31:35.373,1.03018,1.03028,1.88,1.13
2013.07.24 16:31:36.123,1.03018,1.03027,1.13,1.13
2013.07.24 16:31:36.184,1.03018,1.03025,1.13,1.50
2013.07.24 16:31:36.543,1.03015,1.03024,1.13,1.13
2013.07.24 16:31:36.723,1.03016,1.03027,1.13,3.00
2013.07.24 16:31:37.356,1.03019,1.03028,1.50,1.13
2013.07.24 16:31:37.900,1.0302,1.03028,1.50,1.13
2013.07.24 16:31:38.373,1.03016,1.03028,1.50,1.88
2013.07.24 16:31:38.493,1.03016,1.03028,1.13,1.88
2013.07.24 16:31:39.153,1.03016,1.03028,1.50,2.63
2013.07.24 16:31:39.776,1.03016,1.03028,1.50,2.63
2013.07.24 16:31:44.733,1.03016,1.03028,2.25,1.88
2013.07.24 16:31:45.257,1.03016,1.03027,1.50,2.25
2013.07.24 16:31:51.577,1.03016,1.03026,2.25,1.50
2013.07.24 16:31:51.695,1.03016,1.03025,1.50,1.50
2013.07.24 16:31:52.430,1.03016,1.03025,1.13,1.88
2013.07.24 16:31:54.883,1.03014,1.03023,2.07,1.50
2013.07.24 16:31:56.005,1.03016,1.03023,1.13,1.50
2013.07.24 16:31:58.393,1.03016,1.03024,1.13,1.50
2013.07.24 16:31:58.513,1.03017,1.03027,1.13,2.25
2013.07.24 16:31:58.573,1.03017,1.03026,1.13,1.50
2013.07.24 16:31:58.873,1.03017,1.03026,1.13,1.50
2013.07.24 16:31:59.414,1.03017,1.03027,1.13,2.25
2013.07.24 16:31:59.943,1.03017,1.03027,1.13,2.25
2013.07.24 16:32:01.613,1.03017,1.03027,1.13,2.25
2013.07.24 16:32:04.634,1.03016,1.03027,2.25,2.25
2013.07.24 16:32:04.993,1.03019,1.0303,1.50,1.69
2013.07.24 16:32:05.499,1.0302,1.0303,2.25,1.69
2013.07.24 16:32:06.324,1.03019,1.0303,2.25,1.69
2013.07.24 16:32:06.883,1.03019,1.0303,1.50,1.50
2013.07.24 16:32:06.943,1.03019,1.0303,3.00,1.50
2013.07.24 16:32:07.783,1.0302,1.03032,1.50,2.07
2013.07.24 16:32:25.873,1.0302,1.0303,2.25,1.13
2013.07.24 16:32:26.413,1.03019,1.0303,1.50,1.88
2013.07.24 16:32:32.524,1.03017,1.03029,1.50,1.88
2013.07.24 16:32:32.643,1.03017,1.03029,1.50,2.63
2013.07.24 16:32:34.196,1.03015,1.03027,3.00,1.50
2013.07.24 16:32:34.882,1.03016,1.03027,1.13,1.50
2013.07.24 16:32:35.123,1.03012,1.03025,3.00,3.00
2013.07.24 16:32:35.665,1.03011,1.03024,3.57,2.25
2013.07.24 16:32:36.183,1.03011,1.03023,2.44,2.25
2013.07.24 16:32:37.324,1.0301,1.03022,2.44,1.50
2013.07.24 16:32:39.044,1.0301,1.03022,2.07,1.50
2013.07.24 16:32:40.858,1.03012,1.03022,2.33,1.50
2013.07.24 16:32:41.163,1.03015,1.03027,2.63,2.25
2013.07.24 16:32:41.403,1.03016,1.03028,1.88,1.32
2013.07.24 16:32:43.794,1.03016,1.03028,3.00,2.07
2013.07.24 16:32:44.343,1.03015,1.03027,1.13,1.50
2013.07.24 16:32:44.524,1.03013,1.03026,3.19,1.13
2013.07.24 16:32:45.063,1.03013,1.03026,1.69,1.88
2013.07.24 16:32:45.451,1.03013,1.03026,1.69,1.88
2013.07.24 16:32:45.574,1.03013,1.03024,1.69,1.50
2013.07.24 16:32:47.545,1.03012,1.03023,1.50,1.13
2013.07.24 16:32:48.183,1.03014,1.03023,1.13,1.13
2013.07.24 16:32:48.304,1.03015,1.03026,1.13,2.25
2013.07.24 16:32:48.423,1.03015,1.03027,1.88,1.13
2013.07.24 16:32:48.963,1.03016,1.03028,2.63,1.13
2013.07.24 16:32:52.293,1.03017,1.03028,1.50,1.13
2013.07.24 16:32:54.233,1.03018,1.0303,2.10,2.44
2013.07.24 16:32:55.883,1.03018,1.0303,3.23,1.50
2013.07.24 16:32:57.223,1.03019,1.03031,1.50,2.07
2013.07.24 16:32:58.062,1.03019,1.03031,1.50,2.82
2013.07.24 16:33:04.686,1.03021,1.03032,1.88,2.25
2013.07.24 16:33:05.044,1.03021,1.03033,3.38,1.50
2013.07.24 16:33:14.684,1.03023,1.03034,1.50,1.69
2013.07.24 16:33:15.044,1.03026,1.03034,1.13,1.50
2013.07.24 16:33:15.163,1.03028,1.03036,1.50,1.50
2013.07.24 16:33:15.404,1.03028,1.03041,3.38,1.69
2013.07.24 16:33:15.935,1.03029,1.03042,1.50,3.94
2013.07.24 16:33:16.313,1.0303,1.03042,2.25,3.19
2013.07.24 16:33:17.621,1.03031,1.03042,1.50,2.25
2013.07.24 16:33:28.483,1.03031,1.03042,2.25,3.57
2013.07.24 16:33:30.835,1.0303,1.03042,1.50,4.32
2013.07.24 16:33:38.654,1.03031,1.03042,2.63,2.44
2013.07.24 16:33:38.713,1.03032,1.03044,1.13,2.25
2013.07.24 16:33:38.773,1.03032,1.03044,1.13,1.50
2013.07.24 16:33:40.783,1.03032,1.03044,1.13,2.25
2013.07.24 16:33:50.514,1.03032,1.03044,1.88,1.50
2013.07.24 16:33:53.654,1.03032,1.03044,2.63,2.44
2013.07.24 16:33:54.623,1.03032,1.03044,2.63,2.25
2013.07.24 16:33:59.843,1.03032,1.03044,2.63,2.44
2013.07.24 16:34:06.073,1.03032,1.03044,1.13,2.44
2013.07.24 16:34:07.851,1.03032,1.03044,1.13,2.25
2013.07.24 16:34:09.004,1.03032,1.03044,1.13,2.44
2013.07.24 16:34:09.363,1.03035,1.03046,1.50,1.50
2013.07.24 16:34:10.253,1.03034,1.03045,2.25,1.50
2013.07.24 16:34:10.770,1.03033,1.03045,2.25,1.50
2013.07.24 16:34:13.754,1.03033,1.03045,2.25,2.82
2013.07.24 16:34:15.293,1.03033,1.03044,1.50,1.32
2013.07.24 16:34:17.784,1.0303,1.03042,3.00,1.88
2013.07.24 16:34:17.903,1.03029,1.03041,1.88,2.25
2013.07.24 16:34:18.263,1.03027,1.03039,2.25,1.88
2013.07.24 16:34:20.677,1.03028,1.03038,1.50,1.50
2013.07.24 16:34:21.544,1.03028,1.0304,2.25,1.50
2013.07.24 16:34:22.653,1.03028,1.0304,2.25,1.88
2013.07.24 16:34:24.789,1.03028,1.03039,1.88,1.88
2013.07.24 16:34:25.796,1.03028,1.03039,1.88,1.88
2013.07.24 16:34:26.346,1.03028,1.03039,1.88,2.07
2013.07.24 16:34:27.204,1.03028,1.03039,1.88,1.88
2013.07.24 16:34:29.813,1.03028,1.03039,1.88,2.82
2013.07.24 16:34:30.919,1.03028,1.03039,1.88,2.63
2013.07.24 16:34:32.804,1.03028,1.03039,1.88,2.82
2013.07.24 16:34:37.124,1.03028,1.03039,1.88,2.63
2013.07.24 16:34:38.883,1.03028,1.03039,1.88,2.82
2013.07.24 16:34:42.164,1.03028,1.03039,1.88,2.63
2013.07.24 16:34:43.853,1.03028,1.03039,1.13,3.38
2013.07.24 16:34:58.993,1.03026,1.03037,1.13,1.50
2013.07.24 16:34:59.114,1.03025,1.03037,1.13,1.50
2013.07.24 16:34:59.173,1.03025,1.03037,1.13,1.50
2013.07.24 16:34:59.713,1.03024,1.03035,1.50,2.25
2013.07.24 16:35:00.434,1.03023,1.03035,2.25,3.00
2013.07.24 16:35:00.983,1.03022,1.03035,4.13,3.00
2013.07.24 16:35:01.474,1.03023,1.03033,1.50,1.50
2013.07.24 16:35:03.353,1.03023,1.03033,1.50,1.50
2013.07.24 16:35:03.893,1.03023,1.03035,1.50,3.00
2013.07.24 16:35:05.323,1.03023,1.03035,1.50,2.25
2013.07.24 16:35:06.293,1.03023,1.03033,1.50,1.50
2013.07.24 16:35:07.034,1.03023,1.03033,1.50,1.50
2013.07.24 16:35:07.574,1.03024,1.03033,2.25,1.50
2013.07.24 16:35:07.639,1.03024,1.03035,2.25,2.25
2013.07.24 16:35:12.423,1.03024,1.03035,2.25,2.25
2013.07.24 16:35:12.974,1.03023,1.03035,2.25,3.00
2013.07.24 16:35:15.444,1.03024,1.03035,1.50,3.00
2013.07.24 16:35:15.983,1.03025,1.03036,1.50,3.00
2013.07.24 16:35:16.634,1.03024,1.03034,1.50,1.69
2013.07.24 16:35:16.753,1.03022,1.03033,2.63,1.13
2013.07.24 16:35:16.993,1.0302,1.03032,2.63,1.50
2013.07.24 16:35:17.053,1.0302,1.03031,1.88,2.25
2013.07.24 16:35:17.977,1.03017,1.0303,2.63,1.88
2013.07.24 16:35:20.633,1.03018,1.0303,1.50,1.13
2013.07.24 16:35:21.193,1.03018,1.03029,2.25,1.13
2013.07.24 16:35:21.743,1.0302,1.03029,1.13,1.13
2013.07.24 16:35:22.301,1.03021,1.0303,1.50,1.32
2013.07.24 16:35:22.883,1.03021,1.0303,1.50,1.32
2013.07.24 16:35:23.535,1.03022,1.03031,1.13,1.69
2013.07.24 16:35:24.073,1.03021,1.03031,1.88,1.69
2013.07.24 16:35:26.853,1.03019,1.0303,1.35,1.13
2013.07.24 16:35:27.385,1.03019,1.0303,1.35,2.25
2013.07.24 16:35:30.113,1.03017,1.03029,2.10,2.07
2013.07.24 16:35:31.823,1.03017,1.03027,1.35,1.50
2013.07.24 16:35:31.943,1.03015,1.03027,1.69,1.50
2013.07.24 16:35:32.123,1.03013,1.03027,2.25,3.75
2013.07.24 16:35:33.603,1.03013,1.03026,2.25,3.00
2013.07.24 16:35:34.144,1.03014,1.03026,1.50,3.00
2013.07.24 16:35:34.663,1.03015,1.03027,2.25,1.69
2013.07.24 16:35:35.313,1.03015,1.03026,1.50,1.69
2013.07.24 16:35:36.373,1.03015,1.03026,1.50,1.69
2013.07.24 16:35:38.816,1.03015,1.03026,1.50,1.69
2013.07.24 16:35:42.083,1.03015,1.03026,1.50,1.69
2013.07.24 16:35:45.014,1.03016,1.03027,1.50,1.50
2013.07.24 16:35:55.933,1.03015,1.03028,3.00,3.19
2013.07.24 16:36:01.694,1.03015,1.03027,1.50,3.00
2013.07.24 16:36:07.053,1.03015,1.03027,1.50,3.00
2013.07.24 16:36:07.544,1.03017,1.03027,1.50,1.50
2013.07.24 16:36:11.284,1.03016,1.03025,2.25,2.25
2013.07.24 16:36:11.348,1.03013,1.03025,1.13,3.75
2013.07.24 16:36:11.415,1.03011,1.03021,2.63,1.50
2013.07.24 16:36:11.973,1.03011,1.03021,1.50,1.50
2013.07.24 16:36:16.004,1.03011,1.03021,1.88,1.50
2013.07.24 16:36:17.594,1.0301,1.03021,2.25,2.25
2013.07.24 16:36:24.863,1.03007,1.0302,2.63,1.32
2013.07.24 16:36:24.983,1.03007,1.03019,1.13,1.50
2013.07.24 16:36:27.495,1.03007,1.03017,1.13,1.50
2013.07.24 16:36:27.674,1.03005,1.03016,1.13,1.13
2013.07.24 16:36:28.099,1.03006,1.03017,2.25,2.25
2013.07.24 16:36:28.694,1.03007,1.03019,1.13,3.19
2013.07.24 16:36:31.574,1.03007,1.03019,1.13,1.69
2013.07.24 16:36:31.814,1.03016,1.03025,1.50,2.07
2013.07.24 16:36:31.874,1.03013,1.0302,1.50,1.50
2013.07.24 16:36:31.933,1.03013,1.03025,1.50,1.32
2013.07.24 16:36:31.994,1.03013,1.03025,1.50,2.07
2013.07.24 16:36:32.173,1.03012,1.03024,1.13,1.50
2013.07.24 16:36:33.589,1.03012,1.03023,1.13,2.25
2013.07.24 16:36:34.076,1.03017,1.03023,2.10,2.25
2013.07.24 16:36:34.434,1.03026,1.03033,1.13,3.38
2013.07.24 16:36:34.614,1.03026,1.03038,2.48,1.13
2013.07.24 16:36:34.734,1.03029,1.0304,1.50,1.50
2013.07.24 16:36:35.823,1.03029,1.0304,2.25,1.50
2013.07.24 16:36:37.763,1.03029,1.03042,2.25,2.82
2013.07.24 16:36:42.953,1.03029,1.03041,1.50,1.50
2013.07.24 16:36:49.007,1.03029,1.03041,1.50,1.88
2013.07.24 16:36:49.077,1.03029,1.03037,1.50,1.88
2013.07.24 16:36:49.434,1.03028,1.03034,1.50,1.50
2013.07.24 16:36:49.554,1.03024,1.03034,1.50,1.50
2013.07.24 16:36:49.794,1.03021,1.03034,4.32,3.00
2013.07.24 16:36:56.469,1.03021,1.03033,2.63,1.50
2013.07.24 16:37:03.343,1.03027,1.03033,2.10,1.13
2013.07.24 16:37:03.583,1.03027,1.03035,2.48,1.50
2013.07.24 16:37:03.643,1.03024,1.03035,4.92,1.50
2013.07.24 16:37:03.703,1.03024,1.03035,4.92,2.63
2013.07.24 16:37:04.704,1.03023,1.03034,2.85,1.50
2013.07.24 16:37:09.247,1.03023,1.03034,4.17,2.25
2013.07.24 16:37:09.427,1.03024,1.03035,1.28,1.50
2013.07.24 16:37:09.606,1.03024,1.03037,3.15,2.07
2013.07.24 16:37:10.134,1.03025,1.03038,2.25,3.94
2013.07.24 16:37:10.675,1.03026,1.03038,3.00,1.69
2013.07.24 16:37:11.255,1.03026,1.03038,3.00,2.44
2013.07.24 16:37:13.634,1.03027,1.03038,1.13,2.44
2013.07.24 16:37:19.764,1.03026,1.03037,1.50,1.50
2013.07.24 16:37:28.485,1.03025,1.03037,1.50,1.50
2013.07.24 16:37:40.909,1.03024,1.03035,1.73,1.50
2013.07.24 16:37:42.063,1.03024,1.03037,2.63,1.69
2013.07.24 16:37:42.504,1.03025,1.03038,1.50,3.19
2013.07.24 16:37:42.803,1.03026,1.03039,3.00,3.57
2013.07.24 16:37:43.664,1.03026,1.03038,2.25,2.44
2013.07.24 16:37:44.213,1.03026,1.03038,1.50,1.69
2013.07.24 16:37:45.914,1.03027,1.03038,1.13,1.69
2013.07.24 16:37:47.333,1.03026,1.03038,2.25,1.69
2013.07.24 16:37:58.173,1.03028,1.03039,2.85,1.50
2013.07.24 16:37:58.295,1.0303,1.03039,2.10,1.50
2013.07.24 16:38:01.754,1.0303,1.03039,2.10,1.50
2013.07.24 16:38:15.176,1.03028,1.03038,2.82,1.50
2013.07.24 16:38:15.356,1.03025,1.03032,2.44,1.13
2013.07.24 16:38:15.776,1.03023,1.03034,1.50,2.63
2013.07.24 16:38:16.509,1.0302,1.03032,3.42,1.50
2013.07.24 16:38:19.850,1.03023,1.03032,2.10,1.50
2013.07.24 16:38:27.550,1.03021,1.03032,1.88,2.25
2013.07.24 16:38:32.645,1.03021,1.03032,1.32,2.25
2013.07.24 16:38:32.824,1.03023,1.03035,1.88,1.50
2013.07.24 16:38:32.944,1.03023,1.03037,4.50,1.88
2013.07.24 16:38:35.866,1.03024,1.03037,1.88,1.69
2013.07.24 16:38:36.644,1.03026,1.03037,1.50,2.44
2013.07.24 16:38:36.966,1.03036,1.03041,1.50,1.13
2013.07.24 16:38:37.028,1.03037,1.03047,1.13,1.50
2013.07.24 16:38:37.215,1.03037,1.03049,2.63,3.19
2013.07.24 16:38:37.634,1.03035,1.03047,1.50,1.50
2013.07.24 16:38:37.694,1.03033,1.03047,3.57,3.00
2013.07.24 16:38:38.235,1.03033,1.03046,2.82,2.25
2013.07.24 16:38:38.595,1.03033,1.03045,2.82,1.13
2013.07.24 16:38:39.179,1.03032,1.03042,1.50,1.13
2013.07.24 16:38:42.354,1.03032,1.03042,1.50,1.13
2013.07.24 16:38:42.655,1.03037,1.03044,1.13,1.13
2013.07.24 16:38:42.834,1.03037,1.03047,1.13,2.25
2013.07.24 16:38:43.015,1.03037,1.03049,1.88,3.19
2013.07.24 16:38:43.624,1.03038,1.0305,2.63,1.50
2013.07.24 16:38:44.169,1.03038,1.03051,2.63,2.44
2013.07.24 16:38:45.106,1.03038,1.0305,2.63,1.35
2013.07.24 16:38:45.624,1.03038,1.0305,2.63,2.10
2013.07.24 16:38:46.201,1.03038,1.0305,2.63,1.35
2013.07.24 16:38:46.554,1.03038,1.0305,1.88,2.10
2013.07.24 16:38:47.034,1.03034,1.03047,1.88,2.25
2013.07.24 16:38:47.330,1.03034,1.03047,1.13,3.75
2013.07.24 16:38:48.245,1.03033,1.03045,1.50,1.13
2013.07.24 16:38:49.765,1.03033,1.03045,1.50,2.25
2013.07.24 16:38:52.904,1.03036,1.03045,1.73,3.00
2013.07.24 16:38:53.145,1.03035,1.03047,3.60,1.50
2013.07.24 16:38:53.205,1.03035,1.03047,1.13,2.25
2013.07.24 16:38:54.124,1.03033,1.03045,1.69,1.50
2013.07.24 16:38:55.604,1.03036,1.03045,2.10,1.50
2013.07.24 16:38:55.844,1.03035,1.03047,2.25,1.50
2013.07.24 16:38:55.903,1.03035,1.03047,1.50,1.50
2013.07.24 16:38:55.964,1.03035,1.03047,1.50,2.25
2013.07.24 16:38:56.085,1.03035,1.03047,2.25,2.25
2013.07.24 16:38:57.189,1.03036,1.03047,1.50,1.50
2013.07.24 16:38:57.715,1.03036,1.03047,2.25,2.25
2013.07.24 16:38:57.775,1.03034,1.03047,1.50,3.38
2013.07.24 16:38:57.894,1.03034,1.03046,1.50,1.88
2013.07.24 16:38:58.074,1.0303,1.03042,1.35,2.63
2013.07.24 16:38:58.376,1.03029,1.0304,3.23,1.50
2013.07.24 16:39:06.344,1.0303,1.03038,1.35,2.25
2013.07.24 16:39:14.144,1.03028,1.03039,4.73,1.50
2013.07.24 16:39:22.385,1.03027,1.03034,2.25,1.50
2013.07.24 16:39:22.445,1.03027,1.03034,1.50,1.50
2013.07.24 16:39:22.625,1.03022,1.03033,1.50,1.13
2013.07.24 16:39:22.807,1.03023,1.03032,3.08,2.25
2013.07.24 16:39:23.164,1.03027,1.03037,1.13,2.25
2013.07.24 16:39:23.284,1.03027,1.03038,1.13,1.50
2013.07.24 16:39:23.834,1.03027,1.03039,1.13,1.88
2013.07.24 16:39:23.894,1.03027,1.03039,1.13,1.88
2013.07.24 16:39:24.488,1.03027,1.03039,2.25,1.50
2013.07.24 16:39:24.555,1.03027,1.03038,2.25,1.13
2013.07.24 16:39:24.914,1.03024,1.03037,2.07,3.00
2013.07.24 16:39:24.977,1.03025,1.03037,1.50,1.50
2013.07.24 16:39:25.104,1.03024,1.03037,2.07,1.50
2013.07.24 16:39:25.284,1.03023,1.03035,2.25,1.50
2013.07.24 16:39:25.798,1.03022,1.03035,3.57,1.50
2013.07.24 16:39:26.115,1.03019,1.03031,1.50,1.13
2013.07.24 16:39:26.235,1.03018,1.0303,2.25,1.88
2013.07.24 16:39:26.985,1.03018,1.03031,1.50,2.44
2013.07.24 16:39:27.108,1.0302,1.03031,1.13,1.69
2013.07.24 16:39:27.304,1.03018,1.03031,4.28,1.69
2013.07.24 16:39:27.544,1.03018,1.03029,1.50,1.50
2013.07.24 16:39:28.048,1.03017,1.03028,1.88,1.13
2013.07.24 16:39:28.114,1.03016,1.03025,1.50,1.13
2013.07.24 16:39:28.354,1.03013,1.03023,1.13,1.13
2013.07.24 16:39:28.905,1.03013,1.03024,1.13,1.50
2013.07.24 16:39:29.026,1.03013,1.03026,1.88,1.69
2013.07.24 16:39:29.087,1.03013,1.03025,1.88,1.50
2013.07.24 16:39:29.566,1.0301,1.03022,1.69,3.38
2013.07.24 16:39:30.354,1.03012,1.03022,1.88,1.50
2013.07.24 16:39:31.061,1.03012,1.03023,1.88,3.00
2013.07.24 16:39:31.704,1.0301,1.03022,2.07,1.88
2013.07.24 16:39:32.064,1.0301,1.03021,1.32,1.50
2013.07.24 16:39:32.364,1.03012,1.03023,1.13,1.50
2013.07.24 16:39:33.144,1.0301,1.03015,1.32,1.13
2013.07.24 16:39:33.264,1.03007,1.03015,3.00,1.13
2013.07.24 16:39:33.324,1.03005,1.03015,1.88,1.13
2013.07.24 16:39:33.385,1.0301,1.03017,1.13,2.25
2013.07.24 16:39:33.624,1.03008,1.03018,2.25,1.50
2013.07.24 16:39:33.864,1.03007,1.0302,3.38,1.50
2013.07.24 16:39:35.355,1.0301,1.0302,1.13,1.50
2013.07.24 16:39:36.106,1.0301,1.03022,3.38,2.25
2013.07.24 16:39:36.644,1.0301,1.03022,1.50,1.13
2013.07.24 16:39:36.884,1.03008,1.03021,1.50,1.50
2013.07.24 16:39:37.275,1.03007,1.03019,2.82,1.50
2013.07.24 16:39:38.154,1.03007,1.03015,2.07,1.13
2013.07.24 16:39:38.275,1.03005,1.03015,1.50,1.88
2013.07.24 16:39:38.334,1.03004,1.03014,1.13,1.13
2013.07.24 16:39:38.394,1.03003,1.03015,1.13,2.63
2013.07.24 16:39:38.874,1.03003,1.03016,3.38,1.50
2013.07.24 16:39:38.934,1.03004,1.03017,3.00,2.44
2013.07.24 16:39:39.404,1.03007,1.03018,1.50,1.50
2013.07.24 16:39:39.995,1.03007,1.03018,3.00,1.50
2013.07.24 16:39:42.524,1.03007,1.03018,3.38,1.50
2013.07.24 16:39:42.825,1.03004,1.03014,1.50,1.69
2013.07.24 16:39:42.885,1.03002,1.03013,1.13,1.88
2013.07.24 16:39:43.384,1.03001,1.03012,1.50,2.63
2013.07.24 16:39:44.024,1.03001,1.03012,1.88,1.88
2013.07.24 16:39:44.574,1.03001,1.03012,1.50,1.13
2013.07.24 16:39:46.044,1.03001,1.03012,2.85,1.13
2013.07.24 16:39:46.404,1.03004,1.03016,1.50,1.69
2013.07.24 16:39:47.087,1.03005,1.03017,3.00,3.19
2013.07.24 16:39:47.590,1.03005,1.03017,3.00,1.50
2013.07.24 16:39:47.917,1.03004,1.03015,2.63,1.50
2013.07.24 16:39:48.276,1.03005,1.03016,1.50,2.25
2013.07.24 16:39:48.947,1.03006,1.03016,1.13,1.50
2013.07.24 16:39:49.125,1.03006,1.03015,1.13,1.88
2013.07.24 16:39:49.256,1.03004,1.03014,1.13,1.13
2013.07.24 16:39:49.385,1.03002,1.03013,1.50,1.50
2013.07.24 16:39:51.084,1.03001,1.03012,2.82,1.13
2013.07.24 16:39:51.624,1.03001,1.03012,3.57,1.13
2013.07.24 16:39:54.924,1.03002,1.03013,1.13,2.25
2013.07.24 16:39:55.305,1.03005,1.03017,1.50,3.94
2013.07.24 16:39:55.845,1.03005,1.03017,2.25,2.44
2013.07.24 16:39:56.224,1.03006,1.03017,1.50,1.69
2013.07.24 16:39:56.847,1.03006,1.03018,2.25,1.32
2013.07.24 16:39:58.724,1.03006,1.03018,3.75,1.32
2013.07.24 16:40:00.656,1.0301,1.03019,1.13,2.07
2013.07.24 16:40:00.834,1.0301,1.03022,1.50,2.82
2013.07.24 16:40:01.434,1.03011,1.03022,1.43,2.07
2013.07.24 16:40:01.615,1.03014,1.03022,1.50,1.13
2013.07.24 16:40:04.645,1.03013,1.03023,2.25,1.50
2013.07.24 16:40:05.185,1.03013,1.03023,2.25,1.50
2013.07.24 16:40:05.718,1.03013,1.03023,2.25,1.50
2013.07.24 16:40:06.085,1.03014,1.03026,2.25,1.50
2013.07.24 16:40:06.445,1.03016,1.03027,2.25,1.50
2013.07.24 16:40:06.504,1.03015,1.03027,1.50,1.50
2013.07.24 16:40:06.926,1.03016,1.03027,2.25,1.50
2013.07.24 16:40:07.290,1.03017,1.03028,1.50,1.69
2013.07.24 16:40:07.367,1.03013,1.03023,2.44,1.13
2013.07.24 16:40:08.524,1.03013,1.03023,2.44,1.13
2013.07.24 16:40:08.966,1.03014,1.03026,1.13,2.25
2013.07.24 16:40:09.085,1.03015,1.03027,2.25,2.25
2013.07.24 16:40:09.389,1.03018,1.03029,1.50,1.50
2013.07.24 16:40:09.514,1.03018,1.03032,1.88,3.75
2013.07.24 16:40:10.594,1.03018,1.03025,1.50,1.13
2013.07.24 16:40:11.075,1.03014,1.03025,2.63,2.48
2013.07.24 16:40:12.345,1.03014,1.03024,1.88,1.50
2013.07.24 16:40:12.525,1.03016,1.03028,3.00,2.85
2013.07.24 16:40:12.764,1.03018,1.0303,3.60,3.19
2013.07.24 16:40:13.305,1.03018,1.03029,1.50,3.38
2013.07.24 16:40:14.566,1.03018,1.0303,1.50,1.50
2013.07.24 16:40:14.687,1.0302,1.0303,1.13,1.50
2013.07.24 16:40:15.191,1.0302,1.03031,1.13,1.88
2013.07.24 16:40:20.844,1.0302,1.03032,2.44,2.25
2013.07.24 16:40:21.384,1.03024,1.03037,1.69,2.25
2013.07.24 16:40:22.104,1.03023,1.03035,2.44,2.25
2013.07.24 16:40:23.685,1.03022,1.03034,2.82,1.50
2013.07.24 16:40:24.848,1.03022,1.03033,2.82,1.13
2013.07.24 16:40:25.214,1.03021,1.03032,2.25,1.13
2013.07.24 16:40:25.517,1.03021,1.03032,5.48,1.13
2013.07.24 16:40:25.824,1.03024,1.03035,2.25,1.13
2013.07.24 16:40:26.185,1.03027,1.03038,1.13,2.63
2013.07.24 16:40:26.364,1.03027,1.0304,2.63,1.50
2013.07.24 16:40:26.604,1.03027,1.03041,4.13,1.50
2013.07.24 16:40:27.162,1.03028,1.03042,1.50,1.69
2013.07.24 16:40:32.286,1.03027,1.03041,4.50,1.13
2013.07.24 16:40:32.524,1.03026,1.03035,2.25,1.50
2013.07.24 16:40:32.824,1.03024,1.03031,1.13,1.13
2013.07.24 16:40:33.184,1.03022,1.03032,1.88,1.88
2013.07.24 16:40:33.363,1.03019,1.03032,3.00,2.63
2013.07.24 16:40:36.734,1.0302,1.03032,3.75,2.63
2013.07.24 16:40:39.620,1.03021,1.03032,1.50,2.63
2013.07.24 16:40:45.157,1.0302,1.03032,2.25,2.63
2013.07.24 16:40:48.147,1.0302,1.03032,3.75,2.63
2013.07.24 16:40:48.843,1.03021,1.03032,2.25,1.50
2013.07.24 16:40:55.604,1.03022,1.03034,2.25,4.88
2013.07.24 16:40:55.784,1.03021,1.03031,1.69,1.50
2013.07.24 16:41:02.414,1.03019,1.03031,1.69,2.25
2013.07.24 16:41:02.714,1.03018,1.03028,1.69,1.50
2013.07.24 16:41:45.416,1.03018,1.0303,1.50,1.50
2013.07.24 16:42:05.221,1.03018,1.0303,1.73,1.50
2013.07.24 16:42:10.716,1.03018,1.0303,1.73,1.50
2013.07.24 16:42:24.656,1.03018,1.0303,1.73,1.50
2013.07.24 16:42:25.385,1.03018,1.03029,1.32,1.13
2013.07.24 16:42:25.687,1.03017,1.03027,1.50,1.88
2013.07.24 16:42:25.865,1.03013,1.03026,4.69,1.50
2013.07.24 16:42:26.584,1.03013,1.03026,4.69,1.50
2013.07.24 16:42:28.787,1.03014,1.03026,1.69,3.00
2013.07.24 16:42:29.516,1.03014,1.03026,1.69,3.00
2013.07.24 16:42:30.035,1.03017,1.03027,1.73,3.00
2013.07.24 16:42:30.595,1.03017,1.03028,1.73,1.50
2013.07.24 16:42:32.265,1.03017,1.03028,2.48,1.50
2013.07.24 16:42:34.224,1.03017,1.03028,3.23,1.50
2013.07.24 16:42:40.336,1.03017,1.03028,3.42,1.50
2013.07.24 16:42:58.234,1.03018,1.0303,1.32,2.25
2013.07.24 16:42:58.995,1.0302,1.03031,1.50,2.63
2013.07.24 16:43:04.857,1.0302,1.03031,1.50,2.25
2013.07.24 16:43:06.404,1.0302,1.03029,1.50,1.13
2013.07.24 16:43:07.043,1.03018,1.03029,2.25,1.13
2013.07.24 16:43:24.446,1.03018,1.03029,3.19,1.50
2013.07.24 16:43:26.164,1.03018,1.0303,3.75,2.25
2013.07.24 16:43:26.668,1.03018,1.0303,3.75,1.50
2013.07.24 16:43:32.790,1.03018,1.0303,3.75,1.88
2013.07.24 16:43:33.420,1.03018,1.03029,1.50,1.88
2013.07.24 16:43:34.844,1.03018,1.03029,1.50,1.88
2013.07.24 16:43:52.936,1.03018,1.03028,1.69,1.50
2013.07.24 16:43:57.575,1.03017,1.03028,1.50,1.50
2013.07.24 16:44:03.715,1.03017,1.03028,1.50,1.50
2013.07.24 16:44:07.624,1.03018,1.03028,1.50,1.50
2013.07.24 16:44:08.955,1.03018,1.0303,2.25,1.50
2013.07.24 16:44:09.814,1.03018,1.0303,2.25,1.50
2013.07.24 16:44:12.804,1.03018,1.0303,2.63,1.50
2013.07.24 16:44:29.234,1.0302,1.03031,1.50,1.50
2013.07.24 16:44:30.005,1.0302,1.03032,1.50,3.57
2013.07.24 16:44:30.445,1.0302,1.03031,1.50,2.44
2013.07.24 16:44:35.494,1.03018,1.0303,3.04,1.50
2013.07.24 16:44:48.174,1.03018,1.0303,3.04,1.50
2013.07.24 16:44:48.296,1.03018,1.03028,1.50,1.50
2013.07.24 16:44:48.536,1.03015,1.03028,1.50,3.00
2013.07.24 16:44:48.655,1.03014,1.03026,2.44,1.50
2013.07.24 16:44:50.415,1.03015,1.03026,1.50,1.50
2013.07.24 16:44:52.765,1.03014,1.03026,2.82,1.50
2013.07.24 16:44:52.824,1.03015,1.03028,1.50,4.13
2013.07.24 16:44:56.415,1.03016,1.03028,2.25,3.00
2013.07.24 16:44:58.395,1.03016,1.03028,2.25,3.00
2013.07.24 16:45:13.204,1.03015,1.03028,2.82,3.00
2013.07.24 16:45:13.325,1.03016,1.03028,1.50,2.63
2013.07.24 16:45:13.504,1.03015,1.03025,1.88,1.50
2013.07.24 16:45:13.625,1.03012,1.03024,1.50,3.00
2013.07.24 16:45:20.468,1.03012,1.03023,3.38,1.50
2013.07.24 16:45:20.655,1.03013,1.03025,1.50,1.13
2013.07.24 16:45:23.496,1.03013,1.03026,2.25,2.25
2013.07.24 16:45:27.053,1.03013,1.03026,3.00,3.38
2013.07.24 16:45:27.296,1.03011,1.03023,2.25,1.50
2013.07.24 16:45:28.615,1.03011,1.03022,1.50,1.13
2013.07.24 16:45:28.795,1.03009,1.0302,1.50,1.13
2013.07.24 16:45:28.915,1.03007,1.03018,1.13,1.13
2013.07.24 16:45:29.424,1.03007,1.03018,1.13,1.88
2013.07.24 16:45:32.454,1.03006,1.03018,1.88,1.13
2013.07.24 16:45:45.355,1.03006,1.03018,1.88,1.88
2013.07.24 16:45:59.515,1.03005,1.03014,1.50,1.50
2013.07.24 16:46:00.055,1.03002,1.03013,1.69,1.13
2013.07.24 16:46:00.754,1.03001,1.03013,2.44,1.13
2013.07.24 16:46:01.465,1.03001,1.03012,3.19,2.03
2013.07.24 16:46:01.765,1.02998,1.03009,2.25,1.50
2013.07.24 16:46:01.885,1.03,1.0301,1.50,1.50
2013.07.24 16:46:02.065,1.02999,1.0301,1.35,2.25
2013.07.24 16:46:03.602,1.02999,1.03012,3.79,3.38
2013.07.24 16:46:03.673,1.03,1.03012,1.13,2.63
2013.07.24 16:46:04.215,1.03002,1.03013,1.88,2.25
2013.07.24 16:46:05.055,1.03003,1.03012,1.13,1.13
2013.07.24 16:46:05.415,1.03004,1.03013,1.50,3.23
2013.07.24 16:46:08.674,1.03,1.03013,3.19,5.10
2013.07.24 16:46:10.664,1.02999,1.03011,3.94,1.50
2013.07.24 16:46:11.345,1.02999,1.0301,3.57,2.10
2013.07.24 16:46:16.854,1.02999,1.03004,1.69,2.10
2013.07.24 16:46:17.097,1.02997,1.03007,2.25,1.13
2013.07.24 16:46:17.652,1.02998,1.03008,1.50,1.50
2013.07.24 16:46:18.175,1.02998,1.03008,2.25,1.50
2013.07.24 16:46:18.296,1.02998,1.03002,1.50,1.50
2013.07.24 16:46:18.537,1.02996,1.03002,1.50,1.50
2013.07.24 16:46:18.655,1.02996,1.03004,1.13,2.10
2013.07.24 16:46:18.895,1.02996,1.03004,2.63,2.10
2013.07.24 16:46:19.625,1.02993,1.03004,1.39,2.10
2013.07.24 16:46:21.885,1.02994,1.03004,2.82,2.10
2013.07.24 16:46:22.125,1.02995,1.03007,2.25,2.25
2013.07.24 16:46:24.474,1.02996,1.03007,1.88,1.13
2013.07.24 16:46:24.726,1.02998,1.0301,1.88,2.25
2013.07.24 16:46:32.706,1.02998,1.03009,2.82,2.10
2013.07.24 16:46:48.875,1.02999,1.03011,1.50,2.25
2013.07.24 16:46:49.480,1.02999,1.03011,2.25,1.50
2013.07.24 16:46:53.215,1.03,1.03011,1.13,1.50
2013.07.24 16:46:54.345,1.03,1.03012,1.88,2.44
2013.07.24 16:47:01.964,1.03,1.03012,1.50,1.88
2013.07.24 16:47:06.274,1.03,1.03012,1.50,1.88
2013.07.24 16:47:06.574,1.03002,1.03013,2.25,2.48
2013.07.24 16:47:07.386,1.03002,1.03013,1.50,3.23
2013.07.24 16:47:12.684,1.03002,1.03013,2.63,1.50
2013.07.24 16:47:12.866,1.03004,1.03016,1.50,2.44
2013.07.24 16:47:13.106,1.03007,1.03018,1.50,2.07
2013.07.24 16:47:13.646,1.03007,1.03018,2.25,1.32
2013.07.24 16:47:13.708,1.03007,1.03018,2.25,1.32
2013.07.24 16:47:16.195,1.03006,1.03018,1.50,1.50
2013.07.24 16:47:16.855,1.03006,1.03018,1.50,1.50
2013.07.24 16:47:17.504,1.03007,1.03019,2.25,1.88
2013.07.24 16:47:17.915,1.03007,1.03019,2.63,1.13
2013.07.24 16:47:18.551,1.03008,1.03019,1.50,1.13
2013.07.24 16:47:23.880,1.03008,1.03019,1.13,1.13
2013.07.24 16:47:24.066,1.03007,1.03018,1.50,1.58
2013.07.24 16:47:24.184,1.03005,1.03018,2.44,3.83
2013.07.24 16:47:24.814,1.03005,1.03017,1.69,1.50
2013.07.24 16:47:25.504,1.03004,1.03016,2.22,1.13
2013.07.24 16:47:27.740,1.03004,1.03016,2.22,1.13
2013.07.24 16:47:28.564,1.03004,1.03016,2.22,1.13
2013.07.24 16:47:30.834,1.03005,1.03016,1.50,1.88
2013.07.24 16:47:36.254,1.03005,1.03017,1.50,3.00
2013.07.24 16:47:36.792,1.03005,1.03017,1.88,1.50
2013.07.24 16:47:38.128,1.03005,1.03017,2.07,1.50
2013.07.24 16:47:39.258,1.03005,1.03017,2.07,1.50
2013.07.24 16:47:39.805,1.03005,1.03017,1.50,1.50
2013.07.24 16:47:51.254,1.03005,1.03017,1.50,1.50
2013.07.24 16:47:51.631,1.03003,1.03015,1.69,3.00
2013.07.24 16:47:52.525,1.03002,1.03015,2.82,3.00
2013.07.24 16:47:53.635,1.03004,1.03015,1.88,2.25
2013.07.24 16:47:53.755,1.03005,1.03016,1.50,2.25
2013.07.24 16:47:54.285,1.03006,1.03017,2.25,2.25
2013.07.24 16:47:54.835,1.03006,1.03018,2.25,1.50
2013.07.24 16:47:56.334,1.03007,1.03018,1.88,1.50
2013.07.24 16:47:56.965,1.03007,1.03019,1.50,3.00
2013.07.24 16:47:58.954,1.03007,1.03019,3.60,1.13
2013.07.24 16:47:59.505,1.03009,1.03019,1.35,1.13
2013.07.24 16:48:03.471,1.03009,1.03019,2.10,1.13
2013.07.24 16:48:16.437,1.03008,1.03019,1.13,1.13
2013.07.24 16:48:16.557,1.03008,1.03019,1.13,2.63
2013.07.24 16:48:16.676,1.03005,1.03017,4.13,1.50
2013.07.24 16:48:17.215,1.03005,1.03017,2.25,1.50
2013.07.24 16:48:19.824,1.03005,1.03017,1.50,1.50
2013.07.24 16:48:21.665,1.03005,1.03017,1.50,1.50
2013.07.24 16:48:25.633,1.03005,1.03017,2.25,1.50
2013.07.24 16:49:21.740,1.03006,1.03018,1.50,1.50
2013.07.24 16:49:25.645,1.03006,1.03018,1.50,1.50
2013.07.24 16:49:45.895,1.03008,1.03019,1.13,2.82
2013.07.24 16:49:46.401,1.03008,1.03019,1.88,1.13
2013.07.24 16:49:48.364,1.03008,1.03019,1.88,1.13
2013.07.24 16:50:03.869,1.03009,1.03019,1.50,1.13
2013.07.24 16:50:29.025,1.03009,1.03019,1.50,1.13
2013.07.24 16:50:32.435,1.03009,1.0302,2.25,3.75
2013.07.24 16:50:33.074,1.03009,1.0302,2.25,3.00
2013.07.24 16:50:36.036,1.03009,1.0302,1.50,3.75
2013.07.24 16:50:40.465,1.03009,1.03019,1.50,1.13
2013.07.24 16:50:41.026,1.03009,1.03021,2.25,3.00
2013.07.24 16:50:41.385,1.03009,1.0302,2.25,1.88
2013.07.24 16:50:41.446,1.03009,1.0302,1.50,1.88
2013.07.24 16:50:41.626,1.03016,1.03021,1.35,2.44
2013.07.24 16:50:41.746,1.03016,1.03026,2.10,1.88
2013.07.24 16:50:41.805,1.03017,1.03026,1.88,1.50
2013.07.24 16:50:42.345,1.03016,1.03027,3.75,1.13
2013.07.24 16:50:42.885,1.03017,1.03027,1.50,1.13
2013.07.24 16:50:49.856,1.03018,1.03025,1.50,1.50
2013.07.24 16:50:49.915,1.03015,1.03025,2.25,1.50
2013.07.24 16:50:50.156,1.03014,1.03025,2.03,1.50
2013.07.24 16:50:50.216,1.03016,1.03027,1.50,3.94
2013.07.24 16:50:50.875,1.03018,1.03027,1.50,2.07
2013.07.24 16:50:51.521,1.03018,1.03027,1.50,1.69
2013.07.24 16:50:55.183,1.03017,1.03027,1.50,1.88
2013.07.24 16:51:10.496,1.03018,1.03028,1.50,1.50
2013.07.24 16:51:11.515,1.03018,1.03029,2.25,1.88
2013.07.24 16:51:18.832,1.03018,1.03029,2.63,1.88
2013.07.24 16:51:27.576,1.03018,1.03028,2.63,1.13
2013.07.24 16:51:27.756,1.03015,1.03025,2.25,1.50
2013.07.24 16:51:27.875,1.03015,1.03025,2.25,1.13
2013.07.24 16:51:27.936,1.03015,1.03028,3.00,6.19
2013.07.24 16:51:27.997,1.03019,1.03028,1.50,3.57
2013.07.24 16:51:29.966,1.03019,1.03028,1.50,1.13
2013.07.24 16:51:33.500,1.03019,1.03028,2.25,1.50
2013.07.24 16:51:34.466,1.03019,1.03028,2.25,1.13
2013.07.24 16:51:38.568,1.03019,1.03028,1.50,1.13
2013.07.24 16:51:41.771,1.0302,1.03028,1.50,1.13
2013.07.24 16:51:42.020,1.03024,1.03033,1.50,1.13
2013.07.24 16:51:42.208,1.03024,1.03032,1.50,1.13
2013.07.24 16:51:42.746,1.03022,1.03033,2.55,2.63
2013.07.24 16:51:42.807,1.03022,1.03033,1.50,3.38
2013.07.24 16:51:43.177,1.03021,1.03031,2.10,2.63
2013.07.24 16:51:43.726,1.03021,1.03031,2.10,1.50
2013.07.24 16:51:44.432,1.0302,1.03031,1.50,1.50
2013.07.24 16:51:45.257,1.0302,1.03031,1.50,1.50
2013.07.24 16:51:47.883,1.03021,1.03032,1.50,2.25
2013.07.24 16:51:48.675,1.03021,1.03032,3.60,2.25
2013.07.24 16:51:48.978,1.03023,1.03032,1.95,1.50
2013.07.24 16:51:49.358,1.03024,1.03033,2.25,1.88
2013.07.24 16:51:51.805,1.03025,1.03035,1.88,1.50
2013.07.24 16:51:51.866,1.03029,1.03036,2.10,1.50
2013.07.24 16:51:51.986,1.0303,1.03037,1.73,1.50
2013.07.24 16:51:52.107,1.03031,1.03038,1.13,1.50
2013.07.24 16:51:52.166,1.03031,1.0304,1.13,2.25
2013.07.24 16:51:52.681,1.03031,1.0304,1.13,3.00
2013.07.24 16:51:54.305,1.03032,1.03041,1.13,2.25
2013.07.24 16:51:54.486,1.03034,1.03043,1.13,1.50
2013.07.24 16:51:54.606,1.03034,1.03046,1.13,3.19
2013.07.24 16:51:54.845,1.03035,1.03047,2.25,1.50
2013.07.24 16:51:55.148,1.03037,1.03049,1.88,3.19
2013.07.24 16:51:55.686,1.03037,1.03049,2.63,1.50
2013.07.24 16:51:56.355,1.03038,1.03049,2.25,1.13
2013.07.24 16:51:56.895,1.03039,1.03051,1.50,3.19
2013.07.24 16:51:57.546,1.0304,1.03051,1.50,1.50
2013.07.24 16:51:58.677,1.03041,1.03053,3.38,2.25
2013.07.24 16:51:58.858,1.03042,1.03055,4.13,2.44
2013.07.24 16:51:59.336,1.03044,1.03056,1.50,2.44
2013.07.24 16:51:59.726,1.03046,1.03057,1.50,1.50
2013.07.24 16:52:00.205,1.03046,1.0306,2.25,1.50
2013.07.24 16:52:00.745,1.03047,1.03058,2.25,1.50
2013.07.24 16:52:01.046,1.03045,1.03057,3.00,1.50
2013.07.24 16:52:01.726,1.03044,1.03057,3.19,2.25
2013.07.24 16:52:06.367,1.03045,1.03058,2.25,3.19
2013.07.24 16:52:06.700,1.03045,1.03056,1.50,1.50
2013.07.24 16:52:07.247,1.03044,1.03056,1.50,1.50
2013.07.24 16:52:07.764,1.03045,1.03056,1.50,1.50
2013.07.24 16:52:10.536,1.03045,1.03057,2.25,3.94
2013.07.24 16:52:10.716,1.03045,1.03056,1.50,1.50
2013.07.24 16:52:11.277,1.03044,1.03056,1.50,2.25
2013.07.24 16:52:15.536,1.03045,1.03056,1.50,2.44
2013.07.24 16:52:17.926,1.03047,1.03056,1.50,1.50
2013.07.24 16:52:18.166,1.03047,1.03057,1.50,1.50
2013.07.24 16:52:18.408,1.03045,1.03058,3.00,4.50
2013.07.24 16:52:20.247,1.03048,1.03058,1.13,3.19
2013.07.24 16:52:20.607,1.03052,1.0306,1.50,1.50
2013.07.24 16:52:20.847,1.03054,1.03065,1.50,3.19
2013.07.24 16:52:21.402,1.03053,1.03065,1.50,2.44
2013.07.24 16:52:21.930,1.03053,1.03064,1.50,2.25
2013.07.24 16:52:22.486,1.03053,1.03063,1.50,1.50
2013.07.24 16:52:22.906,1.03053,1.03065,2.25,1.88
2013.07.24 16:52:23.628,1.03053,1.03064,1.50,1.50
2013.07.24 16:52:24.311,1.03052,1.03063,2.25,2.25
2013.07.24 16:52:25.027,1.03052,1.03062,1.50,1.35
2013.07.24 16:52:25.567,1.03052,1.03063,1.50,3.04
2013.07.24 16:52:26.438,1.03052,1.03062,1.50,2.85
2013.07.24 16:52:29.086,1.03052,1.03062,1.50,1.50
2013.07.24 16:52:51.266,1.03052,1.03061,1.50,1.50
2013.07.24 16:52:51.508,1.03052,1.03062,1.69,1.50
2013.07.24 16:52:59.836,1.03052,1.03062,2.44,2.85
2013.07.24 16:53:02.576,1.03052,1.03058,1.69,2.10
2013.07.24 16:53:02.696,1.03051,1.03061,1.69,2.25
2013.07.24 16:53:03.236,1.03052,1.0306,1.69,1.50
2013.07.24 16:53:05.106,1.03052,1.03062,1.69,2.25
2013.07.24 16:53:08.818,1.03052,1.03062,1.69,2.25
2013.07.24 16:53:14.268,1.03052,1.03063,3.00,1.88
2013.07.24 16:53:14.849,1.03052,1.03063,3.00,1.88
2013.07.24 16:53:18.248,1.03055,1.03062,1.13,1.50
2013.07.24 16:53:18.487,1.03055,1.03065,1.50,1.13
2013.07.24 16:53:18.909,1.03057,1.03067,1.13,2.25
2013.07.24 16:53:22.716,1.03058,1.03068,1.13,1.13
2013.07.24 16:53:22.896,1.03059,1.03068,1.50,1.13
2013.07.24 16:53:29.207,1.03061,1.03069,1.50,2.25
2013.07.24 16:53:29.774,1.03062,1.03069,1.50,1.50
2013.07.24 16:53:34.647,1.03062,1.03072,2.25,1.50
2013.07.24 16:53:34.708,1.03064,1.03073,1.13,2.25
2013.07.24 16:53:35.007,1.03069,1.03079,2.25,1.50
2013.07.24 16:53:35.247,1.03075,1.03082,1.50,1.50
2013.07.24 16:53:35.306,1.03075,1.03084,1.50,1.50
2013.07.24 16:53:35.825,1.03074,1.03084,1.50,1.50
2013.07.24 16:53:37.357,1.03075,1.03086,1.50,1.50
2013.07.24 16:53:37.776,1.03077,1.03086,1.50,1.13
2013.07.24 16:53:38.189,1.03075,1.03087,1.50,4.88
2013.07.24 16:53:39.606,1.03075,1.03086,1.50,1.88
2013.07.24 16:53:40.256,1.03075,1.03086,1.69,1.88
2013.07.24 16:53:40.896,1.03075,1.03086,1.69,1.88
2013.07.24 16:53:41.806,1.03076,1.03087,1.50,3.00
2013.07.24 16:53:42.346,1.03076,1.03087,1.50,3.75
2013.07.24 16:53:45.736,1.03074,1.03085,2.25,1.13
2013.07.24 16:53:46.297,1.03075,1.03085,1.50,1.88
2013.07.24 16:53:46.830,1.03074,1.03085,1.50,1.88
2013.07.24 16:53:46.956,1.03073,1.03084,2.25,1.88
2013.07.24 16:53:47.507,1.03072,1.03082,1.50,1.50
2013.07.24 16:53:48.008,1.03072,1.03082,1.50,3.00
2013.07.24 16:53:48.557,1.03072,1.03082,1.50,1.50
2013.07.24 16:53:48.738,1.03068,1.03079,2.82,1.50
2013.07.24 16:53:48.976,1.03066,1.03078,1.88,4.50
2013.07.24 16:53:49.516,1.03065,1.03077,1.50,2.63
2013.07.24 16:53:50.045,1.03064,1.03076,2.25,1.50
2013.07.24 16:53:50.726,1.03064,1.03075,1.50,1.50
2013.07.24 16:53:51.528,1.03064,1.03073,1.50,1.50
2013.07.24 16:53:52.116,1.03063,1.03073,1.50,1.50
2013.07.24 16:53:53.909,1.03061,1.03072,1.50,1.50
2013.07.24 16:53:54.218,1.03061,1.03071,1.50,1.50
2013.07.24 16:53:54.467,1.03062,1.03073,1.50,1.50
2013.07.24 16:53:54.909,1.0306,1.03073,2.25,2.25
2013.07.24 16:53:55.000,1.03061,1.03071,1.50,2.25
2013.07.24 16:53:55.069,1.03061,1.03073,1.50,4.50
2013.07.24 16:53:55.137,1.0306,1.03071,1.50,1.58
2013.07.24 16:53:55.317,1.0306,1.03072,1.50,1.69
2013.07.24 16:53:55.499,1.03059,1.0307,1.50,1.50
2013.07.24 16:53:55.806,1.03062,1.03073,1.50,1.69
2013.07.24 16:53:56.227,1.03061,1.03072,1.50,2.44
2013.07.24 16:53:56.346,1.03061,1.03073,1.50,2.44
2013.07.24 16:53:56.887,1.03062,1.03073,1.50,2.44
2013.07.24 16:53:57.346,1.03059,1.03072,2.63,6.19
2013.07.24 16:53:57.407,1.03059,1.03068,1.13,1.50
2013.07.24 16:53:57.708,1.03056,1.03064,1.69,1.50
2013.07.24 16:53:58.307,1.03055,1.03064,2.25,1.50
2013.07.24 16:53:58.667,1.03052,1.03061,4.32,1.50
2013.07.24 16:53:58.978,1.03052,1.03059,2.63,1.50
2013.07.24 16:53:59.437,1.03052,1.03064,2.63,1.88
2013.07.24 16:54:01.267,1.03052,1.03064,1.13,2.63
2013.07.24 16:54:04.446,1.03051,1.03063,1.50,2.63
2013.07.24 16:54:04.626,1.03049,1.03061,2.44,1.88
2013.07.24 16:54:04.687,1.03049,1.03059,1.69,1.50
2013.07.24 16:54:04.746,1.03047,1.03059,1.69,3.75
2013.07.24 16:54:04.927,1.03045,1.03057,1.69,1.50
2013.07.24 16:54:05.046,1.03043,1.03055,3.19,2.25
2013.07.24 16:54:05.106,1.03043,1.03055,1.69,3.00
2013.07.24 16:54:05.736,1.03042,1.03055,3.19,3.00
2013.07.24 16:54:06.347,1.03041,1.03053,3.19,1.50
2013.07.24 16:54:07.636,1.03041,1.03053,1.69,3.00
2013.07.24 16:54:08.176,1.03041,1.03052,1.69,1.50
2013.07.24 16:54:10.047,1.03042,1.03052,1.50,1.50
2013.07.24 16:54:10.347,1.03047,1.03054,1.13,1.50
2013.07.24 16:54:10.526,1.03043,1.03053,1.50,1.13
2013.07.24 16:54:10.706,1.03042,1.03053,2.44,1.13
2013.07.24 16:54:12.441,1.03042,1.03053,3.00,1.13
2013.07.24 16:54:15.906,1.03042,1.03053,1.50,1.88
2013.07.24 16:54:17.266,1.0304,1.03052,1.50,3.00
2013.07.24 16:54:17.325,1.0304,1.03051,1.50,1.50
2013.07.24 16:54:17.446,1.03038,1.03051,3.00,2.25
2013.07.24 16:54:17.567,1.03039,1.03051,1.50,2.25
2013.07.24 16:54:18.546,1.03038,1.03048,1.50,1.50
2013.07.24 16:54:18.846,1.03031,1.03043,2.25,1.88
2013.07.24 16:54:19.086,1.0303,1.03041,1.50,1.50
2013.07.24 16:54:19.617,1.03029,1.03041,2.25,1.50
2013.07.24 16:54:19.920,1.03029,1.03041,2.25,1.50
2013.07.24 16:54:20.505,1.03029,1.03041,2.25,1.50
2013.07.24 16:54:22.476,1.03028,1.0304,3.00,1.50
2013.07.24 16:54:24.266,1.03029,1.0304,1.50,1.50
2013.07.24 16:54:24.806,1.03028,1.0304,2.25,2.25
2013.07.24 16:54:25.337,1.03029,1.0304,2.25,1.50
