2008.07.24 01:00:32.920,1.0104,1.0107,3.50,3.60
2008.07.24 01:00:53.414,1.0104,1.0107,4.00,3.60
2008.07.24 01:00:53.622,1.0104,1.0107,3.50,3.60
2008.07.24 01:01:34.615,1.0104,1.0107,3.30,3.10
2008.07.24 01:02:36.669,1.01035,1.0106,2.10,1.00
2008.07.24 01:02:38.078,1.01035,1.0106,2.10,1.00
2008.07.24 01:02:45.192,1.01055,1.0106,3.20,1.00
2008.07.24 01:02:45.242,1.0107,1.0108,1.00,9.40
2008.07.24 01:02:45.448,1.01065,1.0108,1.00,5.30
2008.07.24 01:02:45.623,1.0108,1.01085,1.00,5.20
2008.07.24 01:02:45.783,1.0108,1.011,1.00,7.90
2008.07.24 01:02:45.946,1.0108,1.011,1.00,2.70
2008.07.24 01:02:49.728,1.0107,1.0108,1.80,1.00
2008.07.24 01:02:50.713,1.0107,1.0108,1.80,1.00
2008.07.24 01:02:56.118,1.0107,1.0108,1.80,1.00
2008.07.24 01:02:59.998,1.0107,1.0108,1.80,1.00
2008.07.24 01:03:00.042,1.0107,1.0108,1.80,1.00
2008.07.24 01:03:00.209,1.0107,1.0108,1.80,1.00
2008.07.24 01:03:00.613,1.0107,1.0108,1.00,1.00
2008.07.24 01:03:00.774,1.0107,1.0108,1.00,1.00
2008.07.24 01:03:02.351,1.01045,1.0106,2.60,1.00
2008.07.24 01:03:02.631,1.0106,1.0108,1.00,1.00
2008.07.24 01:03:10.337,1.01045,1.0106,1.00,1.00
2008.07.24 01:03:11.779,1.0106,1.0108,1.00,1.00
2008.07.24 01:03:58.869,1.0105,1.0108,1.00,1.00
2008.07.24 01:04:07.871,1.0106,1.0108,1.00,1.00
2008.07.24 01:04:35.768,1.0105,1.0108,1.00,1.00
2008.07.24 01:05:38.917,1.01045,1.0108,1.00,1.00
2008.07.24 01:06:20.321,1.0106,1.0108,1.00,1.00
2008.07.24 01:06:47.124,1.0105,1.0108,1.00,1.00
2008.07.24 01:07:24.504,1.0105,1.0109,1.00,4.10
2008.07.24 01:07:24.580,1.0105,1.01075,1.00,1.00
2008.07.24 01:07:24.659,1.01045,1.0107,1.00,1.00
2008.07.24 01:07:24.833,1.0104,1.0106,5.60,1.00
2008.07.24 01:07:25.001,1.0104,1.0106,9.40,1.00
2008.07.24 01:07:25.334,1.0104,1.0107,9.40,3.30
2008.07.24 01:07:25.647,1.0104,1.0106,9.40,1.00
2008.07.24 01:07:26.059,1.0104,1.0108,2.40,4.80
2008.07.24 01:07:26.319,1.0105,1.0108,1.00,1.00
2008.07.24 01:07:46.116,1.0105,1.0108,1.00,1.00
2008.07.24 01:08:49.307,1.01045,1.0108,1.00,1.00
2008.07.24 01:08:58.689,1.0106,1.0108,1.00,1.00
2008.07.24 01:09:59.969,1.01045,1.0108,3.20,1.00
2008.07.24 01:10:00.654,1.0105,1.0108,1.00,1.00
2008.07.24 01:10:50.760,1.0105,1.0106,1.00,1.00
2008.07.24 01:11:01.237,1.01045,1.0106,1.00,1.00
2008.07.24 01:11:09.524,1.01045,1.0108,1.00,1.00
2008.07.24 01:11:10.435,1.01045,1.0108,3.20,1.00
2008.07.24 01:12:04.525,1.01045,1.0108,1.00,1.00
2008.07.24 01:12:19.459,1.0106,1.0108,1.00,1.00
2008.07.24 01:12:24.377,1.0105,1.0108,1.00,1.00
2008.07.24 01:13:23.199,1.0105,1.0107,1.00,1.00
2008.07.24 01:13:25.225,1.0104,1.0107,7.50,1.00
2008.07.24 01:13:42.759,1.0104,1.0108,7.50,1.00
2008.07.24 01:13:55.053,1.01045,1.0108,2.10,1.00
2008.07.24 01:13:55.821,1.0104,1.0108,7.50,1.00
2008.07.24 01:14:01.178,1.01055,1.0108,11.20,1.00
2008.07.24 01:14:01.643,1.0104,1.01065,1.60,1.40
2008.07.24 01:14:16.919,1.01035,1.01055,2.90,7.40
2008.07.24 01:14:28.244,1.01036,1.01061,2.20,2.70
2008.07.24 01:14:33.934,1.01045,1.0107,2.90,7.40
2008.07.24 01:14:35.487,1.01054,1.01079,2.10,1.00
2008.07.24 01:14:45.656,1.0105,1.01096,1.00,4.50
2008.07.24 01:15:21.989,1.0105,1.0108,1.00,1.00
2008.07.24 01:15:39.899,1.01055,1.0108,3.20,1.00
2008.07.24 01:15:39.966,1.01055,1.0108,3.20,1.00
2008.07.24 01:15:40.007,1.0107,1.0108,1.00,1.00
2008.07.24 01:15:40.190,1.0107,1.0111,4.30,4.70
2008.07.24 01:15:40.686,1.0107,1.011,4.50,2.70
2008.07.24 01:15:43.147,1.0108,1.011,1.00,2.70
2008.07.24 01:15:43.579,1.0107,1.011,4.50,2.70
2008.07.24 01:15:45.220,1.0107,1.011,3.50,2.70
2008.07.24 01:15:45.286,1.0109,1.011,1.00,2.70
2008.07.24 01:15:45.326,1.0109,1.011,1.00,4.30
2008.07.24 01:15:45.397,1.0109,1.011,2.40,1.00
2008.07.24 01:15:45.617,1.0109,1.011,2.90,1.00
2008.07.24 01:15:45.802,1.0109,1.011,2.40,1.00
2008.07.24 01:15:46.257,1.0109,1.011,1.20,1.00
2008.07.24 01:15:46.436,1.0108,1.0111,1.30,3.10
2008.07.24 01:15:46.497,1.0108,1.0111,1.00,3.10
2008.07.24 01:15:47.008,1.0108,1.0111,1.00,3.10
2008.07.24 01:15:48.927,1.0108,1.0111,1.00,3.10
2008.07.24 01:15:49.200,1.0108,1.011,1.00,4.30
2008.07.24 01:15:58.986,1.0107,1.011,1.00,4.30
2008.07.24 01:16:08.970,1.0106,1.011,1.00,4.80
2008.07.24 01:17:11.318,1.01045,1.011,8.60,4.30
2008.07.24 01:17:19.596,1.0105,1.011,10.80,4.80
2008.07.24 01:17:36.941,1.0106,1.011,1.00,4.80
2008.07.24 01:17:49.217,1.0105,1.011,10.80,4.80
2008.07.24 01:17:49.319,1.0105,1.011,1.00,4.80
2008.07.24 01:17:49.497,1.0105,1.0108,1.00,1.00
2008.07.24 01:18:11.072,1.01045,1.0108,3.20,1.00
2008.07.24 01:18:11.143,1.01045,1.01085,2.10,4.30
2008.07.24 01:18:11.352,1.0104,1.01085,5.60,4.30
2008.07.24 01:18:11.421,1.0104,1.01085,9.70,4.30
2008.07.24 01:18:11.773,1.0104,1.0108,9.70,2.70
2008.07.24 01:18:13.473,1.0104,1.0108,9.80,2.70
2008.07.24 01:18:14.521,1.0104,1.0108,9.80,7.50
2008.07.24 01:18:14.714,1.0104,1.0108,9.70,7.50
2008.07.24 01:18:14.924,1.0104,1.0107,9.70,2.70
2008.07.24 01:18:16.176,1.0104,1.0107,9.80,2.70
2008.07.24 01:18:23.632,1.0105,1.0107,1.00,2.70
2008.07.24 01:19:11.237,1.01045,1.0107,2.10,2.70
2008.07.24 01:19:13.376,1.0105,1.0107,1.00,2.70
2008.07.24 01:19:16.376,1.01045,1.0107,2.10,3.20
2008.07.24 01:19:16.447,1.0104,1.0107,2.40,3.20
2008.07.24 01:19:25.343,1.0104,1.0107,2.50,3.20
2008.07.24 01:20:16.668,1.0104,1.0107,2.40,2.70
2008.07.24 01:20:19.343,1.0105,1.0107,1.00,2.70
2008.07.24 01:21:08.819,1.0105,1.0107,1.00,2.70
2008.07.24 01:21:23.347,1.0105,1.0107,1.00,3.20
2008.07.24 01:21:56.487,1.0105,1.0106,1.00,2.70
2008.07.24 01:22:09.059,1.0105,1.0106,1.00,3.20
2008.07.24 01:22:10.944,1.0105,1.0106,1.00,2.70
2008.07.24 01:22:11.504,1.0105,1.0106,1.00,3.20
2008.07.24 01:22:28.372,1.0105,1.0106,1.00,2.70
2008.07.24 01:23:16.654,1.0104,1.0105,1.00,3.20
2008.07.24 01:23:16.915,1.0102,1.0105,2.40,3.20
2008.07.24 01:23:17.325,1.0102,1.0105,7.20,3.20
2008.07.24 01:23:17.501,1.0103,1.0105,1.00,3.20
2008.07.24 01:23:18.040,1.0102,1.0105,1.30,3.20
2008.07.24 01:23:18.109,1.0102,1.0105,1.30,5.40
2008.07.24 01:23:22.742,1.0102,1.0105,1.30,11.80
2008.07.24 01:23:22.816,1.0102,1.0104,1.20,7.00
2008.07.24 01:23:22.851,1.0102,1.0104,1.00,3.20
2008.07.24 01:23:23.176,1.0101,1.0104,1.30,3.20
2008.07.24 01:23:23.609,1.0101,1.0104,1.30,5.40
2008.07.24 01:23:24.158,1.0101,1.0104,1.30,3.20
2008.07.24 01:23:25.820,1.01,1.0103,2.10,3.20
2008.07.24 01:23:26.107,1.01,1.0103,10.50,3.20
2008.07.24 01:23:26.938,1.0101,1.0103,1.00,2.70
2008.07.24 01:24:27.120,1.01,1.0103,2.80,2.70
2008.07.24 01:24:31.919,1.01,1.0103,2.90,3.20
2008.07.24 01:24:32.443,1.0101,1.0103,1.00,2.70
2008.07.24 01:24:40.309,1.0101,1.0103,5.90,2.70
2008.07.24 01:24:40.838,1.0101,1.0104,6.20,3.20
2008.07.24 01:25:05.342,1.0101,1.0104,2.40,3.20
2008.07.24 01:25:05.492,1.0102,1.0104,1.00,2.70
2008.07.24 01:25:05.625,1.0102,1.0104,1.00,2.70
2008.07.24 01:25:06.005,1.01015,1.0104,2.10,3.20
2008.07.24 01:26:06.671,1.01015,1.0104,2.10,2.70
2008.07.24 01:26:11.618,1.0101,1.0104,2.80,2.70
2008.07.24 01:26:43.680,1.01005,1.0103,1.00,3.20
2008.07.24 01:26:43.950,1.01,1.0103,2.40,3.20
2008.07.24 01:26:44.661,1.01005,1.0103,2.10,3.20
2008.07.24 01:26:44.930,1.0101,1.0104,2.40,7.50
2008.07.24 01:26:45.009,1.0101,1.0103,2.20,1.00
2008.07.24 01:26:45.119,1.0101,1.0103,2.20,8.10
2008.07.24 01:26:45.211,1.0101,1.0103,1.00,8.10
2008.07.24 01:26:45.750,1.01,1.0103,13.70,3.20
2008.07.24 01:26:45.798,1.01,1.0103,12.60,3.20
2008.07.24 01:26:53.485,1.01,1.0103,11.60,3.20
2008.07.24 01:26:57.734,1.01,1.0103,10.50,3.20
2008.07.24 01:26:57.814,1.01,1.0102,10.30,1.00
2008.07.24 01:26:57.954,1.01005,1.0102,1.00,1.00
2008.07.24 01:26:58.033,1.01,1.0102,1.00,1.00
2008.07.24 01:26:58.363,1.01,1.0102,1.00,1.00
2008.07.24 01:27:02.035,1.01,1.0102,1.00,3.20
2008.07.24 01:27:02.174,1.0099,1.0102,6.30,3.20
2008.07.24 01:27:04.475,1.01,1.0102,1.00,3.20
2008.07.24 01:27:04.877,1.01,1.0102,1.00,1.00
2008.07.24 01:27:22.783,1.01,1.0102,1.00,1.00
2008.07.24 01:27:57.974,1.01,1.0103,1.00,5.10
2008.07.24 01:28:04.747,1.01,1.01025,1.00,2.10
2008.07.24 01:28:15.504,1.0099,1.0102,8.50,2.70
2008.07.24 01:28:17.727,1.0099,1.0102,7.40,2.70
2008.07.24 01:28:17.945,1.0099,1.0102,8.50,2.70
2008.07.24 01:28:23.702,1.0099,1.0102,8.50,4.80
2008.07.24 01:28:23.922,1.0099,1.0102,6.30,4.80
2008.07.24 01:28:24.144,1.0099,1.0102,6.00,4.80
2008.07.24 01:28:33.462,1.0099,1.0102,9.30,4.80
2008.07.24 01:28:33.810,1.0099,1.0102,9.30,2.70
2008.07.24 01:28:48.178,1.0099,1.0102,6.00,2.70
2008.07.24 01:28:48.286,1.0099,1.0102,6.00,4.80
2008.07.24 01:28:58.324,1.0099,1.0101,6.00,1.00
2008.07.24 01:29:08.073,1.01,1.0101,1.00,1.00
2008.07.24 01:29:11.852,1.01,1.0102,1.00,5.40
2008.07.24 01:29:39.167,1.0099,1.0102,5.60,7.50
2008.07.24 01:29:39.517,1.0099,1.0101,5.50,2.70
2008.07.24 01:29:39.866,1.0098,1.0101,5.60,3.20
2008.07.24 01:29:40.218,1.0099,1.0101,2.10,2.70
2008.07.24 01:29:40.395,1.0098,1.0101,4.50,3.20
2008.07.24 01:29:40.634,1.0098,1.0101,2.40,3.20
2008.07.24 01:29:45.433,1.0098,1.0101,7.20,3.20
2008.07.24 01:29:48.353,1.0098,1.0101,6.70,3.20
2008.07.24 01:29:48.933,1.0098,1.0101,7.20,3.20
2008.07.24 01:29:52.351,1.0098,1.0101,1.00,3.20
2008.07.24 01:29:52.381,1.0098,1.0101,1.00,5.40
2008.07.24 01:29:52.623,1.0098,1.0101,1.00,5.40
2008.07.24 01:29:54.052,1.0098,1.0101,1.00,5.40
2008.07.24 01:30:00.873,1.0098,1.0101,1.80,5.40
2008.07.24 01:30:00.919,1.0098,1.0101,4.00,5.40
2008.07.24 01:30:01.118,1.0098,1.0101,3.50,5.40
2008.07.24 01:30:02.104,1.0098,1.0101,4.00,5.40
2008.07.24 01:30:02.308,1.0098,1.0101,4.70,5.40
2008.07.24 01:30:05.538,1.0099,1.0101,1.00,4.80
2008.07.24 01:30:05.632,1.0099,1.0101,1.00,4.80
2008.07.24 01:30:05.783,1.0099,1.0101,1.00,2.70
2008.07.24 01:30:53.636,1.0098,1.0101,3.60,3.20
2008.07.24 01:31:00.957,1.0098,1.0101,3.10,3.20
2008.07.24 01:31:01.025,1.0098,1.0101,7.90,3.20
2008.07.24 01:31:02.299,1.0098,1.0101,7.80,3.20
2008.07.24 01:31:09.099,1.0098,1.0101,2.90,3.20
2008.07.24 01:31:09.353,1.0099,1.0101,1.00,3.20
2008.07.24 01:31:16.045,1.00985,1.0101,1.00,3.20
2008.07.24 01:31:19.342,1.0099,1.0101,1.60,2.70
2008.07.24 01:31:32.891,1.0099,1.0101,1.00,2.70
2008.07.24 01:32:04.221,1.0099,1.0102,1.00,5.80
2008.07.24 01:32:19.825,1.0099,1.0102,1.00,5.20
2008.07.24 01:32:21.026,1.0099,1.0102,3.90,5.20
2008.07.24 01:32:21.258,1.0099,1.0102,3.90,3.10
2008.07.24 01:32:21.336,1.0099,1.0102,4.70,3.10
2008.07.24 01:32:25.323,1.01,1.0102,1.00,3.10
2008.07.24 01:32:25.447,1.01,1.0102,1.00,2.70
2008.07.24 01:32:25.470,1.01,1.0103,1.00,4.80
2008.07.24 01:32:25.637,1.01,1.0103,1.00,1.00
2008.07.24 01:32:25.825,1.01,1.0103,4.00,1.00
2008.07.24 01:32:26.031,1.01,1.0103,4.10,1.00
2008.07.24 01:32:35.880,1.0101,1.0104,1.00,2.70
2008.07.24 01:32:36.890,1.0101,1.0104,2.10,2.70
2008.07.24 01:32:36.944,1.0102,1.0104,1.00,2.10
2008.07.24 01:32:37.156,1.0102,1.01045,1.00,4.30
2008.07.24 01:32:37.332,1.0102,1.0105,1.00,5.40
2008.07.24 01:32:37.422,1.0102,1.0105,1.00,5.40
2008.07.24 01:32:39.692,1.0102,1.0105,1.00,5.50
2008.07.24 01:32:50.389,1.0102,1.0104,1.00,1.00
2008.07.24 01:32:50.652,1.0102,1.0104,1.00,2.80
2008.07.24 01:33:01.239,1.0103,1.0104,1.00,2.70
2008.07.24 01:33:03.608,1.0103,1.0104,1.00,2.70
2008.07.24 01:33:38.477,1.0103,1.0104,1.00,1.60
2008.07.24 01:33:39.437,1.0103,1.0104,1.00,2.70
2008.07.24 01:33:50.908,1.0103,1.0105,1.00,11.30
2008.07.24 01:33:51.283,1.0103,1.0105,1.00,11.80
2008.07.24 01:33:51.480,1.0103,1.0105,1.00,3.20
2008.07.24 01:34:52.005,1.0103,1.0105,1.00,2.70
2008.07.24 01:35:04.271,1.0102,1.0104,1.00,2.70
2008.07.24 01:35:17.454,1.0102,1.0104,1.00,8.10
2008.07.24 01:35:27.421,1.0102,1.0104,1.00,8.30
2008.07.24 01:36:04.406,1.0102,1.01045,1.00,2.10
2008.07.24 01:37:37.612,1.01005,1.01045,2.10,2.10
2008.07.24 01:38:01.937,1.0101,1.0104,8.10,7.20
2008.07.24 01:38:19.733,1.0101,1.0104,7.00,7.20
2008.07.24 01:38:21.110,1.0101,1.0104,8.10,7.20
2008.07.24 01:38:39.953,1.0101,1.0104,7.50,7.20
2008.07.24 01:38:40.073,1.0101,1.0104,7.50,7.80
2008.07.24 01:38:40.303,1.0101,1.0104,8.10,7.20
2008.07.24 01:39:03.689,1.01005,1.01045,2.10,2.10
2008.07.24 01:40:03.632,1.0102,1.01045,1.00,2.10
2008.07.24 01:40:03.758,1.0101,1.0105,2.70,4.40
2008.07.24 01:40:03.942,1.0101,1.0104,2.70,1.00
2008.07.24 01:40:04.294,1.0102,1.0104,1.00,1.00
2008.07.24 01:40:21.098,1.0102,1.0105,1.00,2.80
2008.07.24 01:40:41.224,1.0102,1.0105,1.00,2.80
2008.07.24 01:40:41.714,1.0102,1.0105,1.00,2.80
2008.07.24 01:41:04.452,1.0102,1.0105,1.00,2.20
2008.07.24 01:42:01.484,1.00983,1.01007,2.70,9.10
2008.07.24 01:42:02.565,1.00987,1.01017,2.50,5.40
2008.07.24 01:42:03.689,1.01003,1.01023,1.30,8.10
2008.07.24 01:42:23.171,1.01009,1.01039,10.90,9.50
2008.07.24 01:42:23.664,1.01024,1.01034,4.70,9.10
2008.07.24 01:42:24.818,1.0101,1.0104,2.20,9.00
2008.07.24 01:42:31.784,1.01016,1.01026,4.70,9.10
2008.07.24 01:42:36.803,1.01004,1.01029,10.90,9.50
2008.07.24 01:42:52.806,1.00998,1.01028,2.50,5.40
2008.07.24 01:43:02.011,1.0102,1.0105,1.00,2.80
2008.07.24 01:44:02.092,1.0102,1.0105,1.00,2.20
2008.07.24 01:45:05.465,1.0101,1.0105,2.70,2.20
2008.07.24 01:45:05.835,1.0101,1.0104,2.70,1.00
2008.07.24 01:45:17.068,1.0101,1.01055,2.70,2.10
2008.07.24 01:45:25.229,1.0102,1.0105,1.00,2.10
2008.07.24 01:45:41.827,1.01005,1.0105,2.10,2.10
2008.07.24 01:45:42.035,1.0102,1.0105,1.00,2.10
2008.07.24 01:45:58.013,1.0102,1.0105,1.00,2.70
2008.07.24 01:46:58.604,1.0102,1.0105,1.00,2.10
2008.07.24 01:47:42.179,1.01005,1.0105,2.10,2.10
2008.07.24 01:47:42.341,1.0102,1.0105,1.00,2.10
2008.07.24 01:47:57.953,1.0102,1.0105,1.00,2.70
2008.07.24 01:48:53.234,1.0102,1.0105,1.00,2.70
2008.07.24 01:48:54.372,1.0102,1.0105,1.00,2.70
2008.07.24 01:48:58.815,1.0102,1.0105,1.00,2.10
2008.07.24 01:49:24.380,1.0102,1.0105,1.00,2.20
2008.07.24 01:49:54.219,1.01005,1.0105,2.10,2.20
2008.07.24 01:49:54.628,1.0102,1.0105,1.00,2.20
2008.07.24 01:49:57.975,1.0102,1.0105,1.00,2.80
2008.07.24 01:50:05.345,1.0102,1.0105,1.00,2.70
2008.07.24 01:50:05.415,1.0102,1.0105,1.00,2.70
2008.07.24 01:50:05.645,1.0102,1.0105,1.00,3.70
2008.07.24 01:50:24.054,1.0102,1.0105,1.00,2.70
2008.07.24 01:51:00.019,1.0102,1.0105,1.00,2.10
2008.07.24 01:51:08.366,1.0102,1.0105,1.00,2.10
2008.07.24 01:51:08.830,1.0102,1.0105,1.00,2.10
2008.07.24 01:51:09.199,1.0102,1.01055,1.00,2.10
2008.07.24 01:51:09.260,1.0102,1.0105,1.00,2.70
2008.07.24 01:51:38.292,1.0102,1.0105,1.00,4.80
2008.07.24 01:51:57.983,1.0102,1.0105,1.00,5.40
2008.07.24 01:52:25.143,1.0102,1.0104,1.00,1.00
2008.07.24 01:52:25.220,1.0102,1.0104,1.00,1.00
2008.07.24 01:52:25.294,1.0101,1.0104,3.50,1.20
2008.07.24 01:52:25.367,1.0101,1.0104,3.50,3.20
2008.07.24 01:52:26.798,1.0101,1.0104,4.00,3.20
2008.07.24 01:52:29.857,1.0102,1.0104,1.00,2.70
2008.07.24 01:52:30.035,1.0102,1.0104,1.00,2.70
2008.07.24 01:52:30.245,1.0102,1.0104,1.00,2.70
2008.07.24 01:52:31.782,1.0102,1.0104,1.00,2.70
2008.07.24 01:52:33.299,1.0101,1.0104,4.00,3.20
2008.07.24 01:52:33.513,1.0101,1.0104,3.50,3.20
2008.07.24 01:52:34.872,1.0101,1.0104,4.00,3.20
2008.07.24 01:53:10.287,1.0101,1.0104,3.20,5.40
2008.07.24 01:53:10.438,1.0101,1.0104,1.00,3.20
2008.07.24 01:53:10.588,1.0101,1.0104,1.00,3.50
2008.07.24 01:53:10.823,1.0101,1.0104,1.00,7.80
2008.07.24 01:53:11.064,1.0101,1.0104,1.00,9.90
2008.07.24 01:53:20.356,1.01,1.0103,1.00,1.00
2008.07.24 01:53:47.195,1.0101,1.0104,1.00,9.90
2008.07.24 01:53:47.385,1.0101,1.0104,1.00,9.80
2008.07.24 01:53:47.575,1.0101,1.0104,1.00,5.50
2008.07.24 01:53:48.815,1.0101,1.0104,1.00,3.30
2008.07.24 01:53:50.215,1.0101,1.0104,1.00,3.50
2008.07.24 01:54:08.818,1.01,1.0103,2.40,1.00
2008.07.24 01:54:08.953,1.01,1.0103,1.00,8.30
2008.07.24 01:54:09.423,1.01,1.0103,1.00,3.20
2008.07.24 01:54:09.910,1.01,1.0103,1.00,5.40
2008.07.24 01:54:48.807,1.01,1.0103,1.00,5.40
2008.07.24 01:54:49.001,1.01,1.0103,1.00,5.40
2008.07.24 01:55:05.655,1.01,1.0103,1.00,3.20
2008.07.24 01:55:08.985,1.01,1.0103,1.00,2.70
2008.07.24 01:55:23.244,1.01,1.0103,1.00,4.80
2008.07.24 01:55:48.975,1.01,1.0103,1.00,4.80
2008.07.24 01:55:49.376,1.01,1.0103,1.00,4.80
2008.07.24 01:56:30.007,1.01,1.0103,1.70,4.80
2008.07.24 01:56:30.268,1.01,1.0103,6.30,4.80
2008.07.24 01:56:32.476,1.01,1.0103,6.80,4.80
2008.07.24 01:57:06.926,1.01,1.0103,6.80,5.40
2008.07.24 01:57:11.236,1.01,1.0103,5.80,5.40
2008.07.24 01:57:11.269,1.01,1.0103,6.80,5.40
2008.07.24 01:57:32.501,1.01,1.0103,6.30,5.40
2008.07.24 01:57:32.670,1.01,1.0103,6.80,5.40
2008.07.24 01:58:07.375,1.01,1.0103,6.80,4.80
2008.07.24 01:58:10.195,1.01,1.0103,5.80,4.80
2008.07.24 01:58:10.385,1.01,1.0103,6.80,4.80
2008.07.24 01:58:30.939,1.01,1.0103,1.00,4.80
2008.07.24 01:58:31.137,1.01,1.0103,1.00,5.60
2008.07.24 01:58:32.555,1.01,1.0103,1.00,5.60
2008.07.24 01:58:43.148,1.01,1.0103,1.00,3.50
2008.07.24 01:59:09.782,1.0099,1.0102,3.50,1.00
2008.07.24 01:59:30.960,1.0099,1.0102,2.70,1.00
2008.07.24 01:59:31.508,1.0099,1.0102,3.50,1.00
2008.07.24 01:59:58.013,1.01,1.0103,1.00,1.30
