2012.04.30 10:00:00.478,0.98181,0.98195,2.78,4.50
2012.04.30 10:00:00.953,0.98186,0.98198,2.10,2.63
2012.04.30 10:00:01.175,0.98189,0.98203,1.50,5.66
2012.04.30 10:00:01.320,0.9819,0.98203,1.50,1.16
2012.04.30 10:00:02.083,0.98189,0.98202,1.50,1.50
2012.04.30 10:00:02.600,0.98188,0.98202,3.15,1.50
2012.04.30 10:00:02.670,0.98188,0.98202,3.15,1.50
2012.04.30 10:00:03.197,0.98188,0.98201,1.95,2.25
2012.04.30 10:00:04.344,0.98188,0.98201,1.95,2.25
2012.04.30 10:00:05.655,0.98188,0.98201,1.95,2.25
2012.04.30 10:00:11.476,0.98188,0.98201,1.95,2.25
2012.04.30 10:00:11.919,0.98188,0.98201,4.35,2.25
2012.04.30 10:00:12.274,0.98191,0.98204,3.08,3.94
2012.04.30 10:00:12.791,0.98191,0.98205,2.70,3.94
2012.04.30 10:00:13.338,0.98193,0.98205,1.95,5.44
2012.04.30 10:00:13.468,0.98191,0.98205,1.95,4.69
2012.04.30 10:00:13.599,0.98193,0.98205,1.50,4.69
2012.04.30 10:00:14.117,0.98192,0.98204,1.50,1.69
2012.04.30 10:00:14.979,0.98192,0.98205,1.50,3.00
2012.04.30 10:00:15.548,0.98191,0.98205,1.95,4.50
2012.04.30 10:00:17.466,0.98191,0.98205,1.50,5.25
2012.04.30 10:00:17.776,0.9819,0.98202,1.50,1.50
2012.04.30 10:00:18.348,0.98191,0.98203,1.95,1.50
2012.04.30 10:00:18.717,0.98189,0.98202,2.25,1.50
2012.04.30 10:00:19.657,0.98189,0.98201,1.95,1.50
2012.04.30 10:00:21.606,0.98188,0.98202,3.83,1.50
2012.04.30 10:00:22.427,0.98189,0.98202,1.50,1.50
2012.04.30 10:00:23.518,0.98189,0.98201,1.95,1.50
2012.04.30 10:00:23.887,0.98188,0.98198,2.33,1.50
2012.04.30 10:00:24.458,0.98188,0.98198,1.58,1.50
2012.04.30 10:00:25.579,0.98188,0.98198,2.33,1.50
2012.04.30 10:00:25.650,0.98188,0.98201,1.88,1.50
2012.04.30 10:00:26.179,0.98188,0.98201,1.50,1.50
2012.04.30 10:00:27.719,0.98188,0.98201,1.50,1.50
2012.04.30 10:00:27.792,0.98188,0.98201,1.50,1.50
2012.04.30 10:00:28.317,0.98189,0.98201,1.50,1.50
2012.04.30 10:00:28.388,0.98189,0.98199,1.50,1.50
2012.04.30 10:00:28.938,0.98189,0.982,1.50,1.50
2012.04.30 10:00:29.445,0.98189,0.98201,2.25,1.50
2012.04.30 10:00:30.117,0.98188,0.982,4.13,1.50
2012.04.30 10:00:30.857,0.98189,0.982,1.50,1.50
2012.04.30 10:00:31.113,0.98189,0.98203,3.00,1.50
2012.04.30 10:00:31.192,0.98189,0.98203,3.38,1.50
2012.04.30 10:00:31.622,0.98193,0.98205,2.25,3.00
2012.04.30 10:00:32.158,0.98194,0.98206,1.50,1.50
2012.04.30 10:00:32.228,0.98196,0.98208,1.50,2.25
2012.04.30 10:00:32.758,0.98195,0.98207,1.50,2.25
2012.04.30 10:00:33.272,0.98195,0.98207,1.50,2.25
2012.04.30 10:00:33.354,0.98193,0.98205,3.00,2.25
2012.04.30 10:00:33.451,0.98193,0.98203,1.50,1.50
2012.04.30 10:00:34.008,0.98192,0.98204,2.10,1.50
2012.04.30 10:00:34.349,0.98195,0.98208,1.50,2.25
2012.04.30 10:00:34.688,0.98195,0.98206,3.00,3.00
2012.04.30 10:00:34.898,0.98193,0.98204,1.65,2.25
2012.04.30 10:00:35.040,0.98193,0.98204,2.25,1.50
2012.04.30 10:00:35.108,0.98195,0.98206,1.50,2.25
2012.04.30 10:00:35.728,0.98194,0.98207,1.50,2.25
2012.04.30 10:00:35.799,0.98193,0.98207,2.25,2.25
2012.04.30 10:00:36.291,0.9819,0.98202,4.13,1.50
2012.04.30 10:00:36.620,0.9819,0.98202,2.63,1.50
2012.04.30 10:00:37.140,0.9819,0.98203,2.63,2.25
2012.04.30 10:00:37.267,0.9819,0.98203,2.25,2.25
2012.04.30 10:00:38.108,0.9819,0.98202,2.63,1.50
2012.04.30 10:00:41.638,0.9819,0.98202,2.25,2.25
2012.04.30 10:00:41.960,0.9819,0.98202,2.55,2.25
2012.04.30 10:00:42.377,0.98189,0.98202,1.50,1.50
2012.04.30 10:00:42.643,0.9819,0.982,1.13,1.50
2012.04.30 10:00:42.718,0.98188,0.982,2.25,1.50
2012.04.30 10:00:43.238,0.98187,0.98199,2.25,1.50
2012.04.30 10:00:43.830,0.98187,0.98198,2.25,1.50
2012.04.30 10:00:44.389,0.98186,0.98199,4.50,1.50
2012.04.30 10:00:44.937,0.98186,0.98199,5.10,1.50
2012.04.30 10:00:45.569,0.98186,0.98198,5.48,1.50
2012.04.30 10:00:48.089,0.98187,0.98198,3.15,1.50
2012.04.30 10:00:48.165,0.9819,0.98203,2.25,2.25
2012.04.30 10:00:48.438,0.98191,0.98204,1.50,1.50
2012.04.30 10:00:48.877,0.9819,0.98201,2.25,1.50
2012.04.30 10:00:49.419,0.9819,0.98202,2.25,1.50
2012.04.30 10:00:50.039,0.9819,0.98202,2.82,1.50
2012.04.30 10:00:50.321,0.98193,0.98205,3.15,1.50
2012.04.30 10:00:50.388,0.98193,0.98208,3.15,3.00
2012.04.30 10:00:50.997,0.98193,0.98209,3.75,3.00
2012.04.30 10:00:51.507,0.98196,0.98209,1.50,1.50
2012.04.30 10:00:52.071,0.98195,0.98207,1.35,1.50
2012.04.30 10:00:53.235,0.98195,0.98207,4.05,2.25
2012.04.30 10:00:53.729,0.98197,0.9821,1.50,1.50
2012.04.30 10:00:54.493,0.98197,0.98208,1.50,1.50
2012.04.30 10:00:55.110,0.98197,0.98211,1.50,4.35
2012.04.30 10:00:55.870,0.98197,0.9821,2.18,2.25
2012.04.30 10:00:56.577,0.98195,0.9821,3.00,3.00
2012.04.30 10:00:57.120,0.98196,0.98209,1.50,1.50
2012.04.30 10:00:57.649,0.98196,0.9821,2.25,3.00
2012.04.30 10:00:58.494,0.98196,0.9821,1.50,3.00
2012.04.30 10:00:59.049,0.98195,0.98208,1.50,1.50
2012.04.30 10:00:59.120,0.98197,0.98209,1.50,1.50
2012.04.30 10:00:59.526,0.98195,0.9821,1.50,6.38
2012.04.30 10:00:59.599,0.98197,0.9821,1.50,6.00
2012.04.30 10:00:59.668,0.98195,0.9821,1.50,6.00
2012.04.30 10:01:00.329,0.98195,0.98208,1.50,2.29
2012.04.30 10:01:00.898,0.98191,0.98203,3.75,3.38
2012.04.30 10:01:01.237,0.98191,0.982,2.25,1.50
2012.04.30 10:01:01.459,0.98187,0.982,3.00,1.50
2012.04.30 10:01:01.993,0.98187,0.98201,3.75,1.50
2012.04.30 10:01:03.410,0.98188,0.98202,2.25,2.63
2012.04.30 10:01:03.550,0.98191,0.98202,1.50,1.13
2012.04.30 10:01:04.773,0.98191,0.98203,1.65,2.63
2012.04.30 10:01:05.130,0.98195,0.98206,2.25,1.16
2012.04.30 10:01:05.269,0.98193,0.98206,1.50,1.91
2012.04.30 10:01:05.413,0.98198,0.98206,1.50,1.16
2012.04.30 10:01:05.633,0.98194,0.98207,1.50,2.29
2012.04.30 10:01:06.119,0.98192,0.98206,1.88,2.44
2012.04.30 10:01:06.669,0.98192,0.98206,1.88,2.44
2012.04.30 10:01:07.182,0.98192,0.98206,1.88,3.19
2012.04.30 10:01:07.689,0.98194,0.98205,1.50,1.88
2012.04.30 10:01:07.890,0.98191,0.98203,2.63,1.50
2012.04.30 10:01:08.804,0.98191,0.98202,2.63,1.50
2012.04.30 10:01:10.429,0.98191,0.98203,4.13,1.69
2012.04.30 10:01:10.928,0.98192,0.98204,1.88,2.25
2012.04.30 10:01:11.499,0.98191,0.98205,3.75,2.44
2012.04.30 10:01:11.631,0.98193,0.98205,1.50,2.44
2012.04.30 10:01:11.699,0.98191,0.98205,5.63,2.44
2012.04.30 10:01:12.070,0.98193,0.98205,1.50,2.44
2012.04.30 10:01:12.598,0.98192,0.98204,1.50,1.50
2012.04.30 10:01:13.989,0.98199,0.98207,1.50,1.69
2012.04.30 10:01:14.121,0.98195,0.98207,1.50,1.69
2012.04.30 10:01:14.259,0.98198,0.98208,1.50,1.50
2012.04.30 10:01:14.771,0.98197,0.98209,1.50,3.00
2012.04.30 10:01:15.690,0.98195,0.98207,1.50,2.25
2012.04.30 10:01:16.253,0.98195,0.98207,1.50,3.00
2012.04.30 10:01:16.670,0.98192,0.98206,1.50,3.75
2012.04.30 10:01:16.858,0.98194,0.98206,1.50,3.75
2012.04.30 10:01:17.439,0.98192,0.98206,1.50,3.75
2012.04.30 10:01:17.969,0.98193,0.98206,1.50,2.25
2012.04.30 10:01:18.491,0.98192,0.98206,1.50,3.75
2012.04.30 10:01:20.748,0.98192,0.98204,1.50,1.50
2012.04.30 10:01:21.268,0.98191,0.98205,4.88,1.50
2012.04.30 10:01:21.588,0.98193,0.98205,1.50,1.50
2012.04.30 10:01:21.657,0.98191,0.98205,4.88,1.50
2012.04.30 10:01:22.368,0.98194,0.98206,1.50,3.75
2012.04.30 10:01:22.620,0.98192,0.98206,3.75,2.25
2012.04.30 10:01:23.186,0.98191,0.98205,6.38,1.50
2012.04.30 10:01:23.693,0.98192,0.98206,2.25,2.25
2012.04.30 10:01:26.108,0.98193,0.98207,1.50,3.04
2012.04.30 10:01:26.616,0.98193,0.98205,1.50,1.50
2012.04.30 10:01:28.503,0.98191,0.98205,6.00,1.50
2012.04.30 10:01:28.579,0.98191,0.98203,2.40,1.50
2012.04.30 10:01:28.888,0.98191,0.98201,2.40,1.50
2012.04.30 10:01:29.242,0.98191,0.98198,2.25,1.50
2012.04.30 10:01:29.311,0.98187,0.98198,1.50,1.50
2012.04.30 10:01:30.258,0.98187,0.98197,2.25,1.50
2012.04.30 10:01:30.388,0.98187,0.982,2.85,1.50
2012.04.30 10:01:30.797,0.98188,0.98196,1.50,1.50
2012.04.30 10:01:31.116,0.98189,0.98201,1.50,1.50
2012.04.30 10:01:32.037,0.98188,0.982,3.00,3.00
2012.04.30 10:01:32.109,0.98188,0.98198,1.50,1.50
2012.04.30 10:01:32.538,0.98188,0.982,3.00,1.50
2012.04.30 10:01:33.100,0.98189,0.98201,1.50,1.50
2012.04.30 10:01:33.667,0.98188,0.98201,3.00,3.75
2012.04.30 10:01:33.799,0.98187,0.98199,3.00,1.50
2012.04.30 10:01:34.179,0.98189,0.98201,1.50,5.25
2012.04.30 10:01:34.997,0.98187,0.98201,3.00,1.50
2012.04.30 10:01:35.069,0.98189,0.98203,1.50,1.50
2012.04.30 10:01:35.427,0.98187,0.98201,3.00,1.50
2012.04.30 10:01:38.473,0.98188,0.98202,1.50,1.50
2012.04.30 10:01:40.248,0.98187,0.98201,4.50,1.50
2012.04.30 10:01:41.909,0.98187,0.98198,1.50,1.50
2012.04.30 10:01:42.441,0.98187,0.98197,1.50,1.50
2012.04.30 10:01:42.513,0.98187,0.98199,1.50,1.50
2012.04.30 10:01:43.228,0.98185,0.98199,4.50,1.50
2012.04.30 10:01:43.417,0.98188,0.982,1.50,3.00
2012.04.30 10:01:43.936,0.98187,0.982,1.50,3.00
2012.04.30 10:01:44.512,0.98188,0.982,1.50,3.00
2012.04.30 10:01:45.046,0.98187,0.982,1.50,3.00
2012.04.30 10:01:47.389,0.98188,0.982,1.50,3.60
2012.04.30 10:01:47.949,0.98187,0.982,1.50,3.60
2012.04.30 10:01:48.407,0.98186,0.98198,2.25,1.50
2012.04.30 10:01:48.548,0.98187,0.98201,1.50,1.50
2012.04.30 10:01:51.117,0.98186,0.98198,2.93,1.50
2012.04.30 10:01:51.688,0.98187,0.98198,1.43,1.50
2012.04.30 10:01:51.936,0.98188,0.982,3.00,1.50
2012.04.30 10:01:55.509,0.98188,0.982,2.25,4.50
2012.04.30 10:01:55.768,0.98185,0.98197,1.50,2.25
2012.04.30 10:01:56.089,0.98182,0.98196,3.57,1.50
2012.04.30 10:01:56.158,0.98186,0.98198,1.50,3.38
2012.04.30 10:01:56.347,0.98182,0.98196,3.00,1.50
2012.04.30 10:01:56.861,0.98184,0.98196,1.50,1.50
2012.04.30 10:02:01.958,0.98184,0.98196,1.50,2.25
2012.04.30 10:02:02.027,0.98182,0.98196,1.50,2.25
2012.04.30 10:02:02.543,0.98182,0.98196,2.25,2.25
2012.04.30 10:02:02.867,0.98185,0.98197,1.50,3.00
2012.04.30 10:02:03.749,0.98183,0.98195,1.50,1.50
2012.04.30 10:02:03.879,0.98181,0.98192,4.50,1.50
2012.04.30 10:02:04.136,0.98181,0.98194,3.75,1.50
2012.04.30 10:02:05.086,0.98181,0.98195,5.25,1.50
2012.04.30 10:02:05.576,0.98181,0.98192,3.75,1.50
2012.04.30 10:02:06.376,0.98181,0.98194,3.75,1.50
2012.04.30 10:02:06.627,0.98181,0.98192,3.75,1.50
2012.04.30 10:02:07.615,0.98181,0.98193,5.25,1.50
2012.04.30 10:02:09.558,0.98181,0.98191,3.75,1.50
2012.04.30 10:02:11.489,0.98181,0.98194,3.75,1.50
2012.04.30 10:02:11.617,0.98181,0.98192,3.75,1.50
2012.04.30 10:02:14.237,0.98181,0.98193,5.25,1.50
2012.04.30 10:02:14.791,0.98181,0.98192,3.75,1.50
2012.04.30 10:02:15.617,0.98181,0.98194,3.75,3.00
2012.04.30 10:02:16.101,0.98181,0.98192,3.75,1.50
2012.04.30 10:02:16.297,0.98181,0.98195,5.25,1.50
2012.04.30 10:02:16.680,0.98181,0.98193,3.75,1.50
2012.04.30 10:02:17.616,0.98181,0.98193,3.75,1.50
2012.04.30 10:02:18.368,0.98181,0.98193,3.75,1.50
2012.04.30 10:02:19.188,0.98181,0.98194,3.00,3.00
2012.04.30 10:02:19.936,0.98181,0.98195,4.50,3.19
2012.04.30 10:02:20.368,0.98181,0.98193,3.00,1.50
2012.04.30 10:02:20.922,0.98181,0.98194,3.00,1.50
2012.04.30 10:02:21.588,0.98181,0.98193,3.00,1.50
2012.04.30 10:02:23.607,0.98181,0.98194,3.00,1.50
2012.04.30 10:02:24.349,0.98181,0.98193,3.00,1.50
2012.04.30 10:02:24.877,0.98181,0.98194,3.00,1.50
2012.04.30 10:02:25.398,0.98181,0.98193,3.00,1.50
2012.04.30 10:02:27.704,0.98179,0.98193,1.50,1.50
2012.04.30 10:02:27.848,0.98179,0.98193,1.50,2.25
2012.04.30 10:02:28.378,0.9818,0.98192,2.85,1.91
2012.04.30 10:02:32.369,0.98181,0.98193,1.50,1.50
2012.04.30 10:02:32.929,0.9818,0.98194,5.85,1.50
2012.04.30 10:02:36.220,0.9818,0.98194,4.35,2.82
2012.04.30 10:02:36.775,0.9818,0.98194,3.75,3.19
2012.04.30 10:02:37.435,0.9818,0.98194,3.75,2.82
2012.04.30 10:02:38.102,0.98177,0.98191,3.98,1.50
2012.04.30 10:02:38.438,0.98177,0.98189,4.73,1.50
2012.04.30 10:02:41.188,0.98177,0.98189,4.73,1.50
2012.04.30 10:02:41.538,0.98181,0.98191,2.25,1.50
2012.04.30 10:02:46.968,0.98179,0.98191,1.50,1.50
2012.04.30 10:02:47.489,0.98178,0.9819,1.35,1.50
2012.04.30 10:02:49.389,0.98177,0.98188,1.50,1.50
2012.04.30 10:02:49.936,0.98177,0.98189,2.25,1.50
2012.04.30 10:02:50.467,0.98177,0.98189,3.38,1.50
2012.04.30 10:02:50.807,0.98181,0.98192,2.25,1.50
2012.04.30 10:02:51.551,0.98181,0.98194,2.25,1.50
2012.04.30 10:02:51.809,0.98181,0.98192,3.00,1.50
2012.04.30 10:02:52.019,0.98178,0.9819,3.00,1.50
2012.04.30 10:02:52.408,0.98178,0.98192,3.00,1.50
2012.04.30 10:02:52.539,0.98178,0.9819,3.00,1.50
2012.04.30 10:02:52.747,0.98178,0.98192,4.88,1.50
2012.04.30 10:02:52.816,0.98181,0.98192,2.25,1.50
2012.04.30 10:03:01.491,0.98181,0.98193,4.50,1.50
2012.04.30 10:03:01.628,0.98183,0.98196,1.50,1.76
2012.04.30 10:03:01.888,0.98183,0.98197,1.69,1.16
2012.04.30 10:03:02.018,0.98186,0.98198,1.50,1.50
2012.04.30 10:03:02.467,0.98188,0.982,1.50,3.41
2012.04.30 10:03:03.033,0.98187,0.982,1.50,3.41
2012.04.30 10:03:03.645,0.98186,0.98198,2.25,1.50
2012.04.30 10:03:05.491,0.98185,0.98197,2.25,1.50
2012.04.30 10:03:06.179,0.98186,0.98198,2.25,1.50
2012.04.30 10:03:06.611,0.98183,0.98195,4.50,1.50
2012.04.30 10:03:07.896,0.98184,0.98196,1.50,1.50
2012.04.30 10:03:08.431,0.98182,0.98196,3.75,1.50
2012.04.30 10:03:09.539,0.98184,0.98196,1.50,1.50
2012.04.30 10:03:12.229,0.98183,0.98195,2.25,1.50
2012.04.30 10:03:13.957,0.98183,0.98195,3.38,1.50
2012.04.30 10:03:14.267,0.98184,0.98196,3.00,1.50
2012.04.30 10:03:22.210,0.98183,0.98195,2.25,1.50
2012.04.30 10:03:22.278,0.98183,0.98195,2.25,1.50
2012.04.30 10:03:22.598,0.98181,0.98193,3.75,1.50
2012.04.30 10:03:22.879,0.98181,0.98195,1.50,1.50
2012.04.30 10:03:22.951,0.9818,0.98191,2.25,1.50
2012.04.30 10:03:23.467,0.98179,0.98191,1.50,1.50
2012.04.30 10:03:29.131,0.98178,0.9819,1.50,2.25
2012.04.30 10:03:29.928,0.98178,0.9819,1.50,4.50
2012.04.30 10:03:30.486,0.98176,0.9819,4.13,4.50
2012.04.30 10:03:33.118,0.98178,0.9819,1.50,3.00
2012.04.30 10:03:34.359,0.98176,0.9819,4.13,4.50
2012.04.30 10:03:34.918,0.98176,0.98189,1.88,1.50
2012.04.30 10:03:35.549,0.98176,0.9819,2.63,6.00
2012.04.30 10:03:36.077,0.98176,0.9819,2.25,4.50
2012.04.30 10:03:36.518,0.98175,0.98189,4.69,2.25
2012.04.30 10:03:36.596,0.98177,0.98189,1.50,2.25
2012.04.30 10:03:36.897,0.98175,0.98187,3.94,1.50
2012.04.30 10:03:37.038,0.98176,0.9819,1.50,4.50
2012.04.30 10:03:37.618,0.98176,0.98188,1.50,1.50
2012.04.30 10:03:38.158,0.98176,0.9819,1.50,4.50
2012.04.30 10:03:38.690,0.98175,0.98189,3.94,2.25
2012.04.30 10:03:39.397,0.98178,0.9819,1.50,3.75
2012.04.30 10:03:41.279,0.98177,0.9819,1.50,3.00
2012.04.30 10:03:41.992,0.98176,0.98188,2.63,1.50
2012.04.30 10:03:42.126,0.98176,0.9819,2.63,4.50
2012.04.30 10:03:42.817,0.98176,0.9819,1.88,4.50
2012.04.30 10:03:46.095,0.98176,0.9819,1.88,4.50
2012.04.30 10:03:46.516,0.98176,0.98188,1.88,1.50
2012.04.30 10:03:47.041,0.98177,0.98189,1.50,1.50
2012.04.30 10:03:48.766,0.98175,0.98189,3.38,1.50
2012.04.30 10:03:49.307,0.98177,0.98189,1.50,1.50
2012.04.30 10:03:51.678,0.98176,0.9819,1.88,3.75
2012.04.30 10:03:52.210,0.98175,0.98189,3.38,1.50
2012.04.30 10:03:52.710,0.98176,0.9819,1.88,3.75
2012.04.30 10:03:53.328,0.98175,0.98189,3.38,1.50
2012.04.30 10:03:53.902,0.98177,0.98189,1.50,1.50
2012.04.30 10:03:55.296,0.98176,0.98188,1.88,1.50
2012.04.30 10:03:55.560,0.98176,0.9819,1.88,3.75
2012.04.30 10:03:56.297,0.98175,0.98189,3.19,1.50
2012.04.30 10:03:56.840,0.98176,0.98188,1.69,1.50
2012.04.30 10:03:57.279,0.98176,0.9819,1.69,4.50
2012.04.30 10:03:58.522,0.98178,0.9819,1.50,3.00
2012.04.30 10:03:58.967,0.98177,0.98188,1.69,1.50
2012.04.30 10:03:59.458,0.98177,0.9819,1.69,1.50
2012.04.30 10:03:59.839,0.98177,0.98188,1.69,1.50
2012.04.30 10:03:59.910,0.98177,0.9819,1.69,1.50
2012.04.30 10:04:00.560,0.98177,0.98188,1.69,1.50
2012.04.30 10:04:01.287,0.98177,0.9819,1.69,1.50
2012.04.30 10:04:01.846,0.98177,0.98189,3.38,1.50
2012.04.30 10:04:02.707,0.98177,0.98188,1.88,1.50
2012.04.30 10:04:03.161,0.98177,0.9819,1.88,1.50
2012.04.30 10:04:03.347,0.98177,0.98188,1.88,1.50
2012.04.30 10:04:03.887,0.98177,0.98189,3.38,1.50
2012.04.30 10:04:16.440,0.98178,0.98189,1.50,2.25
2012.04.30 10:04:17.200,0.98177,0.98189,2.25,2.25
2012.04.30 10:04:18.737,0.98177,0.98191,3.00,1.50
2012.04.30 10:04:18.867,0.98177,0.98189,1.50,1.50
2012.04.30 10:04:19.176,0.98177,0.98187,1.50,1.50
2012.04.30 10:04:19.246,0.98177,0.98189,3.00,1.50
2012.04.30 10:04:20.027,0.98176,0.98187,1.88,1.50
2012.04.30 10:04:20.249,0.98176,0.9819,3.38,5.25
2012.04.30 10:04:21.773,0.98178,0.98192,1.50,4.50
2012.04.30 10:04:21.980,0.98181,0.98193,1.50,2.25
2012.04.30 10:04:22.178,0.98179,0.98191,1.69,1.50
2012.04.30 10:04:22.316,0.9818,0.98192,2.25,1.50
2012.04.30 10:04:22.449,0.98181,0.98194,2.25,1.16
2012.04.30 10:04:22.580,0.98181,0.98193,2.25,1.35
2012.04.30 10:04:22.909,0.98179,0.9819,2.44,2.85
2012.04.30 10:04:23.417,0.98177,0.9819,3.75,2.85
2012.04.30 10:04:26.580,0.98179,0.9819,1.50,2.85
2012.04.30 10:04:28.466,0.98179,0.98191,1.50,2.25
2012.04.30 10:04:28.806,0.98182,0.98194,1.50,4.50
2012.04.30 10:04:29.272,0.9818,0.98194,1.50,4.50
2012.04.30 10:04:29.808,0.9818,0.98192,1.50,1.50
2012.04.30 10:04:30.349,0.98181,0.98194,1.50,3.00
2012.04.30 10:04:31.020,0.98179,0.98193,3.75,2.25
2012.04.30 10:04:32.670,0.98182,0.98193,1.50,2.25
2012.04.30 10:04:33.185,0.98185,0.98195,4.73,1.50
2012.04.30 10:04:33.402,0.98186,0.98197,1.50,1.50
2012.04.30 10:04:33.939,0.98186,0.98198,1.50,1.50
2012.04.30 10:04:34.015,0.9819,0.98198,1.80,1.50
2012.04.30 10:04:34.089,0.9819,0.982,1.50,4.50
2012.04.30 10:04:34.363,0.98192,0.982,1.50,2.25
2012.04.30 10:04:34.441,0.98192,0.98203,1.50,2.66
2012.04.30 10:04:34.649,0.98195,0.98203,1.50,1.16
2012.04.30 10:04:35.191,0.98196,0.98207,1.50,1.50
2012.04.30 10:04:35.689,0.98197,0.98208,1.50,1.17
2012.04.30 10:04:35.766,0.98197,0.98207,1.50,2.29
2012.04.30 10:04:36.056,0.98193,0.98205,2.25,3.00
2012.04.30 10:04:36.136,0.98189,0.98203,7.50,1.50
2012.04.30 10:04:36.678,0.98189,0.98203,6.00,1.50
2012.04.30 10:04:38.448,0.9819,0.98204,1.50,2.25
2012.04.30 10:04:38.580,0.98193,0.98205,1.50,3.00
2012.04.30 10:04:38.851,0.98189,0.98201,5.25,1.50
2012.04.30 10:04:45.188,0.98186,0.98198,3.38,1.50
2012.04.30 10:04:45.679,0.98188,0.98199,1.50,2.25
2012.04.30 10:04:47.658,0.98187,0.98199,1.50,2.25
2012.04.30 10:04:48.307,0.98186,0.98197,3.00,1.50
2012.04.30 10:04:48.642,0.98184,0.98197,1.13,1.50
2012.04.30 10:04:49.546,0.98184,0.98196,1.50,1.50
2012.04.30 10:04:50.149,0.98183,0.98196,1.50,1.50
2012.04.30 10:04:50.676,0.98183,0.98197,3.00,2.18
2012.04.30 10:04:52.417,0.98183,0.98195,3.00,1.50
2012.04.30 10:04:53.137,0.98184,0.98196,1.50,1.50
2012.04.30 10:04:53.267,0.98185,0.98199,1.50,6.33
2012.04.30 10:04:53.880,0.98185,0.98199,1.50,5.93
2012.04.30 10:04:54.780,0.98185,0.98197,1.50,1.50
2012.04.30 10:04:55.537,0.98185,0.98197,2.25,1.50
2012.04.30 10:04:55.672,0.98187,0.98199,1.50,3.00
2012.04.30 10:04:55.809,0.98189,0.98199,1.50,3.41
2012.04.30 10:04:55.877,0.98186,0.98199,3.00,3.00
2012.04.30 10:04:56.558,0.98185,0.98198,1.50,1.50
2012.04.30 10:04:57.070,0.98185,0.98199,3.00,4.91
2012.04.30 10:04:59.428,0.98188,0.98199,1.50,3.00
2012.04.30 10:05:00.168,0.98188,0.98199,2.63,3.00
2012.04.30 10:05:00.240,0.98188,0.98202,3.38,2.66
2012.04.30 10:05:00.980,0.98189,0.98201,1.50,1.50
2012.04.30 10:05:01.223,0.98192,0.98204,1.50,4.50
2012.04.30 10:05:01.303,0.9819,0.98202,3.00,1.50
2012.04.30 10:05:01.649,0.98189,0.982,1.50,1.50
2012.04.30 10:05:02.117,0.98189,0.98202,1.50,1.50
2012.04.30 10:05:03.338,0.98189,0.98201,1.50,1.50
2012.04.30 10:05:06.102,0.98188,0.98199,2.10,1.50
2012.04.30 10:05:06.406,0.98188,0.98201,2.10,1.50
2012.04.30 10:05:06.639,0.9819,0.98204,1.50,5.58
2012.04.30 10:05:10.089,0.9819,0.98204,1.50,5.58
2012.04.30 10:05:13.917,0.98189,0.98203,1.50,2.25
2012.04.30 10:05:15.636,0.98188,0.982,1.50,1.50
2012.04.30 10:05:20.286,0.98188,0.98202,3.75,1.50
2012.04.30 10:05:20.617,0.98191,0.98204,1.50,2.93
2012.04.30 10:05:21.129,0.9819,0.98203,1.50,2.18
2012.04.30 10:05:21.468,0.98192,0.98204,1.50,5.18
2012.04.30 10:05:24.627,0.98192,0.98204,1.50,5.18
2012.04.30 10:05:26.367,0.98192,0.98204,1.50,5.18
2012.04.30 10:05:26.682,0.98189,0.98203,1.50,3.68
2012.04.30 10:05:26.755,0.98187,0.98199,1.50,1.50
2012.04.30 10:05:27.126,0.98187,0.98201,3.00,2.18
2012.04.30 10:05:27.951,0.98188,0.982,2.25,1.50
2012.04.30 10:05:30.680,0.98188,0.982,2.25,2.18
2012.04.30 10:05:31.197,0.98186,0.98199,2.25,2.18
2012.04.30 10:05:31.576,0.98186,0.98197,1.50,1.50
2012.04.30 10:05:31.656,0.98187,0.982,1.50,2.93
2012.04.30 10:05:31.798,0.98187,0.982,1.50,2.93
2012.04.30 10:05:31.931,0.98187,0.982,1.50,3.68
2012.04.30 10:05:31.999,0.98187,0.982,1.50,3.68
2012.04.30 10:05:32.329,0.98189,0.982,1.50,5.03
2012.04.30 10:05:32.400,0.98189,0.982,1.50,4.35
2012.04.30 10:05:32.604,0.98187,0.982,1.50,3.68
2012.04.30 10:05:32.680,0.98187,0.982,1.50,3.68
2012.04.30 10:05:33.151,0.98189,0.982,1.50,3.68
2012.04.30 10:05:33.670,0.98188,0.982,1.50,4.43
2012.04.30 10:05:39.293,0.98189,0.982,1.50,2.93
2012.04.30 10:05:39.826,0.98188,0.982,1.50,4.43
2012.04.30 10:05:40.826,0.98189,0.982,1.50,2.93
2012.04.30 10:05:42.656,0.98187,0.982,1.50,2.93
2012.04.30 10:05:50.230,0.98187,0.982,1.50,2.93
2012.04.30 10:05:50.360,0.98186,0.98198,1.50,1.50
2012.04.30 10:05:50.798,0.98188,0.982,1.50,5.18
2012.04.30 10:05:51.633,0.98187,0.982,1.50,3.68
2012.04.30 10:05:53.591,0.98189,0.982,1.50,2.93
2012.04.30 10:05:54.139,0.98188,0.982,3.75,2.25
2012.04.30 10:05:54.857,0.98188,0.98201,1.50,1.50
2012.04.30 10:05:55.450,0.98189,0.98201,1.50,1.50
2012.04.30 10:05:56.566,0.98188,0.982,1.50,1.50
2012.04.30 10:05:57.986,0.98188,0.98202,2.25,1.50
2012.04.30 10:05:58.496,0.98188,0.98202,2.25,1.50
2012.04.30 10:05:59.478,0.9819,0.98202,1.50,1.50
2012.04.30 10:05:59.998,0.98191,0.98203,1.50,1.50
2012.04.30 10:06:00.556,0.9819,0.98202,5.25,1.50
2012.04.30 10:06:02.029,0.98188,0.982,5.25,1.50
2012.04.30 10:06:02.536,0.98189,0.98201,2.25,1.50
2012.04.30 10:06:03.160,0.98188,0.982,1.50,2.25
2012.04.30 10:06:03.689,0.98188,0.982,1.50,2.25
2012.04.30 10:06:04.587,0.98188,0.98202,1.50,2.25
2012.04.30 10:06:05.056,0.98188,0.982,1.50,1.50
2012.04.30 10:06:06.730,0.98187,0.98197,2.25,1.50
2012.04.30 10:06:07.246,0.98187,0.98198,1.50,1.50
2012.04.30 10:06:09.687,0.98187,0.98199,3.00,1.50
2012.04.30 10:06:13.976,0.98188,0.98202,1.50,2.25
2012.04.30 10:06:14.586,0.98188,0.982,1.50,1.50
2012.04.30 10:06:16.648,0.98186,0.98199,1.13,1.50
2012.04.30 10:06:16.977,0.98189,0.98199,1.50,2.25
2012.04.30 10:06:17.297,0.98186,0.98198,3.38,1.50
2012.04.30 10:06:18.072,0.98187,0.98199,1.50,2.25
2012.04.30 10:06:19.781,0.98188,0.98199,1.50,2.25
2012.04.30 10:06:20.737,0.98189,0.98199,1.50,2.25
2012.04.30 10:06:21.267,0.98188,0.98199,1.50,2.25
2012.04.30 10:06:21.794,0.98189,0.98199,1.50,2.25
2012.04.30 10:06:22.497,0.98187,0.98199,1.50,2.25
2012.04.30 10:06:23.380,0.98189,0.98199,1.50,2.25
2012.04.30 10:06:23.510,0.98186,0.98199,2.63,3.75
2012.04.30 10:06:24.055,0.98187,0.98199,1.50,2.25
2012.04.30 10:06:24.128,0.98187,0.98201,1.50,1.50
2012.04.30 10:06:24.318,0.98186,0.98199,3.00,1.50
2012.04.30 10:06:26.599,0.98188,0.982,1.50,1.50
2012.04.30 10:06:29.199,0.98186,0.98198,4.50,1.50
2012.04.30 10:06:29.569,0.98188,0.982,1.50,3.00
2012.04.30 10:06:31.797,0.98186,0.98198,2.25,1.50
2012.04.30 10:06:32.360,0.98187,0.98199,1.50,1.50
2012.04.30 10:06:32.878,0.98185,0.98199,3.38,1.50
2012.04.30 10:06:33.436,0.98185,0.98198,1.88,1.50
2012.04.30 10:06:35.767,0.98187,0.982,1.50,2.25
2012.04.30 10:06:39.847,0.98186,0.98198,3.00,1.50
2012.04.30 10:06:45.192,0.98185,0.98197,3.00,2.10
2012.04.30 10:06:45.542,0.98185,0.98194,1.50,2.85
2012.04.30 10:06:46.156,0.98182,0.98194,1.50,2.85
2012.04.30 10:06:46.235,0.9818,0.98192,1.50,2.25
2012.04.30 10:06:46.381,0.98178,0.9819,4.13,1.50
2012.04.30 10:06:46.966,0.98178,0.98189,1.88,2.25
2012.04.30 10:06:47.489,0.98177,0.98189,1.13,3.75
2012.04.30 10:06:48.031,0.98176,0.98189,1.50,2.25
2012.04.30 10:06:48.547,0.98177,0.98189,1.50,3.75
2012.04.30 10:06:50.369,0.98176,0.98188,2.25,1.50
2012.04.30 10:06:50.907,0.98177,0.98189,1.50,3.75
2012.04.30 10:06:52.841,0.98175,0.98189,3.94,3.75
2012.04.30 10:06:53.889,0.98175,0.98189,3.19,4.50
2012.04.30 10:06:54.700,0.98177,0.98189,1.50,3.00
2012.04.30 10:06:55.270,0.98177,0.98189,1.50,3.00
2012.04.30 10:06:55.671,0.98175,0.98188,1.50,3.26
2012.04.30 10:06:56.240,0.98174,0.98186,1.50,1.50
2012.04.30 10:06:56.767,0.98173,0.98187,1.50,4.13
2012.04.30 10:06:57.159,0.98173,0.98185,1.50,1.50
2012.04.30 10:06:57.690,0.98172,0.98184,1.50,1.50
2012.04.30 10:06:58.030,0.98174,0.98185,1.50,3.38
2012.04.30 10:06:58.408,0.98172,0.98185,1.50,5.63
2012.04.30 10:06:58.479,0.98169,0.98181,3.75,1.50
2012.04.30 10:07:00.849,0.9817,0.98182,3.75,1.50
2012.04.30 10:07:01.157,0.98172,0.98184,1.50,1.50
2012.04.30 10:07:01.352,0.9817,0.98184,3.00,1.50
2012.04.30 10:07:01.887,0.98172,0.98184,1.50,1.50
2012.04.30 10:07:02.543,0.98172,0.98184,3.75,1.50
2012.04.30 10:07:02.693,0.98175,0.98188,2.25,1.16
2012.04.30 10:07:03.021,0.98178,0.98189,1.50,3.00
2012.04.30 10:07:03.611,0.98177,0.98189,1.50,3.75
2012.04.30 10:07:04.151,0.98175,0.98189,3.00,3.75
2012.04.30 10:07:04.722,0.98177,0.98189,1.50,3.75
2012.04.30 10:07:05.937,0.98175,0.98189,3.00,3.75
2012.04.30 10:07:06.483,0.98177,0.98189,1.50,3.75
2012.04.30 10:07:07.037,0.98175,0.98189,3.00,3.75
2012.04.30 10:07:07.546,0.98176,0.98188,1.50,1.50
2012.04.30 10:07:08.071,0.98176,0.98189,1.50,2.25
2012.04.30 10:07:09.668,0.98176,0.98188,1.50,1.50
2012.04.30 10:07:10.189,0.98175,0.98187,3.75,1.50
2012.04.30 10:07:10.798,0.98176,0.98188,1.50,1.50
2012.04.30 10:07:11.347,0.98177,0.98189,1.50,3.75
2012.04.30 10:07:11.878,0.98176,0.98188,1.50,1.50
2012.04.30 10:07:12.389,0.98176,0.98189,1.50,2.25
2012.04.30 10:07:12.901,0.98176,0.98188,1.50,1.50
2012.04.30 10:07:13.501,0.98175,0.98187,3.00,1.50
2012.04.30 10:07:14.441,0.98175,0.98185,1.50,1.50
2012.04.30 10:07:14.991,0.98175,0.98186,1.50,1.50
2012.04.30 10:07:18.278,0.98175,0.98185,1.50,1.50
2012.04.30 10:07:18.829,0.98175,0.98186,1.50,1.50
2012.04.30 10:07:23.167,0.98175,0.98188,1.50,1.50
2012.04.30 10:07:23.357,0.98175,0.98185,1.50,1.50
2012.04.30 10:07:23.607,0.98175,0.98187,1.50,1.50
2012.04.30 10:07:30.347,0.98175,0.98187,1.50,1.50
2012.04.30 10:07:30.596,0.98176,0.98189,2.25,3.38
2012.04.30 10:07:31.279,0.98178,0.98189,1.50,2.25
2012.04.30 10:07:32.111,0.98177,0.98189,3.00,2.25
2012.04.30 10:07:32.649,0.98179,0.98191,1.50,2.66
2012.04.30 10:07:35.935,0.98177,0.98191,2.25,1.50
2012.04.30 10:07:36.137,0.98179,0.98191,1.50,1.50
2012.04.30 10:07:37.698,0.98177,0.98191,2.25,1.50
2012.04.30 10:07:41.709,0.98176,0.98189,1.69,1.50
2012.04.30 10:07:42.220,0.98177,0.9819,2.25,3.00
2012.04.30 10:07:42.989,0.98178,0.9819,1.50,4.50
2012.04.30 10:07:43.537,0.98179,0.9819,1.50,3.00
2012.04.30 10:07:44.160,0.98178,0.9819,1.50,4.50
2012.04.30 10:07:44.359,0.98175,0.98189,3.75,2.10
2012.04.30 10:07:44.872,0.98175,0.98189,3.75,2.10
2012.04.30 10:07:45.140,0.98175,0.98187,3.75,1.50
2012.04.30 10:07:45.270,0.98177,0.98189,2.25,1.50
2012.04.30 10:07:45.469,0.98179,0.9819,1.50,3.00
2012.04.30 10:07:51.738,0.98176,0.9819,2.25,3.75
2012.04.30 10:07:54.326,0.98176,0.9819,2.25,3.75
2012.04.30 10:07:55.296,0.98176,0.9819,1.50,3.75
2012.04.30 10:07:55.368,0.98179,0.9819,1.50,2.25
2012.04.30 10:07:56.541,0.98178,0.9819,1.50,3.75
2012.04.30 10:07:58.067,0.98177,0.9819,1.50,2.25
2012.04.30 10:08:01.401,0.98179,0.9819,1.50,2.25
2012.04.30 10:08:02.066,0.98177,0.9819,1.50,2.25
2012.04.30 10:08:02.957,0.98178,0.9819,1.50,2.25
2012.04.30 10:08:03.479,0.98177,0.9819,1.50,2.25
2012.04.30 10:08:09.566,0.98177,0.9819,3.00,2.25
2012.04.30 10:08:10.181,0.98176,0.98189,1.88,1.50
2012.04.30 10:08:10.682,0.98178,0.9819,1.50,5.25
2012.04.30 10:08:11.218,0.98179,0.9819,1.50,2.25
2012.04.30 10:08:12.822,0.98177,0.98189,1.50,1.50
2012.04.30 10:08:13.342,0.98178,0.9819,1.50,1.50
2012.04.30 10:08:13.909,0.98179,0.98191,1.50,1.50
2012.04.30 10:08:16.432,0.98177,0.98191,2.25,1.50
2012.04.30 10:08:16.690,0.98177,0.98189,1.50,1.50
2012.04.30 10:08:17.020,0.98177,0.98189,3.75,2.25
2012.04.30 10:08:17.652,0.98177,0.98188,2.25,1.50
2012.04.30 10:08:19.046,0.98177,0.98187,2.25,1.50
2012.04.30 10:08:19.357,0.98177,0.98188,1.50,1.50
2012.04.30 10:08:19.896,0.98177,0.98187,1.50,1.50
2012.04.30 10:08:19.966,0.98177,0.98189,3.00,3.75
2012.04.30 10:08:21.506,0.98179,0.9819,1.50,1.50
2012.04.30 10:08:21.581,0.98177,0.98189,1.50,1.50
2012.04.30 10:08:22.109,0.98178,0.9819,1.50,1.50
2012.04.30 10:08:22.367,0.98177,0.98188,1.50,1.50
2012.04.30 10:08:22.771,0.98178,0.9819,1.50,1.50
2012.04.30 10:08:23.182,0.98179,0.98191,2.63,1.50
2012.04.30 10:08:23.649,0.9818,0.98193,1.50,1.16
2012.04.30 10:08:24.190,0.9818,0.98192,1.50,1.50
2012.04.30 10:08:24.739,0.98179,0.98193,2.25,2.25
2012.04.30 10:08:26.211,0.98179,0.98193,3.68,2.25
2012.04.30 10:08:26.461,0.98182,0.98194,1.50,3.94
2012.04.30 10:08:26.977,0.98183,0.98194,2.25,2.25
2012.04.30 10:08:27.818,0.98181,0.98194,2.25,1.50
2012.04.30 10:08:28.549,0.98181,0.98193,2.25,1.50
2012.04.30 10:08:29.069,0.9818,0.98194,7.88,1.50
2012.04.30 10:08:29.582,0.98182,0.98194,1.50,1.50
2012.04.30 10:08:29.887,0.9818,0.98192,7.50,1.50
2012.04.30 10:08:30.076,0.98181,0.98195,2.25,3.00
2012.04.30 10:08:30.206,0.98181,0.98193,2.25,1.50
2012.04.30 10:08:32.320,0.9818,0.98192,7.88,1.50
2012.04.30 10:08:32.510,0.98181,0.98194,1.50,1.50
2012.04.30 10:08:33.031,0.98181,0.98195,3.00,1.50
2012.04.30 10:08:33.388,0.98181,0.98193,3.00,1.50
2012.04.30 10:08:33.638,0.98181,0.98195,3.00,1.50
2012.04.30 10:08:34.255,0.98181,0.98193,3.00,1.50
2012.04.30 10:08:34.940,0.98182,0.98194,2.25,1.50
2012.04.30 10:08:40.240,0.98181,0.98193,1.50,1.50
2012.04.30 10:08:40.779,0.98182,0.98194,1.50,1.50
2012.04.30 10:08:45.269,0.98181,0.98194,1.50,1.50
2012.04.30 10:08:45.637,0.98181,0.98194,1.50,1.50
2012.04.30 10:08:46.079,0.98182,0.98196,2.25,2.25
2012.04.30 10:08:46.628,0.98182,0.98196,1.50,2.25
2012.04.30 10:08:57.136,0.98182,0.98196,1.50,2.25
2012.04.30 10:08:58.348,0.98181,0.98192,1.50,1.50
2012.04.30 10:08:58.696,0.98182,0.98194,1.50,1.50
2012.04.30 10:09:00.686,0.98181,0.98193,3.00,1.50
2012.04.30 10:09:01.270,0.98182,0.98194,1.50,1.50
2012.04.30 10:09:04.219,0.98184,0.98196,1.50,2.25
2012.04.30 10:09:04.771,0.98183,0.98195,1.50,2.25
2012.04.30 10:09:13.328,0.98183,0.98195,3.00,1.50
2012.04.30 10:09:13.458,0.98183,0.98197,3.00,1.50
2012.04.30 10:09:13.650,0.98186,0.98198,2.25,1.88
2012.04.30 10:09:14.257,0.98186,0.98197,1.50,1.50
2012.04.30 10:09:14.567,0.98185,0.98195,2.25,1.50
2012.04.30 10:09:15.132,0.98185,0.98196,2.25,1.50
2012.04.30 10:09:15.871,0.98185,0.98196,2.25,1.50
2012.04.30 10:09:16.015,0.98186,0.98198,2.63,3.00
2012.04.30 10:09:16.707,0.98187,0.98199,1.50,4.16
2012.04.30 10:09:20.358,0.98187,0.98199,2.25,1.50
2012.04.30 10:09:20.489,0.98187,0.98199,2.25,1.50
2012.04.30 10:09:21.319,0.98187,0.98199,3.00,1.50
2012.04.30 10:09:21.590,0.98188,0.98202,2.25,1.50
2012.04.30 10:09:21.801,0.9819,0.98203,1.50,1.16
2012.04.30 10:09:22.159,0.98192,0.98204,3.00,2.25
2012.04.30 10:09:22.688,0.9819,0.98203,3.75,1.50
2012.04.30 10:09:23.210,0.9819,0.98204,4.50,2.25
2012.04.30 10:09:24.828,0.98194,0.98206,1.50,3.41
2012.04.30 10:09:24.899,0.98194,0.98206,1.50,2.66
2012.04.30 10:09:24.969,0.98192,0.98206,3.00,2.66
2012.04.30 10:09:25.157,0.98193,0.98206,2.25,1.16
2012.04.30 10:09:26.298,0.98193,0.98207,1.50,2.66
2012.04.30 10:09:27.158,0.98193,0.98207,2.25,5.63
2012.04.30 10:09:27.546,0.98191,0.98203,1.50,1.50
2012.04.30 10:09:27.879,0.98193,0.98205,1.50,1.69
2012.04.30 10:09:28.376,0.98191,0.98205,3.00,1.69
2012.04.30 10:09:28.807,0.98193,0.98205,1.50,1.69
2012.04.30 10:09:29.316,0.98192,0.98204,1.50,1.50
2012.04.30 10:09:29.874,0.98193,0.98205,1.50,1.69
2012.04.30 10:09:30.462,0.98193,0.98204,1.50,1.50
2012.04.30 10:09:30.742,0.98197,0.98209,1.50,1.50
2012.04.30 10:09:30.868,0.98199,0.9821,1.50,3.75
2012.04.30 10:09:31.374,0.98197,0.98211,3.00,1.50
2012.04.30 10:09:31.509,0.98197,0.9821,2.25,1.50
2012.04.30 10:09:31.985,0.98198,0.98209,1.50,3.00
2012.04.30 10:09:32.529,0.98197,0.98206,1.50,1.50
2012.04.30 10:09:32.599,0.98193,0.98205,2.93,1.50
2012.04.30 10:09:33.130,0.98194,0.98206,1.50,1.50
2012.04.30 10:09:33.567,0.98195,0.98208,1.50,1.88
2012.04.30 10:09:34.297,0.98194,0.98208,1.50,3.00
2012.04.30 10:09:34.511,0.98197,0.98208,1.50,2.25
2012.04.30 10:09:34.822,0.98199,0.9821,1.50,1.50
2012.04.30 10:09:35.369,0.98198,0.9821,1.50,2.63
2012.04.30 10:09:35.929,0.98199,0.9821,1.50,1.13
2012.04.30 10:09:36.070,0.98197,0.9821,2.25,1.13
2012.04.30 10:09:36.199,0.98195,0.98209,2.25,2.25
2012.04.30 10:09:36.756,0.98196,0.98208,1.50,2.25
2012.04.30 10:09:38.168,0.98192,0.98204,3.00,1.50
2012.04.30 10:09:38.670,0.9819,0.98203,4.69,1.50
2012.04.30 10:09:39.204,0.9819,0.98204,5.25,1.50
2012.04.30 10:09:40.493,0.9819,0.98204,5.25,1.50
2012.04.30 10:09:44.437,0.98191,0.98204,1.50,1.50
2012.04.30 10:09:47.597,0.9819,0.98204,3.75,3.00
2012.04.30 10:09:47.949,0.98184,0.98195,1.50,3.00
2012.04.30 10:09:48.458,0.98183,0.98195,3.75,3.00
2012.04.30 10:09:48.531,0.98185,0.98195,2.25,2.25
2012.04.30 10:09:48.742,0.98186,0.98195,1.50,1.13
2012.04.30 10:09:48.948,0.98183,0.98195,1.50,3.38
2012.04.30 10:09:49.341,0.98184,0.98195,1.50,3.00
2012.04.30 10:09:49.415,0.98188,0.982,1.50,3.78
2012.04.30 10:09:56.316,0.98188,0.982,1.50,2.25
2012.04.30 10:09:58.633,0.98188,0.98202,2.25,1.91
2012.04.30 10:09:59.439,0.98189,0.98202,5.25,1.50
2012.04.30 10:09:59.517,0.98192,0.98205,2.25,4.54
2012.04.30 10:10:00.338,0.98192,0.98205,2.25,4.92
2012.04.30 10:10:03.990,0.9819,0.98205,3.75,3.04
2012.04.30 10:10:04.312,0.98192,0.98205,1.50,6.79
2012.04.30 10:10:04.839,0.98193,0.98205,1.50,3.04
2012.04.30 10:10:06.223,0.98191,0.98205,1.50,4.54
2012.04.30 10:10:06.361,0.98194,0.98205,1.50,5.29
2012.04.30 10:10:06.791,0.98191,0.98204,2.25,1.50
2012.04.30 10:10:07.119,0.98193,0.98205,1.50,5.29
2012.04.30 10:10:08.750,0.98192,0.98205,3.75,2.25
2012.04.30 10:10:09.508,0.98194,0.98205,1.50,2.25
2012.04.30 10:10:10.077,0.98193,0.98205,1.50,2.25
2012.04.30 10:10:10.770,0.98192,0.98205,2.25,3.75
2012.04.30 10:10:11.110,0.98194,0.98205,1.50,1.50
2012.04.30 10:10:11.249,0.98195,0.98209,3.00,4.69
2012.04.30 10:10:11.382,0.98197,0.98209,1.50,2.44
2012.04.30 10:10:11.887,0.98198,0.98209,2.25,2.25
2012.04.30 10:10:17.514,0.98196,0.98209,3.75,3.75
2012.04.30 10:10:18.529,0.98198,0.98209,1.50,2.25
2012.04.30 10:10:19.616,0.98198,0.9821,2.25,1.13
2012.04.30 10:10:19.973,0.982,0.98211,1.50,1.16
2012.04.30 10:10:20.570,0.98198,0.98211,2.25,2.25
2012.04.30 10:10:23.681,0.98197,0.98209,3.00,1.50
2012.04.30 10:10:26.432,0.98198,0.98212,2.25,3.60
2012.04.30 10:10:26.698,0.98201,0.98212,1.50,1.50
2012.04.30 10:10:27.001,0.98199,0.98212,1.50,1.50
2012.04.30 10:10:27.741,0.982,0.98212,1.50,1.91
2012.04.30 10:10:29.310,0.98199,0.98212,1.50,1.50
2012.04.30 10:10:29.637,0.98201,0.98212,1.50,1.50
2012.04.30 10:10:31.039,0.98201,0.98211,1.50,1.50
2012.04.30 10:10:31.549,0.98202,0.98213,1.50,1.16
2012.04.30 10:10:32.841,0.98204,0.98214,1.50,4.16
2012.04.30 10:10:32.913,0.98204,0.98214,1.50,3.00
2012.04.30 10:10:33.121,0.98201,0.98212,2.25,1.50
2012.04.30 10:10:34.660,0.982,0.98212,3.38,1.50
2012.04.30 10:10:34.999,0.98198,0.98212,3.75,1.50
2012.04.30 10:10:35.506,0.982,0.98213,1.50,1.50
2012.04.30 10:10:36.029,0.982,0.98213,1.50,1.50
2012.04.30 10:10:37.762,0.98199,0.98211,10.50,1.50
2012.04.30 10:10:37.961,0.98199,0.98211,4.13,1.50
2012.04.30 10:10:38.030,0.982,0.98214,1.50,4.50
2012.04.30 10:10:38.590,0.982,0.98212,1.50,1.50
2012.04.30 10:10:38.662,0.982,0.98214,1.50,4.88
2012.04.30 10:10:38.730,0.982,0.98212,1.50,1.50
2012.04.30 10:10:39.325,0.982,0.98214,1.50,4.88
2012.04.30 10:10:39.860,0.98201,0.98213,1.50,1.50
2012.04.30 10:10:43.159,0.982,0.98212,1.50,1.50
2012.04.30 10:10:43.837,0.98201,0.98213,1.50,1.50
2012.04.30 10:10:44.811,0.982,0.98212,1.50,1.50
2012.04.30 10:10:45.799,0.98201,0.98213,1.50,1.50
2012.04.30 10:10:46.345,0.98201,0.98214,1.50,3.00
2012.04.30 10:10:48.090,0.98201,0.98211,1.50,1.50
2012.04.30 10:10:48.848,0.98203,0.98211,1.50,1.50
2012.04.30 10:10:49.447,0.98202,0.98211,1.50,1.50
2012.04.30 10:10:51.117,0.98202,0.98211,1.50,1.50
2012.04.30 10:10:51.188,0.98202,0.98214,1.50,1.50
2012.04.30 10:10:51.761,0.98202,0.98215,1.50,4.32
2012.04.30 10:10:52.278,0.98202,0.98215,1.50,4.32
2012.04.30 10:10:53.254,0.98202,0.98214,1.50,3.38
2012.04.30 10:10:53.584,0.98202,0.98214,2.25,5.63
2012.04.30 10:10:53.662,0.982,0.98209,3.75,1.50
2012.04.30 10:10:53.729,0.982,0.98211,3.75,2.25
2012.04.30 10:10:54.820,0.982,0.98214,5.25,3.75
2012.04.30 10:10:55.381,0.98201,0.98215,1.50,3.94
2012.04.30 10:10:56.268,0.98201,0.98215,1.50,2.44
2012.04.30 10:11:02.090,0.98203,0.98215,1.50,2.44
2012.04.30 10:11:02.410,0.98205,0.98215,1.50,1.50
2012.04.30 10:11:02.739,0.98208,0.98218,1.50,1.91
2012.04.30 10:11:03.069,0.98206,0.98218,3.75,1.16
2012.04.30 10:11:04.231,0.98207,0.98219,1.50,3.00
2012.04.30 10:11:06.332,0.98206,0.98219,3.75,1.50
2012.04.30 10:11:06.849,0.98207,0.98219,1.50,1.88
2012.04.30 10:11:07.380,0.98208,0.98219,1.50,1.50
2012.04.30 10:11:07.540,0.98206,0.98219,3.75,1.50
2012.04.30 10:11:08.042,0.98207,0.98219,1.50,1.50
2012.04.30 10:11:08.528,0.98206,0.9822,2.25,2.25
2012.04.30 10:11:09.572,0.98208,0.9822,1.50,2.25
2012.04.30 10:11:10.118,0.98209,0.98221,1.50,2.25
2012.04.30 10:11:13.137,0.98206,0.9822,2.44,1.50
2012.04.30 10:11:13.649,0.98208,0.9822,1.50,1.50
2012.04.30 10:11:14.211,0.98207,0.98219,2.25,1.50
2012.04.30 10:11:15.328,0.98205,0.98217,5.44,1.50
2012.04.30 10:11:15.588,0.98205,0.98219,3.19,2.25
2012.04.30 10:11:15.777,0.98205,0.98217,2.44,1.50
2012.04.30 10:11:16.329,0.98206,0.98218,1.50,3.03
2012.04.30 10:11:16.652,0.98202,0.98214,2.25,1.69
2012.04.30 10:11:17.201,0.98201,0.98213,3.00,1.50
2012.04.30 10:11:18.401,0.98204,0.98213,1.13,1.50
2012.04.30 10:11:18.730,0.98206,0.98218,4.88,1.50
2012.04.30 10:11:19.238,0.98207,0.98219,1.50,3.00
2012.04.30 10:11:19.828,0.98208,0.9822,1.50,3.00
2012.04.30 10:11:20.553,0.98207,0.98219,1.50,2.25
2012.04.30 10:11:22.905,0.98208,0.9822,1.50,3.75
2012.04.30 10:11:23.702,0.98207,0.98219,1.50,2.25
2012.04.30 10:11:23.950,0.98207,0.98216,1.50,2.25
2012.04.30 10:11:24.458,0.98206,0.98216,2.25,2.25
2012.04.30 10:11:24.588,0.98206,0.98218,2.25,2.25
2012.04.30 10:11:25.100,0.98206,0.98217,2.25,3.00
2012.04.30 10:11:25.657,0.98206,0.98218,3.75,3.94
2012.04.30 10:11:26.288,0.98206,0.98215,1.50,2.25
2012.04.30 10:11:26.362,0.98202,0.98215,1.50,4.50
2012.04.30 10:11:26.882,0.982,0.98213,4.13,1.69
2012.04.30 10:11:27.009,0.98201,0.98212,2.25,2.25
2012.04.30 10:11:27.328,0.98203,0.98212,1.50,2.25
2012.04.30 10:11:27.540,0.98201,0.98212,3.75,2.25
2012.04.30 10:11:28.488,0.982,0.98212,7.13,3.75
2012.04.30 10:11:29.819,0.982,0.98214,7.13,4.50
2012.04.30 10:11:30.627,0.98202,0.98214,1.50,3.00
2012.04.30 10:11:34.048,0.98201,0.98214,1.50,3.00
2012.04.30 10:11:34.501,0.98203,0.98214,1.50,3.00
2012.04.30 10:11:41.056,0.98202,0.98214,1.50,4.50
2012.04.30 10:11:41.885,0.98203,0.98214,1.50,3.00
2012.04.30 10:11:42.463,0.98202,0.98214,1.50,4.50
2012.04.30 10:11:42.778,0.98202,0.98212,1.50,2.25
2012.04.30 10:11:42.910,0.982,0.98212,3.75,2.25
2012.04.30 10:11:43.411,0.98199,0.98212,1.50,3.75
2012.04.30 10:11:43.967,0.98201,0.98212,1.50,2.25
2012.04.30 10:11:44.997,0.98199,0.98212,2.25,2.25
2012.04.30 10:11:45.569,0.98199,0.98211,1.50,1.88
2012.04.30 10:11:48.129,0.98198,0.98212,3.75,3.75
2012.04.30 10:11:48.204,0.98198,0.98212,3.00,3.75
2012.04.30 10:11:48.338,0.98201,0.98212,1.50,2.25
2012.04.30 10:11:48.408,0.98199,0.98212,1.50,2.85
2012.04.30 10:11:49.929,0.98198,0.9821,3.00,1.88
2012.04.30 10:11:54.798,0.98196,0.9821,3.75,1.88
2012.04.30 10:11:54.868,0.98196,0.98208,2.25,1.50
2012.04.30 10:11:55.199,0.98196,0.98206,2.25,1.50
2012.04.30 10:11:55.341,0.98196,0.98209,2.25,1.50
2012.04.30 10:11:56.001,0.98196,0.98209,2.25,1.50
2012.04.30 10:11:56.559,0.98196,0.98209,2.25,1.50
2012.04.30 10:11:57.123,0.98197,0.98208,1.50,1.50
2012.04.30 10:11:58.087,0.98196,0.98207,2.25,1.50
2012.04.30 10:11:58.604,0.98197,0.98208,1.50,1.50
2012.04.30 10:11:59.173,0.98196,0.98207,1.50,1.50
2012.04.30 10:11:59.711,0.98196,0.98207,1.50,1.50
2012.04.30 10:12:00.248,0.98196,0.98207,1.50,1.50
2012.04.30 10:12:00.774,0.98196,0.98207,1.50,1.50
2012.04.30 10:12:01.306,0.98196,0.98207,1.50,1.50
2012.04.30 10:12:01.520,0.98198,0.9821,1.50,3.00
2012.04.30 10:12:02.040,0.98197,0.98209,3.00,1.50
2012.04.30 10:12:03.051,0.98197,0.98211,3.00,3.00
2012.04.30 10:12:03.642,0.98197,0.98208,1.50,1.50
2012.04.30 10:12:04.967,0.98197,0.98208,2.25,1.50
2012.04.30 10:12:09.687,0.98198,0.9821,2.25,1.50
2012.04.30 10:12:11.447,0.98196,0.9821,3.75,1.50
2012.04.30 10:12:12.116,0.98199,0.98211,1.50,1.88
2012.04.30 10:12:12.657,0.98196,0.9821,4.13,1.50
2012.04.30 10:12:14.443,0.98197,0.98211,1.50,1.50
2012.04.30 10:12:14.589,0.98199,0.98211,1.50,1.50
2012.04.30 10:12:14.657,0.98197,0.98211,2.25,1.50
2012.04.30 10:12:14.787,0.98199,0.98211,1.50,1.50
2012.04.30 10:12:14.988,0.98197,0.98211,3.75,1.50
2012.04.30 10:12:18.576,0.98197,0.98209,2.25,1.50
2012.04.30 10:12:18.707,0.98197,0.98211,2.25,3.00
2012.04.30 10:12:21.738,0.98197,0.9821,2.25,1.50
2012.04.30 10:12:21.928,0.98197,0.98208,2.25,1.50
2012.04.30 10:12:27.784,0.98198,0.98212,1.50,2.63
2012.04.30 10:12:28.287,0.98198,0.9821,1.50,1.50
2012.04.30 10:12:30.749,0.98198,0.98212,1.50,2.63
2012.04.30 10:12:31.628,0.98198,0.9821,1.50,1.50
2012.04.30 10:12:32.361,0.98199,0.98211,1.50,1.50
2012.04.30 10:12:32.668,0.98197,0.98211,3.75,1.50
2012.04.30 10:12:32.982,0.98199,0.98211,1.50,1.50
2012.04.30 10:12:33.309,0.98197,0.98209,3.00,1.50
2012.04.30 10:12:33.749,0.98199,0.98211,1.50,1.50
2012.04.30 10:12:34.419,0.98198,0.9821,1.50,1.50
2012.04.30 10:12:35.009,0.98197,0.98209,2.25,1.50
2012.04.30 10:12:35.573,0.98198,0.9821,1.50,1.50
2012.04.30 10:12:37.001,0.98197,0.98209,1.50,1.50
2012.04.30 10:12:37.324,0.98197,0.98211,2.25,2.25
2012.04.30 10:12:38.102,0.98197,0.98211,2.25,2.82
2012.04.30 10:12:38.310,0.98197,0.98209,1.50,4.73
2012.04.30 10:12:38.713,0.98198,0.98209,2.25,1.50
2012.04.30 10:12:38.853,0.98198,0.98209,2.25,1.50
2012.04.30 10:12:39.422,0.98195,0.98208,3.00,2.44
2012.04.30 10:12:39.568,0.982,0.98208,1.50,3.94
2012.04.30 10:12:40.236,0.982,0.98207,1.50,1.50
2012.04.30 10:12:41.398,0.982,0.98207,1.50,1.50
2012.04.30 10:12:41.602,0.98201,0.98209,1.50,1.50
2012.04.30 10:12:41.742,0.98201,0.98207,1.50,1.50
2012.04.30 10:12:42.289,0.98201,0.98208,1.50,1.50
2012.04.30 10:12:45.999,0.982,0.98212,1.50,2.28
2012.04.30 10:12:46.190,0.982,0.98209,1.50,1.50
2012.04.30 10:12:46.711,0.982,0.9821,1.50,1.50
2012.04.30 10:12:58.199,0.982,0.9821,1.50,1.50
2012.04.30 10:12:58.510,0.982,0.98208,1.50,1.50
2012.04.30 10:12:58.888,0.982,0.98211,1.50,1.88
2012.04.30 10:12:59.078,0.982,0.98209,1.50,1.50
2012.04.30 10:12:59.861,0.982,0.98209,1.50,1.50
2012.04.30 10:13:00.389,0.98201,0.98208,1.50,1.50
2012.04.30 10:13:06.800,0.982,0.98208,1.50,1.50
2012.04.30 10:13:06.997,0.98201,0.98211,1.50,1.88
2012.04.30 10:13:07.546,0.98201,0.9821,1.50,1.50
2012.04.30 10:13:08.109,0.98201,0.98209,1.50,1.50
2012.04.30 10:13:08.521,0.982,0.98211,1.50,1.88
2012.04.30 10:13:09.129,0.982,0.9821,1.50,1.50
2012.04.30 10:13:10.046,0.982,0.98212,1.88,1.88
2012.04.30 10:13:10.543,0.982,0.98207,1.50,1.50
2012.04.30 10:13:10.938,0.982,0.98209,1.50,1.50
2012.04.30 10:13:11.968,0.98201,0.9821,1.50,1.50
2012.04.30 10:13:12.597,0.98201,0.98209,1.50,1.50
2012.04.30 10:13:13.126,0.98201,0.9821,1.50,1.50
2012.04.30 10:13:14.310,0.98201,0.9821,1.50,2.25
2012.04.30 10:13:14.970,0.982,0.98211,1.50,1.88
2012.04.30 10:13:16.957,0.98201,0.98213,1.50,2.63
2012.04.30 10:13:19.099,0.982,0.98212,1.50,1.50
2012.04.30 10:13:19.230,0.982,0.9821,1.50,1.50
2012.04.30 10:13:20.778,0.982,0.9821,1.50,1.50
2012.04.30 10:13:21.411,0.98201,0.98211,1.50,1.50
2012.04.30 10:13:21.778,0.98201,0.98213,3.00,4.13
2012.04.30 10:13:22.369,0.98201,0.98212,1.50,1.50
2012.04.30 10:13:23.219,0.98201,0.98212,1.50,1.50
2012.04.30 10:13:23.347,0.98201,0.9821,1.50,1.50
2012.04.30 10:13:23.876,0.982,0.9821,1.50,1.50
2012.04.30 10:13:24.485,0.982,0.98211,1.50,1.88
2012.04.30 10:13:29.045,0.982,0.98211,1.50,1.50
2012.04.30 10:13:29.838,0.982,0.98212,1.50,2.25
2012.04.30 10:13:30.357,0.98201,0.98209,1.50,1.50
2012.04.30 10:13:30.696,0.98201,0.98207,1.50,1.50
2012.04.30 10:13:31.353,0.98201,0.98208,1.50,1.50
2012.04.30 10:13:38.788,0.982,0.98208,1.50,1.50
2012.04.30 10:13:39.378,0.982,0.98208,1.50,1.50
2012.04.30 10:13:41.220,0.982,0.9821,1.50,1.50
2012.04.30 10:13:41.760,0.982,0.98212,3.00,1.13
2012.04.30 10:13:42.607,0.982,0.9821,1.50,1.50
2012.04.30 10:13:43.155,0.982,0.98211,1.50,1.88
2012.04.30 10:13:43.717,0.982,0.98211,1.50,1.88
2012.04.30 10:13:44.279,0.982,0.98213,3.38,1.13
2012.04.30 10:13:44.612,0.98203,0.98214,1.50,1.50
2012.04.30 10:13:44.754,0.98204,0.98214,1.50,1.50
2012.04.30 10:13:44.902,0.98205,0.98217,3.00,1.88
2012.04.30 10:13:45.040,0.98208,0.98218,1.50,1.50
2012.04.30 10:13:45.542,0.98208,0.98219,1.50,1.50
2012.04.30 10:13:46.099,0.98207,0.98219,1.50,3.00
2012.04.30 10:13:46.650,0.98208,0.9822,1.50,5.44
2012.04.30 10:13:47.678,0.98207,0.98219,1.50,2.44
2012.04.30 10:13:48.699,0.98209,0.9822,1.50,3.94
2012.04.30 10:13:48.889,0.98206,0.9822,1.50,5.44
2012.04.30 10:13:49.447,0.98207,0.98219,1.50,2.44
2012.04.30 10:13:53.958,0.98205,0.98217,3.75,1.50
2012.04.30 10:13:54.906,0.98206,0.98218,1.50,2.25
2012.04.30 10:13:55.407,0.98205,0.98217,2.25,1.50
2012.04.30 10:13:57.647,0.98206,0.98218,1.50,2.25
2012.04.30 10:13:58.296,0.98204,0.98218,2.25,2.63
2012.04.30 10:13:59.186,0.98206,0.98218,1.50,1.13
2012.04.30 10:13:59.515,0.98208,0.98219,1.50,2.63
2012.04.30 10:14:01.349,0.98208,0.98218,1.50,1.35
2012.04.30 10:14:01.420,0.98205,0.98218,1.50,1.35
2012.04.30 10:14:01.934,0.98206,0.98218,1.50,1.35
2012.04.30 10:14:02.459,0.98205,0.98218,1.50,1.54
2012.04.30 10:14:02.838,0.98207,0.98218,1.50,1.54
2012.04.30 10:14:04.818,0.98205,0.98218,1.50,1.54
2012.04.30 10:14:05.368,0.98206,0.98218,1.50,1.54
2012.04.30 10:14:06.699,0.98208,0.98218,1.50,1.54
2012.04.30 10:14:07.343,0.98207,0.98218,1.50,1.54
2012.04.30 10:14:11.636,0.98208,0.98218,1.50,1.54
2012.04.30 10:14:11.916,0.98205,0.98218,1.50,1.54
2012.04.30 10:14:14.001,0.98208,0.98218,1.50,1.13
2012.04.30 10:14:17.779,0.98208,0.98218,1.50,1.35
2012.04.30 10:14:18.167,0.98206,0.98218,1.50,1.73
2012.04.30 10:14:18.679,0.98205,0.98218,1.50,1.73
2012.04.30 10:14:21.099,0.98206,0.98218,1.50,1.73
2012.04.30 10:14:21.778,0.98205,0.98218,1.50,1.73
2012.04.30 10:14:26.628,0.98207,0.98218,1.50,1.73
2012.04.30 10:14:27.797,0.98208,0.98218,1.50,1.73
2012.04.30 10:14:28.495,0.98207,0.98218,1.50,1.73
2012.04.30 10:14:33.729,0.98207,0.98218,1.50,3.60
2012.04.30 10:14:33.801,0.98205,0.98218,1.50,5.10
2012.04.30 10:14:34.362,0.98203,0.98217,2.25,1.73
2012.04.30 10:14:34.487,0.98203,0.98215,2.25,2.25
2012.04.30 10:14:35.039,0.98202,0.98215,3.00,2.25
2012.04.30 10:14:37.277,0.98202,0.98215,3.00,2.25
2012.04.30 10:14:39.367,0.98202,0.98217,3.00,6.60
2012.04.30 10:14:39.557,0.98203,0.98217,1.88,5.85
2012.04.30 10:14:39.963,0.98207,0.98217,1.50,2.25
2012.04.30 10:14:40.040,0.98205,0.98217,1.50,2.25
2012.04.30 10:14:40.871,0.98205,0.98218,1.50,1.69
2012.04.30 10:14:41.428,0.98206,0.98219,1.50,4.91
2012.04.30 10:14:42.151,0.98205,0.98219,1.50,4.50
2012.04.30 10:14:42.669,0.98206,0.98218,1.50,1.69
2012.04.30 10:14:43.301,0.98205,0.98219,1.50,5.66
2012.04.30 10:14:43.971,0.98204,0.98219,2.25,5.25
2012.04.30 10:14:44.176,0.98206,0.98219,1.50,5.25
2012.04.30 10:14:44.708,0.98205,0.98219,1.50,6.75
2012.04.30 10:14:45.417,0.98205,0.98218,1.50,2.85
2012.04.30 10:14:45.669,0.98202,0.98216,3.00,1.88
2012.04.30 10:14:46.361,0.98202,0.98217,4.50,3.23
2012.04.30 10:14:46.428,0.98204,0.98217,1.50,3.23
2012.04.30 10:14:46.760,0.98206,0.98218,1.50,5.10
2012.04.30 10:14:47.208,0.98204,0.98218,3.00,5.10
2012.04.30 10:14:47.281,0.98206,0.98218,1.50,5.10
2012.04.30 10:14:47.808,0.98206,0.98218,1.50,3.04
2012.04.30 10:14:48.698,0.98205,0.98218,1.50,3.04
2012.04.30 10:14:49.241,0.98204,0.98217,3.00,1.54
2012.04.30 10:14:49.569,0.98206,0.98217,1.50,1.54
2012.04.30 10:14:50.235,0.98205,0.98217,1.50,1.54
2012.04.30 10:14:50.767,0.98206,0.98217,1.50,1.54
2012.04.30 10:14:51.719,0.98205,0.98217,1.50,1.73
2012.04.30 10:14:52.934,0.98205,0.98217,1.50,3.60
2012.04.30 10:14:53.127,0.98202,0.98217,3.75,5.10
2012.04.30 10:14:53.320,0.98204,0.98217,1.50,3.60
2012.04.30 10:14:53.460,0.98202,0.98216,3.00,1.88
2012.04.30 10:14:53.971,0.98202,0.98217,3.00,6.60
2012.04.30 10:14:56.777,0.98202,0.98217,3.00,4.35
2012.04.30 10:14:56.966,0.98206,0.98217,1.50,1.50
2012.04.30 10:14:57.396,0.98204,0.98217,3.00,1.35
2012.04.30 10:14:57.839,0.98206,0.98217,1.50,1.35
2012.04.30 10:14:58.308,0.98206,0.98219,1.50,1.50
2012.04.30 10:14:58.438,0.98208,0.98219,1.50,1.50
2012.04.30 10:15:00.591,0.98208,0.98221,2.25,3.63
2012.04.30 10:15:00.939,0.98213,0.98222,1.50,1.50
2012.04.30 10:15:01.128,0.98211,0.98222,1.50,1.50
2012.04.30 10:15:03.532,0.98209,0.98221,1.50,3.00
2012.04.30 10:15:03.671,0.98206,0.98221,1.88,4.50
2012.04.30 10:15:03.879,0.98209,0.98221,1.50,3.75
2012.04.30 10:15:08.631,0.98209,0.98222,1.50,3.60
2012.04.30 10:15:09.074,0.98211,0.98222,1.50,2.10
2012.04.30 10:15:09.739,0.98208,0.98222,1.50,3.60
2012.04.30 10:15:12.272,0.98209,0.98222,1.50,1.35
2012.04.30 10:15:12.349,0.98209,0.98224,4.50,3.38
2012.04.30 10:15:12.912,0.98212,0.98225,3.00,2.66
2012.04.30 10:15:13.179,0.98214,0.98227,1.50,2.25
2012.04.30 10:15:13.809,0.98213,0.98228,3.00,4.76
2012.04.30 10:15:14.268,0.98216,0.98228,1.50,3.26
2012.04.30 10:15:14.580,0.98218,0.98228,1.50,2.51
2012.04.30 10:15:15.099,0.98217,0.98228,1.50,1.76
2012.04.30 10:15:15.897,0.98218,0.98228,1.50,1.35
2012.04.30 10:15:16.463,0.98217,0.98228,1.50,1.35
2012.04.30 10:15:17.040,0.98218,0.98228,1.50,1.35
2012.04.30 10:15:17.569,0.98217,0.98228,1.50,1.73
2012.04.30 10:15:18.154,0.98216,0.98228,1.50,1.35
2012.04.30 10:15:18.690,0.98217,0.98228,1.50,1.35
2012.04.30 10:15:19.236,0.98218,0.98228,1.50,1.35
2012.04.30 10:15:19.874,0.98216,0.98228,1.50,1.35
2012.04.30 10:15:20.008,0.98218,0.98228,1.50,1.35
2012.04.30 10:15:22.446,0.98217,0.98228,1.50,2.10
2012.04.30 10:15:26.211,0.98216,0.98227,1.50,1.50
2012.04.30 10:15:26.504,0.98213,0.98226,1.69,2.63
2012.04.30 10:15:27.067,0.98213,0.98226,1.50,1.50
2012.04.30 10:15:27.619,0.98214,0.98226,1.50,1.50
2012.04.30 10:15:27.690,0.98212,0.98226,1.13,3.00
2012.04.30 10:15:28.208,0.98213,0.98226,1.50,1.50
2012.04.30 10:15:28.852,0.98212,0.98225,2.63,2.25
2012.04.30 10:15:29.788,0.98213,0.98225,1.50,3.00
2012.04.30 10:15:30.160,0.98211,0.98225,1.32,3.00
2012.04.30 10:15:30.708,0.98211,0.98225,1.32,4.50
2012.04.30 10:15:33.309,0.98211,0.98225,2.82,4.50
2012.04.30 10:15:38.124,0.98211,0.9822,1.88,2.85
2012.04.30 10:15:38.471,0.98207,0.98216,2.25,2.85
2012.04.30 10:15:38.669,0.98205,0.98216,1.50,2.85
2012.04.30 10:15:38.810,0.98205,0.98216,1.50,2.85
2012.04.30 10:15:42.387,0.98203,0.98216,3.00,3.04
2012.04.30 10:15:46.078,0.98203,0.98216,3.00,2.85
2012.04.30 10:15:50.459,0.98205,0.98216,1.50,2.85
2012.04.30 10:15:52.839,0.98204,0.98216,1.50,2.25
2012.04.30 10:16:00.568,0.98204,0.98215,2.25,2.25
2012.04.30 10:16:05.730,0.98203,0.98213,2.64,2.22
2012.04.30 10:16:06.080,0.98199,0.98205,1.50,2.25
2012.04.30 10:16:06.152,0.98196,0.98205,1.13,2.25
2012.04.30 10:16:06.221,0.98195,0.98205,3.00,2.25
2012.04.30 10:16:06.463,0.98196,0.98207,1.50,1.50
2012.04.30 10:16:06.546,0.98198,0.9821,3.00,1.50
2012.04.30 10:16:06.690,0.98198,0.98212,3.00,3.75
2012.04.30 10:16:06.760,0.98198,0.98212,2.25,3.75
2012.04.30 10:16:06.900,0.98196,0.9821,2.25,1.50
2012.04.30 10:16:07.450,0.982,0.98211,1.50,1.50
2012.04.30 10:16:08.388,0.98199,0.98212,3.75,1.50
2012.04.30 10:16:08.698,0.98203,0.98214,1.50,2.28
2012.04.30 10:16:08.768,0.98203,0.98214,1.50,1.88
2012.04.30 10:16:10.190,0.98202,0.98214,1.50,1.88
2012.04.30 10:16:10.839,0.98202,0.98214,1.50,2.63
2012.04.30 10:16:11.098,0.98202,0.98211,1.50,1.88
2012.04.30 10:16:11.440,0.98194,0.98206,1.43,4.35
2012.04.30 10:16:11.850,0.98191,0.98203,3.00,1.13
2012.04.30 10:16:11.992,0.9819,0.982,1.50,2.25
2012.04.30 10:16:12.309,0.98191,0.98199,1.50,1.50
2012.04.30 10:16:12.460,0.98191,0.98202,1.50,2.25
2012.04.30 10:16:13.082,0.9819,0.982,1.50,2.25
2012.04.30 10:16:28.210,0.9819,0.982,2.25,2.25
2012.04.30 10:16:28.349,0.98191,0.98203,1.50,2.25
2012.04.30 10:16:28.857,0.9819,0.98204,3.75,3.60
2012.04.30 10:16:29.108,0.9819,0.98202,3.75,1.50
2012.04.30 10:16:30.829,0.98193,0.98202,1.50,1.50
2012.04.30 10:16:31.183,0.98199,0.98211,2.25,3.75
2012.04.30 10:16:31.458,0.98199,0.98212,3.00,1.50
2012.04.30 10:16:31.999,0.98199,0.98212,1.50,1.35
2012.04.30 10:16:32.070,0.98199,0.9821,1.50,2.25
2012.04.30 10:16:32.643,0.98199,0.9821,1.50,2.25
2012.04.30 10:16:34.201,0.982,0.9821,1.50,2.25
2012.04.30 10:16:34.493,0.98201,0.98216,6.75,3.75
2012.04.30 10:16:34.802,0.98201,0.98212,2.25,1.50
2012.04.30 10:16:35.313,0.98201,0.98211,1.50,1.50
2012.04.30 10:16:35.829,0.982,0.98212,1.50,1.50
2012.04.30 10:16:37.319,0.98201,0.98212,1.50,1.50
2012.04.30 10:16:37.875,0.982,0.98212,1.50,1.50
2012.04.30 10:16:38.408,0.982,0.98212,1.50,1.50
2012.04.30 10:16:38.933,0.98202,0.98212,1.50,1.50
2012.04.30 10:16:39.388,0.982,0.98211,1.50,2.25
2012.04.30 10:16:39.941,0.98199,0.98211,1.50,3.00
2012.04.30 10:16:40.973,0.98198,0.9821,1.50,1.50
2012.04.30 10:16:41.583,0.98198,0.9821,1.50,2.63
2012.04.30 10:16:42.198,0.98197,0.9821,2.25,1.50
2012.04.30 10:16:42.718,0.98199,0.98211,1.50,4.50
2012.04.30 10:16:42.909,0.98199,0.98206,1.50,2.25
2012.04.30 10:16:43.120,0.98193,0.98206,1.50,4.69
2012.04.30 10:16:43.390,0.98193,0.98205,1.50,4.54
2012.04.30 10:16:45.314,0.98191,0.98204,2.25,2.25
2012.04.30 10:16:46.070,0.98191,0.98204,2.25,1.50
2012.04.30 10:16:46.616,0.98192,0.98204,2.25,3.00
2012.04.30 10:16:50.299,0.98193,0.98206,2.25,4.13
2012.04.30 10:16:50.488,0.98194,0.98205,1.50,1.50
2012.04.30 10:16:50.960,0.98199,0.9821,3.00,3.03
2012.04.30 10:16:51.031,0.98199,0.9821,2.25,2.63
2012.04.30 10:16:51.588,0.98198,0.98209,1.50,1.50
2012.04.30 10:16:52.107,0.98198,0.9821,1.50,2.63
2012.04.30 10:16:53.030,0.98198,0.9821,1.50,2.63
2012.04.30 10:16:53.242,0.98197,0.9821,2.25,2.25
2012.04.30 10:16:53.592,0.98196,0.98207,1.50,1.50
2012.04.30 10:16:54.338,0.98197,0.98208,1.50,1.50
2012.04.30 10:16:54.413,0.98197,0.9821,1.50,1.50
2012.04.30 10:16:55.005,0.98198,0.9821,1.50,1.50
2012.04.30 10:16:57.010,0.98199,0.98211,2.25,1.50
2012.04.30 10:17:01.033,0.98199,0.98211,2.25,2.25
2012.04.30 10:17:01.553,0.98198,0.9821,2.25,1.50
2012.04.30 10:17:02.156,0.98198,0.9821,3.00,1.50
2012.04.30 10:17:02.677,0.98198,0.98211,3.00,1.50
2012.04.30 10:17:03.225,0.98198,0.9821,1.50,1.50
2012.04.30 10:17:03.380,0.98198,0.9821,3.00,1.50
2012.04.30 10:17:03.687,0.98198,0.98212,3.00,1.50
2012.04.30 10:17:03.879,0.98199,0.98212,1.50,2.25
2012.04.30 10:17:08.437,0.98201,0.98211,1.50,1.50
2012.04.30 10:17:08.771,0.98201,0.98214,3.00,3.00
2012.04.30 10:17:09.373,0.98201,0.98212,2.25,1.50
2012.04.30 10:17:09.909,0.98201,0.98215,3.00,7.53
2012.04.30 10:17:11.287,0.98201,0.98215,3.00,7.13
2012.04.30 10:17:11.796,0.98204,0.98215,1.50,5.47
2012.04.30 10:17:13.290,0.98204,0.98215,1.50,5.47
2012.04.30 10:17:14.117,0.98201,0.98214,3.00,1.50
2012.04.30 10:17:14.581,0.98203,0.98214,1.50,1.50
2012.04.30 10:17:15.720,0.98201,0.98213,1.50,2.25
2012.04.30 10:17:16.228,0.98201,0.98213,1.50,1.88
2012.04.30 10:17:17.020,0.98201,0.98214,2.25,1.91
2012.04.30 10:17:17.447,0.98203,0.98214,1.50,1.50
2012.04.30 10:17:18.117,0.98201,0.98214,3.00,1.50
2012.04.30 10:17:18.936,0.98202,0.98214,1.50,1.50
2012.04.30 10:17:21.758,0.98202,0.98214,2.25,3.00
2012.04.30 10:17:25.059,0.98201,0.98214,1.50,3.41
2012.04.30 10:17:25.592,0.982,0.98212,2.25,1.13
2012.04.30 10:17:25.941,0.98198,0.98211,3.00,2.25
2012.04.30 10:17:26.342,0.98194,0.98208,3.00,2.51
2012.04.30 10:17:26.550,0.98194,0.98206,3.00,1.50
2012.04.30 10:17:27.069,0.98194,0.98206,1.50,2.44
2012.04.30 10:17:27.629,0.98192,0.98206,3.00,2.44
2012.04.30 10:17:27.699,0.98192,0.98206,2.25,2.82
2012.04.30 10:17:27.768,0.98192,0.98205,2.25,1.69
2012.04.30 10:17:28.897,0.98194,0.98206,1.50,6.75
2012.04.30 10:17:29.605,0.98194,0.98206,1.50,6.78
2012.04.30 10:17:30.120,0.98194,0.98205,1.50,1.69
2012.04.30 10:17:31.239,0.98194,0.98206,1.50,6.38
2012.04.30 10:17:33.680,0.98193,0.98205,1.50,1.69
2012.04.30 10:17:35.596,0.98193,0.98205,2.10,1.32
2012.04.30 10:17:35.939,0.98196,0.98208,4.50,1.35
2012.04.30 10:17:36.371,0.98193,0.98203,2.25,1.50
2012.04.30 10:17:36.558,0.98193,0.98205,2.25,1.69
2012.04.30 10:17:40.418,0.98193,0.98204,2.25,1.50
2012.04.30 10:17:44.902,0.98194,0.98204,1.88,1.50
2012.04.30 10:17:45.090,0.98196,0.98205,1.50,1.50
2012.04.30 10:17:45.372,0.98196,0.98208,1.50,3.94
2012.04.30 10:17:45.988,0.98196,0.9821,3.00,4.50
2012.04.30 10:17:47.367,0.98196,0.98211,3.00,6.00
2012.04.30 10:17:48.960,0.98197,0.98211,1.50,6.41
2012.04.30 10:17:51.628,0.98198,0.98211,1.50,6.41
2012.04.30 10:17:54.167,0.98198,0.9821,1.50,2.29
2012.04.30 10:17:54.767,0.98198,0.98211,2.25,5.51
2012.04.30 10:17:54.842,0.98198,0.98211,2.25,5.51
2012.04.30 10:17:55.537,0.98198,0.98211,2.25,5.10
2012.04.30 10:17:56.258,0.98198,0.98211,2.25,5.10
2012.04.30 10:17:56.778,0.98198,0.98211,2.25,5.29
2012.04.30 10:17:57.902,0.98198,0.98211,2.25,5.29
2012.04.30 10:17:58.426,0.98198,0.98211,2.25,5.48
2012.04.30 10:17:59.102,0.98198,0.9821,1.50,1.88
2012.04.30 10:18:00.240,0.98198,0.98209,1.50,1.50
2012.04.30 10:18:00.789,0.98198,0.98209,1.50,1.50
2012.04.30 10:18:01.327,0.98194,0.98207,3.75,1.88
2012.04.30 10:18:01.531,0.98198,0.98207,1.50,1.88
2012.04.30 10:18:01.790,0.98196,0.98207,2.25,2.63
2012.04.30 10:18:02.321,0.98193,0.98205,2.25,2.25
2012.04.30 10:18:02.571,0.98193,0.98205,2.25,1.50
2012.04.30 10:18:14.469,0.98194,0.98205,1.50,2.25
2012.04.30 10:18:15.422,0.98194,0.98205,1.50,2.25
2012.04.30 10:18:15.494,0.98193,0.98205,1.50,2.25
2012.04.30 10:18:15.782,0.98194,0.98206,1.69,1.50
2012.04.30 10:18:16.163,0.98197,0.98211,2.25,4.50
2012.04.30 10:18:16.721,0.98199,0.98211,2.25,2.25
2012.04.30 10:18:17.611,0.98199,0.98213,2.25,1.91
2012.04.30 10:18:18.122,0.98201,0.98214,1.50,2.28
2012.04.30 10:18:18.830,0.98201,0.98214,1.50,1.91
2012.04.30 10:18:19.474,0.98201,0.98214,1.50,1.91
2012.04.30 10:18:20.087,0.98201,0.98214,1.50,1.91
2012.04.30 10:18:20.632,0.98202,0.9821,1.50,2.25
2012.04.30 10:18:21.190,0.98198,0.9821,2.25,2.25
2012.04.30 10:18:23.639,0.98205,0.98214,2.25,4.53
2012.04.30 10:18:23.713,0.98207,0.98216,2.25,3.41
2012.04.30 10:18:24.131,0.98205,0.98216,1.50,1.50
2012.04.30 10:18:24.540,0.98202,0.98216,3.75,1.13
2012.04.30 10:18:27.048,0.98203,0.98217,2.25,2.44
2012.04.30 10:18:27.739,0.98204,0.98217,1.50,2.44
2012.04.30 10:18:28.280,0.98202,0.98217,3.00,3.19
2012.04.30 10:18:28.942,0.98202,0.98216,3.00,1.13
2012.04.30 10:18:29.489,0.98201,0.98214,2.25,1.50
2012.04.30 10:18:29.997,0.98201,0.98215,3.75,2.63
2012.04.30 10:18:32.109,0.98201,0.98214,2.25,1.50
2012.04.30 10:18:32.658,0.98201,0.98215,2.25,2.63
2012.04.30 10:18:35.340,0.98203,0.98215,5.25,2.25
2012.04.30 10:18:35.848,0.98207,0.98218,1.50,1.91
2012.04.30 10:18:36.351,0.98207,0.98215,1.50,1.13
2012.04.30 10:18:36.961,0.98201,0.98213,3.00,1.50
2012.04.30 10:18:37.481,0.98201,0.98212,3.00,1.50
2012.04.30 10:18:37.992,0.98201,0.98213,3.00,1.50
2012.04.30 10:18:38.510,0.98201,0.98214,3.00,1.50
2012.04.30 10:18:39.069,0.98201,0.98213,3.00,1.50
2012.04.30 10:18:40.212,0.98202,0.98213,1.50,1.50
2012.04.30 10:18:40.747,0.98202,0.98212,1.50,1.50
2012.04.30 10:18:41.070,0.98201,0.98214,5.25,2.25
2012.04.30 10:18:41.210,0.98201,0.98211,3.00,2.25
2012.04.30 10:18:41.730,0.98201,0.98212,1.50,1.50
2012.04.30 10:18:41.799,0.98201,0.98214,1.50,1.50
2012.04.30 10:18:42.487,0.98201,0.98213,1.50,1.50
2012.04.30 10:18:43.019,0.98201,0.98214,1.50,3.00
2012.04.30 10:18:44.090,0.98201,0.98214,3.00,2.25
2012.04.30 10:18:45.028,0.98201,0.98213,1.50,1.50
2012.04.30 10:18:47.217,0.98201,0.98212,1.50,1.50
2012.04.30 10:18:47.757,0.98201,0.98213,1.50,1.50
2012.04.30 10:18:48.588,0.98201,0.98213,1.50,1.50
2012.04.30 10:18:49.246,0.98201,0.98213,1.50,1.50
2012.04.30 10:18:49.759,0.982,0.98212,1.50,2.25
2012.04.30 10:18:50.786,0.982,0.9821,1.50,1.50
2012.04.30 10:18:51.790,0.982,0.98213,2.25,3.60
2012.04.30 10:18:55.538,0.982,0.98212,1.50,2.85
2012.04.30 10:18:56.056,0.98199,0.98212,2.25,2.85
2012.04.30 10:18:56.339,0.98199,0.98212,1.50,3.60
2012.04.30 10:18:56.857,0.98197,0.9821,3.00,3.38
2012.04.30 10:18:57.108,0.98199,0.9821,1.50,3.38
2012.04.30 10:18:57.707,0.98197,0.9821,3.00,3.38
2012.04.30 10:18:59.609,0.98197,0.9821,1.50,3.19
2012.04.30 10:19:02.868,0.98197,0.9821,3.00,4.69
2012.04.30 10:19:03.604,0.98197,0.9821,2.25,3.94
2012.04.30 10:19:04.131,0.98197,0.98209,2.25,1.35
2012.04.30 10:19:04.696,0.98194,0.98209,3.75,4.01
2012.04.30 10:19:05.199,0.98195,0.98207,1.50,2.25
2012.04.30 10:19:06.408,0.98195,0.98207,1.50,1.50
2012.04.30 10:19:06.919,0.98196,0.98209,1.50,2.51
2012.04.30 10:19:07.510,0.98195,0.98209,3.00,1.01
2012.04.30 10:19:08.048,0.98195,0.98208,3.75,1.16
2012.04.30 10:19:09.000,0.98195,0.98209,3.00,1.76
2012.04.30 10:19:09.507,0.98195,0.98209,3.00,1.76
2012.04.30 10:19:10.768,0.98195,0.98209,3.00,1.76
2012.04.30 10:19:11.348,0.98196,0.98209,1.50,3.26
2012.04.30 10:19:11.898,0.98196,0.9821,1.50,6.23
2012.04.30 10:19:12.421,0.98196,0.9821,2.25,4.73
2012.04.30 10:19:17.128,0.98197,0.98209,1.50,1.38
2012.04.30 10:19:17.678,0.98196,0.9821,2.25,6.23
2012.04.30 10:19:19.233,0.98197,0.9821,1.50,5.25
2012.04.30 10:19:19.383,0.98197,0.98209,1.50,1.50
2012.04.30 10:19:19.722,0.98203,0.98212,1.50,1.53
2012.04.30 10:19:20.238,0.98202,0.98214,1.50,1.88
2012.04.30 10:19:20.310,0.98202,0.98214,1.50,1.88
2012.04.30 10:19:21.123,0.98203,0.98214,1.50,1.88
2012.04.30 10:19:28.362,0.98203,0.98214,1.50,2.63
2012.04.30 10:19:28.929,0.98202,0.9821,1.50,2.25
2012.04.30 10:19:29.434,0.982,0.9821,1.50,2.25
2012.04.30 10:19:31.052,0.98201,0.9821,3.00,2.25
2012.04.30 10:19:31.194,0.98203,0.98215,1.50,2.88
2012.04.30 10:19:31.752,0.98204,0.98215,1.50,3.26
2012.04.30 10:19:32.387,0.98201,0.98213,1.50,3.00
2012.04.30 10:19:32.471,0.982,0.9821,1.50,2.85
2012.04.30 10:19:32.612,0.98198,0.9821,2.25,2.85
2012.04.30 10:19:34.570,0.98198,0.98208,2.25,1.29
2012.04.30 10:19:34.820,0.98195,0.98208,1.50,2.10
2012.04.30 10:19:36.329,0.98193,0.98207,3.00,3.22
2012.04.30 10:19:36.398,0.98193,0.98207,3.00,3.22
2012.04.30 10:19:36.719,0.98194,0.98205,1.50,1.16
2012.04.30 10:19:36.912,0.98193,0.98206,2.25,1.53
2012.04.30 10:19:36.981,0.98192,0.98204,1.50,1.50
2012.04.30 10:19:37.319,0.98194,0.98204,1.50,1.50
2012.04.30 10:19:37.948,0.98194,0.98207,1.50,4.69
2012.04.30 10:19:47.987,0.98196,0.98207,1.50,1.13
2012.04.30 10:19:48.503,0.98195,0.98207,1.50,1.13
2012.04.30 10:19:50.010,0.98193,0.98207,4.50,1.13
2012.04.30 10:19:50.520,0.98194,0.98207,2.25,1.13
2012.04.30 10:19:59.639,0.98195,0.98207,1.50,1.13
2012.04.30 10:20:00.697,0.98194,0.98207,1.50,1.50
2012.04.30 10:20:01.473,0.98194,0.98207,1.50,1.50
2012.04.30 10:20:01.544,0.98195,0.98208,1.88,2.66
2012.04.30 10:20:01.921,0.98198,0.9821,1.50,4.35
2012.04.30 10:20:01.998,0.98198,0.9821,1.50,3.23
2012.04.30 10:20:02.200,0.98196,0.9821,3.75,3.23
2012.04.30 10:20:02.801,0.98197,0.98209,1.50,1.72
2012.04.30 10:20:03.070,0.98198,0.98211,1.50,1.91
2012.04.30 10:20:03.620,0.98198,0.98213,1.50,3.00
2012.04.30 10:20:04.886,0.98197,0.98213,2.25,4.13
2012.04.30 10:20:05.314,0.98197,0.98211,2.25,2.85
2012.04.30 10:20:05.878,0.98199,0.98211,1.50,2.85
2012.04.30 10:20:07.031,0.98198,0.98211,2.25,2.85
2012.04.30 10:20:15.612,0.98199,0.98211,1.50,2.85
2012.04.30 10:20:53.332,0.98197,0.9821,2.25,1.50
2012.04.30 10:20:54.110,0.98197,0.98208,1.50,1.92
2012.04.30 10:20:54.299,0.98194,0.98207,1.50,3.57
2012.04.30 10:20:54.852,0.98194,0.98207,1.50,2.44
2012.04.30 10:20:55.522,0.98194,0.98208,3.00,3.45
2012.04.30 10:20:55.730,0.98194,0.98208,3.00,2.51
2012.04.30 10:20:56.280,0.98195,0.9821,3.75,2.63
2012.04.30 10:20:56.810,0.98195,0.9821,3.00,2.63
2012.04.30 10:20:57.504,0.98196,0.98209,2.25,1.50
2012.04.30 10:20:58.268,0.98196,0.98208,1.50,1.50
2012.04.30 10:20:58.522,0.98196,0.98211,1.50,6.63
2012.04.30 10:21:01.977,0.98195,0.98209,3.00,1.13
2012.04.30 10:21:02.169,0.98195,0.98208,2.25,1.50
2012.04.30 10:21:02.477,0.98192,0.98205,2.25,1.50
2012.04.30 10:21:02.799,0.98192,0.98203,2.25,1.50
2012.04.30 10:21:02.929,0.98192,0.98205,2.25,1.50
2012.04.30 10:21:05.040,0.98193,0.98206,2.25,1.88
2012.04.30 10:21:06.389,0.98192,0.98205,1.50,1.50
2012.04.30 10:21:06.949,0.98192,0.98206,1.50,2.63
2012.04.30 10:21:07.998,0.98195,0.98206,1.50,2.63
2012.04.30 10:21:08.958,0.98192,0.98206,2.25,6.00
2012.04.30 10:21:09.029,0.98192,0.98206,1.50,6.00
2012.04.30 10:21:09.158,0.98195,0.98205,1.50,1.50
2012.04.30 10:21:09.575,0.98195,0.98203,1.50,1.50
2012.04.30 10:21:09.653,0.98195,0.98206,1.50,3.75
2012.04.30 10:21:09.788,0.98195,0.98204,1.50,1.50
2012.04.30 10:21:09.988,0.98195,0.98206,1.50,2.25
2012.04.30 10:21:10.530,0.98195,0.98204,1.50,1.50
2012.04.30 10:21:11.119,0.98195,0.98206,1.50,2.25
2012.04.30 10:21:11.629,0.98195,0.98205,1.50,1.50
2012.04.30 10:21:12.958,0.98195,0.98206,1.50,3.75
2012.04.30 10:21:13.487,0.98194,0.98205,1.50,1.50
2012.04.30 10:21:14.786,0.98194,0.98206,1.50,2.25
2012.04.30 10:21:15.582,0.98194,0.98206,1.50,2.25
2012.04.30 10:21:15.890,0.98197,0.98206,1.50,1.50
2012.04.30 10:21:16.098,0.98198,0.98211,2.25,6.26
2012.04.30 10:21:17.189,0.98197,0.98209,2.25,2.44
2012.04.30 10:21:18.068,0.98196,0.9821,2.25,6.41
2012.04.30 10:21:18.563,0.98195,0.98204,1.50,1.50
2012.04.30 10:21:18.899,0.98196,0.98206,1.50,1.50
2012.04.30 10:21:19.543,0.98196,0.98207,1.50,2.25
2012.04.30 10:21:23.668,0.98195,0.98207,1.50,2.25
2012.04.30 10:21:24.599,0.98195,0.98207,1.50,2.25
2012.04.30 10:21:25.189,0.98195,0.98207,1.50,2.25
2012.04.30 10:21:26.128,0.98195,0.98209,2.25,6.07
2012.04.30 10:21:26.635,0.98195,0.98207,2.25,1.50
2012.04.30 10:21:27.139,0.98195,0.98207,1.50,2.25
2012.04.30 10:21:27.688,0.98195,0.98206,1.50,1.50
2012.04.30 10:21:35.889,0.98193,0.98205,4.50,1.50
2012.04.30 10:21:35.960,0.98193,0.98207,4.50,2.25
2012.04.30 10:21:36.222,0.98197,0.98207,1.50,1.50
2012.04.30 10:21:36.360,0.98197,0.98209,2.25,1.69
2012.04.30 10:21:39.110,0.98199,0.9821,2.25,1.76
2012.04.30 10:21:41.012,0.98199,0.9821,3.00,1.35
2012.04.30 10:21:41.515,0.98199,0.98211,1.50,4.95
2012.04.30 10:21:42.158,0.98198,0.98211,2.25,3.04
2012.04.30 10:21:43.009,0.98198,0.98211,3.00,3.26
2012.04.30 10:21:45.211,0.98198,0.98211,2.25,3.63
2012.04.30 10:21:45.742,0.98195,0.98206,1.50,1.50
2012.04.30 10:21:46.648,0.98195,0.98206,1.50,1.50
2012.04.30 10:21:46.969,0.98194,0.98204,2.25,1.50
2012.04.30 10:21:47.577,0.98195,0.98206,1.50,1.50
2012.04.30 10:21:47.837,0.98194,0.98203,3.00,1.50
2012.04.30 10:21:51.699,0.98194,0.98205,3.00,1.50
2012.04.30 10:21:52.218,0.98194,0.98205,1.50,1.50
2012.04.30 10:21:52.958,0.98193,0.98205,2.25,1.50
2012.04.30 10:21:53.852,0.98194,0.98205,2.25,1.50
2012.04.30 10:21:54.578,0.98194,0.98206,3.75,2.25
2012.04.30 10:21:55.137,0.98194,0.98205,2.25,1.50
2012.04.30 10:21:55.687,0.98194,0.98206,3.75,2.25
2012.04.30 10:21:56.246,0.98194,0.98205,2.25,1.50
2012.04.30 10:21:59.809,0.98194,0.98202,2.25,1.50
2012.04.30 10:22:00.117,0.98194,0.98204,2.25,1.50
2012.04.30 10:22:03.038,0.98194,0.98205,2.25,1.50
2012.04.30 10:22:03.587,0.98194,0.98204,2.25,1.50
2012.04.30 10:22:03.659,0.98194,0.98206,3.75,1.50
2012.04.30 10:22:03.788,0.98193,0.98204,2.25,1.50
2012.04.30 10:22:04.128,0.98193,0.98207,4.50,3.00
2012.04.30 10:22:04.439,0.98194,0.98205,1.50,1.50
2012.04.30 10:22:05.828,0.98193,0.98205,3.00,1.50
2012.04.30 10:22:06.658,0.98194,0.98205,1.50,1.50
2012.04.30 10:22:07.189,0.98194,0.98205,1.50,1.50
2012.04.30 10:22:08.749,0.98194,0.98204,1.50,1.50
2012.04.30 10:22:08.997,0.98194,0.98206,1.50,1.50
2012.04.30 10:22:09.649,0.98193,0.98205,2.25,1.50
2012.04.30 10:22:12.197,0.98194,0.98205,1.50,1.50
2012.04.30 10:22:14.687,0.98193,0.98205,1.50,1.50
2012.04.30 10:22:15.248,0.98193,0.98204,1.50,1.50
2012.04.30 10:22:16.349,0.98193,0.98205,3.00,1.50
2012.04.30 10:22:19.690,0.98191,0.98205,3.00,1.88
2012.04.30 10:22:20.329,0.98191,0.98203,1.50,1.50
2012.04.30 10:22:20.848,0.98191,0.98204,1.50,1.50
2012.04.30 10:22:24.368,0.98192,0.98202,1.50,1.50
2012.04.30 10:22:24.889,0.98191,0.98203,3.00,1.50
2012.04.30 10:22:25.850,0.98191,0.98204,3.00,1.50
2012.04.30 10:22:25.919,0.98193,0.98206,1.50,1.50
2012.04.30 10:22:26.119,0.98196,0.98208,1.50,1.91
2012.04.30 10:22:26.476,0.98195,0.9821,3.00,2.85
2012.04.30 10:22:26.548,0.98198,0.9821,1.50,2.85
2012.04.30 10:22:27.188,0.98198,0.9821,2.25,2.85
2012.04.30 10:22:27.741,0.98197,0.9821,1.50,3.75
2012.04.30 10:22:27.988,0.98195,0.98208,2.25,1.50
2012.04.30 10:22:28.369,0.98194,0.98206,1.50,1.50
2012.04.30 10:22:28.911,0.98194,0.98206,1.50,1.50
2012.04.30 10:22:30.191,0.98194,0.98206,1.50,1.50
2012.04.30 10:22:30.988,0.98194,0.98207,1.50,2.25
2012.04.30 10:22:32.314,0.98194,0.98206,1.50,1.50
2012.04.30 10:22:33.949,0.98196,0.98209,2.25,4.16
2012.04.30 10:22:34.078,0.98198,0.9821,1.50,3.94
2012.04.30 10:22:34.627,0.98197,0.9821,1.50,3.19
2012.04.30 10:22:36.010,0.98199,0.9821,1.50,3.00
2012.04.30 10:22:36.523,0.98198,0.9821,1.50,3.75
2012.04.30 10:22:38.058,0.98196,0.9821,5.25,3.00
2012.04.30 10:22:41.509,0.98196,0.98209,3.00,1.16
2012.04.30 10:22:42.021,0.98194,0.98207,1.50,2.25
2012.04.30 10:22:42.148,0.98194,0.98205,1.50,1.50
2012.04.30 10:22:42.278,0.98194,0.98207,1.50,2.25
2012.04.30 10:22:42.938,0.98194,0.98207,1.50,3.00
2012.04.30 10:22:43.842,0.98193,0.98205,1.50,1.50
2012.04.30 10:22:44.641,0.98194,0.98207,1.50,1.50
2012.04.30 10:22:44.828,0.98196,0.98208,2.25,1.35
2012.04.30 10:22:45.208,0.98198,0.98209,1.50,1.16
2012.04.30 10:22:45.739,0.98197,0.98209,1.50,1.16
2012.04.30 10:22:51.041,0.98197,0.98209,2.25,1.16
2012.04.30 10:22:55.827,0.98197,0.9821,2.25,3.38
2012.04.30 10:22:56.137,0.98199,0.9821,1.50,3.38
2012.04.30 10:22:57.710,0.98198,0.9821,1.50,3.38
2012.04.30 10:23:02.678,0.98198,0.98209,1.50,1.13
2012.04.30 10:23:02.929,0.98195,0.98208,2.25,2.28
2012.04.30 10:23:03.118,0.98194,0.98206,1.50,1.50
2012.04.30 10:23:03.701,0.98194,0.98207,1.50,1.50
2012.04.30 10:23:04.218,0.98195,0.98208,2.25,2.25
2012.04.30 10:23:04.599,0.98197,0.9821,1.50,3.38
2012.04.30 10:23:08.685,0.98197,0.9821,1.50,3.75
2012.04.30 10:23:09.239,0.98197,0.9821,1.50,3.00
2012.04.30 10:23:12.129,0.98199,0.9821,1.50,3.00
2012.04.30 10:23:12.558,0.98199,0.9821,1.50,3.38
2012.04.30 10:23:12.751,0.98197,0.9821,1.50,8.28
2012.04.30 10:23:13.281,0.98195,0.98208,2.25,2.10
2012.04.30 10:23:14.948,0.98194,0.98207,2.25,1.50
2012.04.30 10:23:15.088,0.98197,0.9821,1.50,4.16
2012.04.30 10:23:15.637,0.98198,0.9821,1.50,2.66
2012.04.30 10:23:18.087,0.98196,0.9821,2.25,2.25
2012.04.30 10:23:24.597,0.98198,0.9821,1.50,2.63
2012.04.30 10:23:25.990,0.98198,0.98211,1.50,1.50
2012.04.30 10:23:26.548,0.98199,0.98212,1.50,1.50
2012.04.30 10:23:26.879,0.98201,0.98213,1.50,2.51
2012.04.30 10:23:27.532,0.982,0.98213,1.50,2.51
2012.04.30 10:23:28.057,0.98199,0.98213,3.00,2.10
2012.04.30 10:23:29.307,0.98199,0.98213,1.50,2.51
2012.04.30 10:23:29.879,0.98198,0.98213,3.00,3.60
2012.04.30 10:23:30.208,0.98201,0.98213,1.50,2.10
2012.04.30 10:23:30.517,0.98199,0.98213,3.00,2.10
2012.04.30 10:23:33.719,0.982,0.98213,1.50,3.60
2012.04.30 10:23:34.731,0.98203,0.98215,1.50,1.16
2012.04.30 10:23:35.039,0.98205,0.98215,2.25,1.16
2012.04.30 10:23:35.169,0.98208,0.9822,1.50,3.41
2012.04.30 10:23:35.729,0.98208,0.9822,1.50,3.41
2012.04.30 10:23:36.248,0.98208,0.9822,1.50,3.41
2012.04.30 10:23:36.948,0.98208,0.9822,1.50,3.41
2012.04.30 10:23:37.580,0.98208,0.9822,1.50,3.41
2012.04.30 10:23:38.098,0.98207,0.9822,1.50,3.41
2012.04.30 10:23:38.638,0.98208,0.9822,1.50,3.41
2012.04.30 10:23:39.167,0.98207,0.9822,1.50,3.41
2012.04.30 10:23:40.477,0.98207,0.9822,1.50,3.41
2012.04.30 10:23:41.377,0.98207,0.9822,1.50,3.41
2012.04.30 10:23:41.930,0.98206,0.9822,3.75,3.26
2012.04.30 10:23:42.488,0.98207,0.9822,1.50,3.26
2012.04.30 10:23:43.049,0.98206,0.98218,3.75,1.91
2012.04.30 10:23:43.568,0.98208,0.98218,1.50,1.50
2012.04.30 10:23:43.948,0.98206,0.98218,1.50,3.41
2012.04.30 10:23:44.499,0.98206,0.98217,2.25,1.50
2012.04.30 10:23:47.238,0.98205,0.98217,1.50,1.50
2012.04.30 10:23:47.439,0.98203,0.98217,3.00,1.50
2012.04.30 10:23:48.848,0.98203,0.98216,1.50,4.50
2012.04.30 10:23:49.401,0.98202,0.98216,2.25,4.50
2012.04.30 10:23:50.811,0.98203,0.98216,3.60,2.25
2012.04.30 10:23:51.129,0.98208,0.9822,2.25,4.35
2012.04.30 10:23:51.841,0.98208,0.9822,2.25,2.66
2012.04.30 10:23:52.368,0.98207,0.9822,3.75,4.16
2012.04.30 10:23:52.688,0.98207,0.9822,2.25,4.16
2012.04.30 10:23:53.189,0.98207,0.9822,2.25,4.16
2012.04.30 10:23:53.777,0.98207,0.9822,2.25,4.16
2012.04.30 10:23:54.337,0.98206,0.9822,1.50,2.66
2012.04.30 10:23:54.789,0.98207,0.9822,1.50,4.16
2012.04.30 10:23:55.420,0.98209,0.9822,2.25,2.66
2012.04.30 10:23:56.225,0.98209,0.9822,2.25,2.66
2012.04.30 10:23:57.946,0.98209,0.9822,2.25,2.66
2012.04.30 10:23:59.608,0.98209,0.9822,2.25,2.66
2012.04.30 10:24:00.348,0.98207,0.9822,5.25,2.25
2012.04.30 10:24:01.570,0.98208,0.9822,2.25,3.26
2012.04.30 10:24:02.292,0.98208,0.9822,2.25,3.26
2012.04.30 10:24:02.909,0.98208,0.9822,2.25,3.26
2012.04.30 10:24:11.115,0.98208,0.9822,3.00,4.01
2012.04.30 10:24:11.648,0.98208,0.9822,2.25,3.23
2012.04.30 10:24:16.451,0.98208,0.9822,2.63,2.25
2012.04.30 10:24:16.519,0.98208,0.98222,1.13,2.25
2012.04.30 10:24:16.650,0.98208,0.98219,1.13,1.50
2012.04.30 10:24:16.957,0.98208,0.98221,1.13,1.50
2012.04.30 10:24:17.289,0.98208,0.9822,1.13,1.50
2012.04.30 10:24:17.850,0.98208,0.98219,1.13,1.50
2012.04.30 10:24:18.420,0.98208,0.98221,1.13,1.50
2012.04.30 10:24:18.928,0.98208,0.9822,1.13,1.50
2012.04.30 10:24:20.269,0.98207,0.98219,3.75,1.50
2012.04.30 10:24:20.808,0.98207,0.9822,3.75,1.50
2012.04.30 10:24:22.001,0.98207,0.9822,2.63,1.50
2012.04.30 10:24:22.210,0.98211,0.98222,1.50,1.50
2012.04.30 10:24:22.338,0.98211,0.9822,1.50,1.50
2012.04.30 10:24:22.709,0.98211,0.9822,2.25,1.50
2012.04.30 10:24:23.772,0.98211,0.9822,2.25,1.50
2012.04.30 10:24:25.637,0.98211,0.9822,2.25,1.50
2012.04.30 10:24:31.392,0.98211,0.9822,1.50,1.50
2012.04.30 10:24:32.527,0.98209,0.9822,2.78,1.50
2012.04.30 10:24:32.599,0.98209,0.9822,2.25,1.50
2012.04.30 10:24:32.981,0.98208,0.98218,1.28,1.50
2012.04.30 10:24:33.540,0.98208,0.98218,1.28,1.50
2012.04.30 10:24:34.548,0.98208,0.98222,2.78,1.50
2012.04.30 10:24:34.620,0.98209,0.98222,2.40,2.10
2012.04.30 10:24:34.748,0.98208,0.98221,3.53,2.25
2012.04.30 10:24:35.248,0.98208,0.98222,2.78,1.50
2012.04.30 10:24:35.799,0.98211,0.98223,3.75,1.50
2012.04.30 10:24:36.317,0.98212,0.98224,1.50,3.41
2012.04.30 10:24:38.372,0.98213,0.98225,1.50,2.66
2012.04.30 10:24:38.652,0.98211,0.98222,2.25,1.50
2012.04.30 10:24:38.981,0.98211,0.98224,2.25,1.50
2012.04.30 10:24:39.581,0.98211,0.98223,2.25,1.50
2012.04.30 10:24:40.981,0.98211,0.98222,2.25,1.50
2012.04.30 10:24:42.668,0.98211,0.98223,4.50,1.50
2012.04.30 10:24:45.553,0.98212,0.98223,1.50,1.50
2012.04.30 10:24:45.624,0.9821,0.98221,1.50,1.16
2012.04.30 10:24:46.169,0.98208,0.9822,1.50,1.50
2012.04.30 10:24:46.491,0.98209,0.98223,3.00,2.25
2012.04.30 10:24:47.039,0.9821,0.98222,2.25,1.50
2012.04.30 10:24:47.540,0.98211,0.98222,1.50,1.50
2012.04.30 10:24:49.348,0.98211,0.98224,1.50,3.00
2012.04.30 10:24:49.853,0.98211,0.98222,1.50,1.50
2012.04.30 10:24:51.807,0.98211,0.98224,3.00,2.25
2012.04.30 10:24:52.009,0.98211,0.98222,1.50,1.50
2012.04.30 10:24:52.199,0.98211,0.98225,3.00,4.50
2012.04.30 10:24:52.761,0.98212,0.98225,2.25,2.25
2012.04.30 10:24:53.110,0.98211,0.98223,6.00,1.50
2012.04.30 10:24:53.500,0.98211,0.98222,1.50,1.50
2012.04.30 10:24:53.827,0.9821,0.9822,3.19,1.50
2012.04.30 10:24:54.784,0.98211,0.98222,1.50,1.50
2012.04.30 10:24:57.248,0.98211,0.98222,1.50,1.50
2012.04.30 10:24:57.759,0.98211,0.98222,1.50,1.50
2012.04.30 10:24:58.280,0.9821,0.98222,5.82,1.50
2012.04.30 10:24:59.022,0.9821,0.98222,5.44,1.50
2012.04.30 10:25:09.450,0.9821,0.98222,2.63,1.50
2012.04.30 10:25:09.582,0.98209,0.9822,2.25,1.50
2012.04.30 10:25:09.891,0.98211,0.98222,2.25,1.50
2012.04.30 10:25:11.710,0.98209,0.98222,1.50,1.50
2012.04.30 10:25:11.778,0.98209,0.9822,1.50,1.50
2012.04.30 10:25:12.240,0.9821,0.98222,2.25,1.50
2012.04.30 10:25:12.990,0.98211,0.98223,1.50,2.25
2012.04.30 10:25:13.601,0.98211,0.98225,2.25,3.00
2012.04.30 10:25:14.154,0.98211,0.98225,2.25,2.25
2012.04.30 10:25:14.362,0.9821,0.98221,2.10,1.50
2012.04.30 10:25:15.009,0.98211,0.98221,3.00,1.50
2012.04.30 10:25:15.079,0.98211,0.98223,4.50,1.50
2012.04.30 10:25:16.225,0.98212,0.98223,1.50,1.50
2012.04.30 10:25:16.442,0.98215,0.98226,1.50,1.50
2012.04.30 10:25:16.580,0.98215,0.98229,2.25,2.25
2012.04.30 10:25:17.139,0.98214,0.98228,2.25,2.25
2012.04.30 10:25:17.611,0.98214,0.98226,2.25,1.50
2012.04.30 10:25:17.821,0.98215,0.98229,1.50,2.25
2012.04.30 10:25:18.348,0.98215,0.98229,2.25,1.50
2012.04.30 10:25:19.538,0.98215,0.98227,2.25,1.50
2012.04.30 10:25:20.459,0.98213,0.98227,2.25,1.50
2012.04.30 10:25:21.209,0.98212,0.98224,2.25,1.50
2012.04.30 10:25:21.809,0.98211,0.98225,5.25,1.50
2012.04.30 10:25:24.239,0.98211,0.98223,3.75,1.50
2012.04.30 10:25:24.841,0.98211,0.98223,3.00,1.50
2012.04.30 10:25:28.579,0.9821,0.98222,3.00,1.50
2012.04.30 10:25:28.898,0.9821,0.9822,1.50,1.50
2012.04.30 10:25:29.029,0.9821,0.98222,3.00,3.00
2012.04.30 10:25:32.178,0.9821,0.98222,3.00,1.50
2012.04.30 10:25:33.289,0.98209,0.9822,2.25,1.50
2012.04.30 10:25:34.288,0.9821,0.98222,2.25,2.25
2012.04.30 10:25:37.379,0.9821,0.98223,1.50,1.50
2012.04.30 10:25:37.937,0.9821,0.98222,3.00,1.50
2012.04.30 10:25:38.077,0.9821,0.98222,3.00,2.25
2012.04.30 10:25:38.350,0.98204,0.98215,3.00,3.00
2012.04.30 10:25:38.557,0.98204,0.98215,1.50,5.25
2012.04.30 10:25:38.940,0.98207,0.98215,1.50,1.50
2012.04.30 10:25:39.082,0.98208,0.9822,2.25,1.16
2012.04.30 10:25:39.345,0.98209,0.9822,1.50,1.16
2012.04.30 10:25:39.915,0.98209,0.98221,2.25,3.38
2012.04.30 10:25:40.490,0.98208,0.98221,1.13,5.63
2012.04.30 10:25:43.331,0.98209,0.98221,1.50,5.63
2012.04.30 10:25:44.059,0.98209,0.98221,1.50,5.63
2012.04.30 10:25:52.287,0.98208,0.98221,2.25,5.63
2012.04.30 10:25:52.359,0.98207,0.9822,3.00,1.35
2012.04.30 10:25:56.508,0.98209,0.9822,1.50,2.10
2012.04.30 10:25:57.053,0.98208,0.9822,2.25,1.35
2012.04.30 10:25:57.587,0.98209,0.9822,1.50,2.10
2012.04.30 10:25:59.067,0.98207,0.9822,3.00,1.35
2012.04.30 10:26:04.340,0.98208,0.9822,2.25,2.63
2012.04.30 10:26:04.858,0.98208,0.98218,1.50,1.50
2012.04.30 10:26:06.595,0.98205,0.98218,2.25,1.50
2012.04.30 10:26:06.672,0.98205,0.98215,2.25,1.50
2012.04.30 10:26:06.812,0.98204,0.98214,1.50,1.50
2012.04.30 10:26:07.386,0.98205,0.98213,1.50,1.50
2012.04.30 10:26:07.974,0.98204,0.98216,2.25,2.25
2012.04.30 10:26:08.470,0.98205,0.98217,1.50,1.50
2012.04.30 10:26:09.745,0.98205,0.98214,1.50,1.50
2012.04.30 10:26:10.372,0.98205,0.98215,1.50,1.50
2012.04.30 10:26:10.934,0.98205,0.98214,1.50,1.50
2012.04.30 10:26:11.311,0.98205,0.98212,1.50,1.50
2012.04.30 10:26:11.680,0.98205,0.98214,1.50,1.50
2012.04.30 10:26:12.194,0.98204,0.98213,1.50,1.50
2012.04.30 10:26:12.729,0.98204,0.98214,1.50,1.50
2012.04.30 10:26:14.606,0.98204,0.98213,1.50,1.50
2012.04.30 10:26:15.148,0.98204,0.98214,1.50,1.50
2012.04.30 10:26:15.221,0.98202,0.98214,1.50,1.50
2012.04.30 10:26:15.760,0.98201,0.98213,3.00,1.50
2012.04.30 10:26:16.302,0.98201,0.98214,3.00,1.50
2012.04.30 10:26:17.711,0.98201,0.98214,3.00,1.50
2012.04.30 10:26:19.089,0.98201,0.98213,1.50,1.50
2012.04.30 10:26:19.788,0.98199,0.98211,3.00,4.50
2012.04.30 10:26:20.297,0.98199,0.98211,3.00,4.50
2012.04.30 10:26:20.840,0.98199,0.98211,3.75,4.50
2012.04.30 10:26:21.246,0.98199,0.98209,2.25,1.50
2012.04.30 10:26:21.321,0.98199,0.98211,1.50,5.25
2012.04.30 10:26:27.749,0.98199,0.98211,3.00,5.25
2012.04.30 10:26:27.818,0.98199,0.98211,3.75,5.25
2012.04.30 10:26:35.137,0.98199,0.98211,3.00,5.25
2012.04.30 10:26:38.807,0.98199,0.98211,3.00,4.50
2012.04.30 10:26:39.447,0.98199,0.98211,3.00,4.50
2012.04.30 10:26:40.389,0.98199,0.98211,3.00,4.50
2012.04.30 10:26:40.892,0.98199,0.98211,2.25,4.50
2012.04.30 10:26:41.078,0.98199,0.98211,3.00,4.50
2012.04.30 10:26:44.527,0.98199,0.98211,2.25,4.50
2012.04.30 10:26:45.678,0.98199,0.98206,2.25,2.25
2012.04.30 10:26:46.089,0.98199,0.98209,1.50,1.50
2012.04.30 10:26:46.158,0.98199,0.98211,3.00,1.50
2012.04.30 10:26:46.236,0.982,0.98213,2.25,1.50
2012.04.30 10:26:46.749,0.982,0.98212,2.25,1.50
2012.04.30 10:26:46.951,0.982,0.9821,1.50,2.25
2012.04.30 10:26:48.572,0.98198,0.98209,1.50,1.50
2012.04.30 10:26:49.021,0.98198,0.98211,1.50,1.50
2012.04.30 10:26:49.268,0.98199,0.98211,2.25,1.50
2012.04.30 10:26:50.960,0.98198,0.9821,3.00,1.50
2012.04.30 10:26:51.614,0.98198,0.98209,1.50,1.50
2012.04.30 10:26:51.688,0.98196,0.9821,2.44,1.50
2012.04.30 10:26:52.230,0.98197,0.98209,2.25,1.50
2012.04.30 10:26:52.789,0.98198,0.98209,1.50,3.75
2012.04.30 10:26:52.936,0.98194,0.98208,3.00,1.69
2012.04.30 10:26:53.488,0.98196,0.98208,1.50,1.69
2012.04.30 10:26:53.988,0.98195,0.98207,2.25,1.69
2012.04.30 10:26:56.138,0.98196,0.98208,1.50,1.69
2012.04.30 10:26:58.678,0.98194,0.98208,3.00,1.69
2012.04.30 10:26:59.408,0.98196,0.98208,1.50,1.69
2012.04.30 10:26:59.969,0.98195,0.98207,2.25,1.69
2012.04.30 10:27:01.925,0.98196,0.98208,1.50,1.50
2012.04.30 10:27:02.381,0.98198,0.9821,1.50,3.94
2012.04.30 10:27:02.808,0.98196,0.9821,3.00,3.94
2012.04.30 10:27:03.349,0.98197,0.9821,1.50,2.85
2012.04.30 10:27:03.859,0.98198,0.9821,1.50,3.94
2012.04.30 10:27:04.067,0.98196,0.9821,3.00,3.94
2012.04.30 10:27:04.970,0.98196,0.98209,2.25,2.25
2012.04.30 10:27:05.529,0.98194,0.98208,2.25,1.50
2012.04.30 10:27:09.308,0.98193,0.98206,2.25,1.50
2012.04.30 10:27:09.524,0.98193,0.98205,2.25,1.50
2012.04.30 10:27:09.590,0.98193,0.98203,2.25,1.50
2012.04.30 10:27:10.110,0.98191,0.98203,5.25,1.50
2012.04.30 10:27:10.635,0.98191,0.98205,5.25,1.50
2012.04.30 10:27:11.138,0.98192,0.98206,1.50,2.44
2012.04.30 10:27:11.700,0.98192,0.98205,1.50,1.50
2012.04.30 10:27:12.170,0.98193,0.98207,2.25,2.25
2012.04.30 10:27:12.240,0.98194,0.98207,3.00,1.50
2012.04.30 10:27:12.888,0.98197,0.9821,1.50,5.40
2012.04.30 10:27:13.684,0.98196,0.9821,2.25,5.40
2012.04.30 10:27:14.208,0.98198,0.9821,1.50,3.53
2012.04.30 10:27:16.077,0.98197,0.9821,2.25,3.38
2012.04.30 10:27:16.751,0.98198,0.98209,1.50,1.13
2012.04.30 10:27:17.261,0.98197,0.9821,1.50,4.88
2012.04.30 10:27:19.038,0.98196,0.9821,1.50,5.25
2012.04.30 10:27:19.557,0.98197,0.9821,1.50,7.13
2012.04.30 10:27:20.230,0.98196,0.98209,1.50,1.88
2012.04.30 10:27:20.767,0.98195,0.9821,2.25,5.63
2012.04.30 10:27:21.278,0.98196,0.98209,1.50,1.88
2012.04.30 10:27:21.828,0.98195,0.98209,2.25,1.13
2012.04.30 10:27:22.799,0.98196,0.9821,1.50,5.40
2012.04.30 10:27:23.358,0.98198,0.9821,1.50,5.40
2012.04.30 10:27:23.873,0.98198,0.9821,1.50,3.15
2012.04.30 10:27:28.833,0.98197,0.9821,2.25,4.09
2012.04.30 10:27:29.149,0.98199,0.9821,1.50,3.90
2012.04.30 10:27:30.099,0.98198,0.9821,1.50,3.15
2012.04.30 10:27:31.079,0.98198,0.9821,1.50,3.72
2012.04.30 10:27:31.423,0.98196,0.98207,1.50,2.28
2012.04.30 10:27:31.694,0.98192,0.98205,2.25,1.50
2012.04.30 10:27:32.235,0.98191,0.98204,1.50,2.25
2012.04.30 10:27:33.973,0.98191,0.98204,1.50,1.16
2012.04.30 10:27:36.709,0.98191,0.98204,1.50,1.16
2012.04.30 10:27:37.320,0.98191,0.98205,1.50,3.03
2012.04.30 10:27:37.868,0.98191,0.98205,1.50,1.91
2012.04.30 10:27:38.380,0.9819,0.98204,3.00,1.50
2012.04.30 10:27:38.709,0.98192,0.98206,1.50,4.88
2012.04.30 10:27:39.073,0.98192,0.98205,2.25,1.50
2012.04.30 10:27:39.750,0.98192,0.98205,2.25,1.16
2012.04.30 10:27:41.678,0.98191,0.98205,2.25,3.41
2012.04.30 10:27:43.780,0.98191,0.98205,2.25,3.41
2012.04.30 10:27:44.300,0.9819,0.98205,3.94,1.50
2012.04.30 10:27:45.322,0.9819,0.98205,3.94,3.00
2012.04.30 10:27:45.838,0.98191,0.98203,2.25,1.50
2012.04.30 10:27:47.371,0.98191,0.98205,3.75,1.50
2012.04.30 10:27:47.917,0.98191,0.98206,3.00,7.16
2012.04.30 10:27:48.472,0.98191,0.98205,3.00,1.50
2012.04.30 10:27:50.409,0.98191,0.98206,3.00,5.66
2012.04.30 10:27:51.133,0.98192,0.98205,2.25,1.50
2012.04.30 10:27:52.229,0.98192,0.98205,2.25,2.25
2012.04.30 10:27:52.792,0.98192,0.98205,2.25,2.25
2012.04.30 10:27:56.416,0.98191,0.98206,3.00,5.66
2012.04.30 10:27:59.232,0.98194,0.98205,1.50,1.50
2012.04.30 10:27:59.760,0.98196,0.9821,2.25,2.62
2012.04.30 10:28:00.360,0.98196,0.9821,2.25,3.56
2012.04.30 10:28:01.008,0.98196,0.9821,2.25,3.56
2012.04.30 10:28:01.738,0.98196,0.9821,2.25,3.56
2012.04.30 10:28:02.350,0.98196,0.9821,2.25,3.56
2012.04.30 10:28:04.380,0.98196,0.9821,2.25,3.15
2012.04.30 10:28:04.928,0.98196,0.9821,2.25,3.90
2012.04.30 10:28:09.521,0.98194,0.98205,1.50,1.50
2012.04.30 10:28:10.270,0.98194,0.98206,1.50,1.50
2012.04.30 10:28:10.788,0.98194,0.98205,1.50,1.50
2012.04.30 10:28:11.211,0.98194,0.98207,1.50,1.50
2012.04.30 10:28:11.872,0.98195,0.98209,3.75,1.65
2012.04.30 10:28:12.750,0.98197,0.9821,1.50,1.65
2012.04.30 10:28:21.828,0.98199,0.9821,1.50,2.03
2012.04.30 10:28:22.077,0.98197,0.9821,1.50,2.03
2012.04.30 10:28:25.478,0.98198,0.9821,1.50,2.03
2012.04.30 10:28:25.798,0.98196,0.9821,2.25,3.53
2012.04.30 10:28:26.142,0.98198,0.9821,1.50,3.53
2012.04.30 10:28:26.647,0.98199,0.9821,1.50,2.03
2012.04.30 10:28:26.899,0.98197,0.9821,1.50,2.03
2012.04.30 10:28:27.878,0.98198,0.9821,1.50,2.03
2012.04.30 10:28:30.739,0.98196,0.98208,2.25,1.50
2012.04.30 10:28:33.368,0.98198,0.9821,1.50,3.15
2012.04.30 10:28:33.889,0.98197,0.9821,1.50,1.65
2012.04.30 10:28:34.450,0.98197,0.98209,3.19,2.40
2012.04.30 10:28:34.954,0.98199,0.98211,1.50,5.03
2012.04.30 10:28:37.528,0.98199,0.98211,3.00,5.03
2012.04.30 10:28:37.841,0.98199,0.98211,5.25,1.65
2012.04.30 10:28:37.911,0.98201,0.98213,2.25,2.25
2012.04.30 10:28:37.981,0.98201,0.98213,4.50,2.25
2012.04.30 10:28:38.125,0.98201,0.98212,3.00,1.50
2012.04.30 10:28:38.270,0.98204,0.98212,1.50,1.50
2012.04.30 10:28:38.709,0.98202,0.98214,3.75,1.50
2012.04.30 10:28:39.099,0.98203,0.98211,1.50,1.50
2012.04.30 10:28:39.771,0.98203,0.98214,1.50,1.50
2012.04.30 10:28:40.322,0.98203,0.98213,1.50,1.50
2012.04.30 10:28:41.125,0.98203,0.98214,1.50,1.50
2012.04.30 10:28:41.628,0.98203,0.98214,1.50,1.50
2012.04.30 10:28:48.100,0.98201,0.98214,2.25,1.50
2012.04.30 10:28:48.232,0.98202,0.98214,1.05,1.50
2012.04.30 10:28:48.761,0.98206,0.98216,2.25,2.25
2012.04.30 10:28:48.972,0.98204,0.98216,1.50,2.25
2012.04.30 10:28:49.288,0.98203,0.98213,2.25,1.50
2012.04.30 10:28:49.608,0.98203,0.98213,2.25,1.50
2012.04.30 10:28:50.780,0.98203,0.98212,2.25,1.50
2012.04.30 10:28:51.269,0.98204,0.98214,1.50,1.50
2012.04.30 10:28:51.821,0.98204,0.98213,1.50,1.50
2012.04.30 10:28:52.480,0.98204,0.98214,1.50,1.50
2012.04.30 10:28:52.668,0.98204,0.98212,1.50,1.50
2012.04.30 10:28:55.118,0.98203,0.98212,1.50,1.50
2012.04.30 10:28:57.570,0.98203,0.98212,1.50,1.50
2012.04.30 10:28:57.760,0.98202,0.98212,1.50,1.50
2012.04.30 10:28:59.394,0.98202,0.98212,2.25,1.50
2012.04.30 10:28:59.648,0.98202,0.98212,1.50,1.50
2012.04.30 10:28:59.718,0.98202,0.98212,2.25,1.50
2012.04.30 10:29:00.235,0.98203,0.98212,1.50,1.50
2012.04.30 10:29:00.773,0.98203,0.98212,1.50,1.50
2012.04.30 10:29:01.587,0.98203,0.98214,1.50,1.50
2012.04.30 10:29:02.666,0.98203,0.98217,3.00,2.25
2012.04.30 10:29:02.802,0.98204,0.98217,1.50,2.25
2012.04.30 10:29:05.727,0.98204,0.98216,1.50,1.50
2012.04.30 10:29:05.799,0.98204,0.98214,1.50,1.50
2012.04.30 10:29:06.243,0.98204,0.98212,1.50,1.50
2012.04.30 10:29:06.784,0.98204,0.98213,1.50,1.50
2012.04.30 10:29:07.328,0.98204,0.98214,1.50,1.50
2012.04.30 10:29:11.107,0.98204,0.98216,1.50,1.50
2012.04.30 10:29:11.630,0.98204,0.98213,1.50,1.50
2012.04.30 10:29:17.443,0.98205,0.98215,1.50,1.50
2012.04.30 10:29:17.972,0.98206,0.98216,1.50,1.50
2012.04.30 10:29:18.251,0.98207,0.98219,1.50,3.00
2012.04.30 10:29:18.322,0.98207,0.9822,2.25,1.50
2012.04.30 10:29:22.189,0.98206,0.9822,3.00,2.25
2012.04.30 10:29:22.258,0.98206,0.98217,3.75,1.50
2012.04.30 10:29:22.578,0.98208,0.98221,2.25,1.91
2012.04.30 10:29:23.428,0.98206,0.9822,5.44,2.25
2012.04.30 10:29:25.740,0.98207,0.98219,2.25,1.50
2012.04.30 10:29:26.383,0.98208,0.9822,2.25,2.25
2012.04.30 10:29:33.619,0.98209,0.98222,1.50,1.16
2012.04.30 10:29:36.189,0.9821,0.98222,1.50,1.16
2012.04.30 10:29:36.612,0.98209,0.98219,1.50,3.38
2012.04.30 10:29:36.683,0.98206,0.98218,3.00,2.25
2012.04.30 10:29:37.654,0.98204,0.98216,2.25,1.50
2012.04.30 10:29:37.931,0.98204,0.98214,1.50,1.50
2012.04.30 10:29:38.269,0.98204,0.98216,1.50,1.50
2012.04.30 10:29:38.863,0.98204,0.98215,1.50,1.50
2012.04.30 10:29:39.376,0.98204,0.98217,1.50,2.25
2012.04.30 10:29:40.531,0.98204,0.98216,1.50,1.50
2012.04.30 10:29:41.821,0.98203,0.98216,1.50,1.50
2012.04.30 10:29:42.270,0.98205,0.98217,2.25,2.25
2012.04.30 10:29:44.859,0.98206,0.98218,2.25,2.25
2012.04.30 10:29:47.079,0.98206,0.98218,3.00,2.25
2012.04.30 10:29:47.210,0.98206,0.98218,2.25,2.25
2012.04.30 10:29:47.994,0.98206,0.98218,2.25,3.00
2012.04.30 10:29:48.468,0.98205,0.98219,2.25,3.41
2012.04.30 10:29:51.739,0.98204,0.98215,1.50,1.50
2012.04.30 10:29:52.567,0.98204,0.98213,1.50,1.50
2012.04.30 10:29:53.282,0.98204,0.98215,1.50,3.00
2012.04.30 10:29:55.084,0.98203,0.98215,3.00,1.50
2012.04.30 10:29:55.732,0.98204,0.98218,3.00,3.19
2012.04.30 10:29:58.338,0.98205,0.98217,2.25,2.25
2012.04.30 10:29:58.408,0.98204,0.98215,1.50,1.50
2012.04.30 10:29:58.948,0.98204,0.98215,1.50,1.50
2012.04.30 10:29:59.481,0.98204,0.98215,2.25,1.50
2012.04.30 10:29:59.750,0.98204,0.98215,1.50,1.50
2012.04.30 10:30:01.049,0.98204,0.98215,2.25,1.50
2012.04.30 10:30:01.120,0.98205,0.98217,2.25,2.25
2012.04.30 10:30:01.266,0.98208,0.98219,1.50,2.85
2012.04.30 10:30:01.624,0.98208,0.9822,1.50,3.19
2012.04.30 10:30:05.839,0.98207,0.98219,2.25,2.25
2012.04.30 10:30:06.420,0.98206,0.98218,2.25,1.50
2012.04.30 10:30:06.496,0.98206,0.98218,1.50,1.50
2012.04.30 10:30:06.640,0.98205,0.98216,3.00,1.50
2012.04.30 10:30:07.149,0.98206,0.98218,2.25,2.25
2012.04.30 10:30:08.672,0.98207,0.98219,1.50,3.41
2012.04.30 10:30:08.880,0.98207,0.98219,1.50,1.16
2012.04.30 10:30:09.379,0.98208,0.9822,1.50,3.00
2012.04.30 10:30:09.879,0.98207,0.9822,1.50,4.50
2012.04.30 10:30:10.588,0.98206,0.9822,3.75,4.50
2012.04.30 10:30:11.448,0.98207,0.98219,1.50,1.50
2012.04.30 10:30:12.088,0.98207,0.9822,1.50,3.00
2012.04.30 10:30:13.962,0.98207,0.9822,1.50,3.75
2012.04.30 10:30:15.969,0.98206,0.9822,2.25,5.25
2012.04.30 10:30:16.228,0.98208,0.9822,1.50,4.50
2012.04.30 10:30:16.758,0.98207,0.9822,1.50,3.00
2012.04.30 10:30:18.184,0.98207,0.98219,1.50,1.50
2012.04.30 10:30:18.542,0.98209,0.9822,1.50,3.00
2012.04.30 10:30:20.628,0.98208,0.9822,1.50,4.50
2012.04.30 10:30:21.411,0.98206,0.9822,2.25,4.50
2012.04.30 10:30:21.682,0.98205,0.98217,3.75,1.50
2012.04.30 10:30:21.819,0.98205,0.98219,3.75,3.00
2012.04.30 10:30:22.550,0.98207,0.9822,1.50,3.00
2012.04.30 10:30:22.678,0.98205,0.98219,5.25,1.50
2012.04.30 10:30:22.998,0.98208,0.9822,1.50,4.50
2012.04.30 10:30:26.270,0.98207,0.98219,2.25,1.50
2012.04.30 10:30:26.791,0.98207,0.98219,2.25,1.50
2012.04.30 10:30:27.321,0.98207,0.98219,2.25,1.50
2012.04.30 10:30:27.888,0.98208,0.9822,2.25,4.50
2012.04.30 10:30:28.553,0.98206,0.9822,3.75,4.50
2012.04.30 10:30:29.178,0.98206,0.9822,3.00,4.50
2012.04.30 10:30:31.349,0.98206,0.9822,3.75,4.50
2012.04.30 10:30:31.689,0.98206,0.98217,2.25,1.50
2012.04.30 10:30:31.878,0.98206,0.98219,2.25,1.50
2012.04.30 10:30:32.068,0.98206,0.98217,2.25,1.50
2012.04.30 10:30:32.328,0.98206,0.98219,2.25,1.50
2012.04.30 10:30:33.869,0.98206,0.98219,2.25,1.50
2012.04.30 10:30:34.222,0.98206,0.98219,1.50,1.50
2012.04.30 10:30:34.408,0.98206,0.98219,1.50,1.50
2012.04.30 10:30:34.957,0.98207,0.98219,1.50,1.50
2012.04.30 10:30:36.502,0.98207,0.9822,3.00,3.00
2012.04.30 10:30:37.060,0.98208,0.9822,1.50,2.25
2012.04.30 10:30:37.570,0.98208,0.98222,2.25,4.16
2012.04.30 10:30:38.352,0.98208,0.98221,2.25,3.00
2012.04.30 10:30:38.582,0.98208,0.98221,2.25,2.25
2012.04.30 10:30:38.782,0.98208,0.98221,2.25,2.25
2012.04.30 10:30:42.120,0.98208,0.98221,1.50,2.25
2012.04.30 10:30:42.782,0.98208,0.98221,3.00,2.25
2012.04.30 10:30:44.197,0.98208,0.98221,2.25,2.25
2012.04.30 10:30:44.428,0.98213,0.98221,1.50,2.25
2012.04.30 10:30:44.783,0.98216,0.98222,2.25,1.50
2012.04.30 10:30:44.930,0.98218,0.9823,2.25,4.73
2012.04.30 10:30:45.474,0.98218,0.9823,2.25,4.73
2012.04.30 10:30:45.983,0.98218,0.9823,2.25,4.73
2012.04.30 10:31:15.745,0.98218,0.9823,2.25,4.35
2012.04.30 10:31:15.965,0.98221,0.9823,1.50,3.75
2012.04.30 10:31:16.547,0.98223,0.9823,1.50,2.25
2012.04.30 10:31:16.692,0.98225,0.98236,1.50,2.25
2012.04.30 10:31:16.765,0.98226,0.98238,1.50,1.50
2012.04.30 10:31:17.191,0.98223,0.98233,4.50,1.50
2012.04.30 10:31:17.740,0.98223,0.98232,1.50,1.50
2012.04.30 10:31:18.283,0.98221,0.98233,4.50,1.50
2012.04.30 10:31:18.612,0.98221,0.98231,4.50,1.50
2012.04.30 10:31:19.131,0.98221,0.98232,4.50,1.50
2012.04.30 10:31:19.272,0.98221,0.98234,4.50,3.00
2012.04.30 10:31:21.658,0.98221,0.98233,4.50,1.50
2012.04.30 10:31:22.161,0.98221,0.98234,4.50,1.50
2012.04.30 10:31:22.469,0.98221,0.98232,4.50,1.50
2012.04.30 10:31:23.130,0.98221,0.98231,4.50,1.50
2012.04.30 10:31:25.029,0.98221,0.98231,1.50,1.50
2012.04.30 10:31:25.101,0.98221,0.98233,1.50,1.50
2012.04.30 10:31:25.661,0.9822,0.98232,1.50,2.63
2012.04.30 10:31:25.908,0.98218,0.98231,3.75,2.25
2012.04.30 10:31:26.760,0.98218,0.98231,3.00,2.25
2012.04.30 10:31:42.001,0.9822,0.98231,2.25,2.25
2012.04.30 10:31:42.069,0.9822,0.98233,2.25,1.16
2012.04.30 10:31:43.669,0.98221,0.98231,2.25,2.25
2012.04.30 10:31:43.860,0.98219,0.98231,1.50,3.75
2012.04.30 10:31:51.040,0.98217,0.98229,3.00,1.50
2012.04.30 10:31:51.180,0.98217,0.98231,1.50,5.25
2012.04.30 10:31:51.821,0.98217,0.98231,1.50,5.25
2012.04.30 10:31:52.470,0.98217,0.98229,1.50,1.50
2012.04.30 10:31:53.031,0.98216,0.9823,2.25,1.50
2012.04.30 10:31:53.099,0.98218,0.9823,1.50,1.50
2012.04.30 10:32:00.767,0.98217,0.98229,1.50,1.50
2012.04.30 10:32:01.079,0.98217,0.98231,1.50,4.50
2012.04.30 10:32:02.577,0.98217,0.98229,1.50,1.50
2012.04.30 10:32:03.140,0.98217,0.98231,1.50,4.50
2012.04.30 10:32:07.710,0.98218,0.9823,1.50,1.50
2012.04.30 10:32:09.815,0.98216,0.9823,3.00,1.50
2012.04.30 10:32:10.069,0.98218,0.9823,1.50,1.50
2012.04.30 10:32:14.829,0.98217,0.98229,2.25,1.50
2012.04.30 10:32:15.600,0.98217,0.98231,1.50,4.50
2012.04.30 10:32:16.148,0.98218,0.9823,1.50,1.50
2012.04.30 10:32:21.130,0.98216,0.9823,2.25,1.50
2012.04.30 10:32:21.202,0.98218,0.9823,1.50,1.50
2012.04.30 10:32:21.758,0.98217,0.98229,2.25,1.50
2012.04.30 10:32:22.317,0.98218,0.9823,1.50,1.50
2012.04.30 10:32:22.631,0.98218,0.98225,1.50,2.25
2012.04.30 10:32:22.840,0.98214,0.98225,1.50,2.25
2012.04.30 10:32:22.969,0.98215,0.98227,1.50,1.50
2012.04.30 10:32:23.171,0.98218,0.9823,1.50,2.25
2012.04.30 10:32:23.728,0.98217,0.98231,1.50,2.82
2012.04.30 10:32:24.230,0.98219,0.98231,1.50,2.82
2012.04.30 10:32:25.023,0.98217,0.98231,3.00,3.22
2012.04.30 10:32:25.652,0.98216,0.98231,2.25,3.57
2012.04.30 10:32:26.237,0.98217,0.98231,1.50,3.57
2012.04.30 10:32:27.069,0.98219,0.98231,1.50,2.82
2012.04.30 10:32:27.627,0.98217,0.98231,1.50,2.82
2012.04.30 10:32:28.197,0.98218,0.98231,1.50,4.32
2012.04.30 10:32:29.089,0.98217,0.98231,1.50,2.82
2012.04.30 10:32:29.627,0.98218,0.98231,1.50,4.32
2012.04.30 10:32:30.275,0.98217,0.98231,1.50,2.82
2012.04.30 10:32:33.618,0.98218,0.98231,1.50,2.82
2012.04.30 10:32:35.518,0.98217,0.98231,1.50,2.82
2012.04.30 10:32:38.203,0.98217,0.98233,4.50,4.50
2012.04.30 10:32:38.478,0.9822,0.98234,1.50,2.85
2012.04.30 10:32:38.623,0.98222,0.98234,1.50,1.72
2012.04.30 10:32:38.837,0.9822,0.98234,3.00,1.35
2012.04.30 10:32:38.982,0.98222,0.98234,1.50,1.35
2012.04.30 10:32:39.357,0.9822,0.98234,4.50,1.35
2012.04.30 10:32:40.061,0.9822,0.98234,3.00,1.35
2012.04.30 10:32:40.620,0.98221,0.98234,1.50,2.85
2012.04.30 10:32:42.299,0.98221,0.98234,1.50,2.85
2012.04.30 10:32:43.130,0.98221,0.98234,1.50,1.35
2012.04.30 10:32:43.685,0.9822,0.98233,1.50,1.50
2012.04.30 10:32:44.227,0.9822,0.98234,1.50,1.35
2012.04.30 10:32:44.778,0.9822,0.98234,1.50,1.35
2012.04.30 10:32:45.345,0.9822,0.98234,1.50,1.35
2012.04.30 10:32:45.880,0.9822,0.98234,1.50,1.35
2012.04.30 10:32:46.428,0.9822,0.98234,1.50,1.35
2012.04.30 10:32:46.929,0.9822,0.98234,1.50,1.35
2012.04.30 10:32:47.603,0.9822,0.98234,1.50,1.35
2012.04.30 10:32:48.172,0.9822,0.98233,1.50,1.50
2012.04.30 10:32:48.722,0.98221,0.98234,1.50,2.44
2012.04.30 10:32:49.323,0.9822,0.98233,3.00,1.50
2012.04.30 10:32:50.869,0.9822,0.98235,2.25,3.19
2012.04.30 10:32:52.287,0.98221,0.98235,1.50,4.69
2012.04.30 10:32:52.799,0.98219,0.98235,4.50,4.69
2012.04.30 10:32:53.338,0.98221,0.98235,1.50,3.19
2012.04.30 10:32:53.890,0.9822,0.98235,2.25,3.19
2012.04.30 10:32:53.958,0.98222,0.98235,1.50,3.19
2012.04.30 10:32:54.148,0.9822,0.98235,2.25,4.69
2012.04.30 10:32:58.150,0.98221,0.98235,1.50,5.44
2012.04.30 10:32:58.652,0.98219,0.98235,4.13,4.69
2012.04.30 10:32:59.159,0.98221,0.98234,1.50,2.44
2012.04.30 10:32:59.610,0.98226,0.98237,1.50,3.00
2012.04.30 10:32:59.822,0.98226,0.98237,1.50,1.50
2012.04.30 10:33:00.380,0.98225,0.98237,1.50,1.50
2012.04.30 10:33:00.909,0.98224,0.98237,1.50,3.00
2012.04.30 10:33:05.010,0.98223,0.98236,2.25,1.50
2012.04.30 10:33:05.606,0.98221,0.98234,4.50,1.50
2012.04.30 10:33:06.130,0.98221,0.98234,6.00,1.69
2012.04.30 10:33:06.471,0.98224,0.98236,1.50,3.75
2012.04.30 10:33:06.942,0.98223,0.98237,1.50,1.69
2012.04.30 10:33:07.478,0.98224,0.98238,2.25,1.35
2012.04.30 10:33:08.569,0.98224,0.98238,2.25,3.41
2012.04.30 10:33:10.070,0.98225,0.98238,1.50,1.50
2012.04.30 10:33:12.100,0.98225,0.98238,1.50,2.10
2012.04.30 10:33:13.376,0.98225,0.98238,1.50,1.50
2012.04.30 10:33:18.631,0.98223,0.98236,1.50,1.50
2012.04.30 10:33:18.975,0.98223,0.98234,1.50,1.50
2012.04.30 10:33:19.724,0.98223,0.98236,1.50,1.50
2012.04.30 10:33:20.089,0.98224,0.98238,2.25,4.50
2012.04.30 10:33:20.559,0.98224,0.98236,2.25,1.50
2012.04.30 10:33:23.439,0.98223,0.98234,1.50,1.50
2012.04.30 10:33:24.169,0.98222,0.98235,1.50,1.50
2012.04.30 10:33:24.529,0.98222,0.98234,2.25,1.50
2012.04.30 10:33:25.631,0.98223,0.98235,1.50,1.50
2012.04.30 10:33:26.209,0.98221,0.98234,3.00,1.50
2012.04.30 10:33:26.729,0.98221,0.98235,3.00,3.75
2012.04.30 10:33:27.381,0.98223,0.98235,1.50,3.94
2012.04.30 10:33:28.330,0.98222,0.98234,2.25,1.50
2012.04.30 10:33:28.883,0.98222,0.98235,2.25,2.44
2012.04.30 10:33:29.871,0.98223,0.98235,1.73,2.25
2012.04.30 10:33:30.012,0.98226,0.98235,1.50,2.25
2012.04.30 10:33:30.351,0.98229,0.98241,3.00,1.91
2012.04.30 10:33:30.738,0.98229,0.98241,3.00,1.50
2012.04.30 10:33:32.629,0.98229,0.98241,1.50,5.25
2012.04.30 10:33:32.770,0.98229,0.9824,1.50,1.50
2012.04.30 10:33:32.899,0.98227,0.98239,3.00,2.25
2012.04.30 10:33:35.299,0.98226,0.98239,1.50,1.50
2012.04.30 10:33:35.930,0.98226,0.98237,1.50,1.13
2012.04.30 10:33:36.000,0.98224,0.98236,1.50,2.25
2012.04.30 10:33:36.513,0.98225,0.98237,1.50,2.63
