2017.11.22 03:00:00.245,1.27678,1.27686,1.20,1.00
2017.11.22 03:00:00.753,1.27678,1.27686,1.45,1.00
2017.11.22 03:00:02.716,1.27678,1.27689,1.45,1.00
2017.11.22 03:00:03.881,1.27679,1.27689,1.10,1.00
2017.11.22 03:00:04.389,1.27679,1.27689,1.20,1.00
2017.11.22 03:00:06.232,1.27678,1.27689,1.95,1.00
2017.11.22 03:00:09.191,1.2768,1.27689,1.00,1.00
2017.11.22 03:00:09.753,1.27681,1.27689,1.00,1.00
2017.11.22 03:00:09.805,1.27678,1.27689,1.95,1.00
2017.11.22 03:00:10.524,1.27684,1.27692,1.00,3.45
2017.11.22 03:00:10.628,1.27685,1.27694,1.50,1.00
2017.11.22 03:00:10.680,1.27687,1.27697,1.00,2.62
2017.11.22 03:00:11.205,1.27687,1.27697,1.10,2.62
2017.11.22 03:00:12.578,1.27687,1.27697,1.20,2.62
2017.11.22 03:00:14.858,1.27687,1.27697,1.20,1.87
2017.11.22 03:00:15.430,1.27687,1.27697,1.10,3.37
2017.11.22 03:00:15.533,1.27685,1.27694,1.45,1.00
2017.11.22 03:00:15.686,1.27686,1.27694,1.00,1.00
2017.11.22 03:00:15.738,1.27686,1.27697,1.50,1.20
2017.11.22 03:00:16.264,1.27686,1.27697,1.95,1.12
2017.11.22 03:00:18.070,1.27686,1.27696,1.20,1.00
2017.11.22 03:00:18.225,1.27684,1.27695,1.20,1.87
2017.11.22 03:00:18.942,1.27684,1.27695,1.20,1.00
2017.11.22 03:00:19.453,1.27684,1.27694,1.10,2.25
2017.11.22 03:00:19.759,1.27681,1.27691,1.20,1.87
2017.11.22 03:00:20.815,1.27681,1.27691,1.10,3.00
2017.11.22 03:00:22.694,1.27681,1.27689,1.00,1.50
2017.11.22 03:00:23.036,1.27676,1.27685,2.70,1.00
2017.11.22 03:00:23.552,1.27676,1.27685,1.20,1.00
2017.11.22 03:00:24.515,1.27676,1.27685,1.10,1.00
2017.11.22 03:00:25.091,1.27677,1.27685,1.95,1.00
2017.11.22 03:00:25.887,1.27678,1.27685,1.95,1.00
2017.11.22 03:00:26.445,1.27678,1.27685,1.10,1.00
2017.11.22 03:00:29.251,1.27678,1.27685,1.20,1.00
2017.11.22 03:00:33.310,1.27678,1.27685,1.95,1.00
2017.11.22 03:00:35.526,1.27678,1.27688,2.70,1.00
2017.11.22 03:00:40.235,1.27679,1.27689,2.32,1.00
2017.11.22 03:00:42.376,1.27681,1.27689,1.00,1.00
2017.11.22 03:00:42.502,1.27682,1.27689,2.32,1.00
2017.11.22 03:00:42.554,1.27682,1.27692,1.57,1.37
2017.11.22 03:00:43.079,1.27681,1.27693,1.57,2.70
2017.11.22 03:00:44.188,1.27682,1.27693,1.20,2.25
2017.11.22 03:00:45.752,1.27682,1.27693,2.32,3.00
2017.11.22 03:00:47.051,1.27682,1.27692,1.57,1.12
2017.11.22 03:00:47.258,1.27685,1.27696,1.50,1.57
2017.11.22 03:00:47.309,1.27686,1.27696,1.95,1.50
2017.11.22 03:00:47.836,1.27686,1.27696,1.20,1.00
2017.11.22 03:00:52.254,1.27684,1.27693,1.45,1.00
2017.11.22 03:00:52.435,1.27683,1.27695,1.95,1.12
2017.11.22 03:00:53.011,1.27682,1.27694,1.82,1.12
2017.11.22 03:00:53.517,1.27683,1.27694,1.07,1.87
2017.11.22 03:00:54.084,1.27681,1.27694,2.32,1.87
2017.11.22 03:00:54.625,1.27682,1.27692,1.10,1.00
2017.11.22 03:00:55.092,1.27686,1.27694,1.00,4.12
2017.11.22 03:00:55.143,1.27686,1.27695,1.45,1.50
2017.11.22 03:00:55.842,1.27686,1.27695,1.20,1.00
2017.11.22 03:00:56.531,1.27685,1.27695,1.20,1.00
2017.11.22 03:00:58.881,1.27685,1.27695,1.10,2.62
2017.11.22 03:00:59.391,1.27686,1.27696,1.10,1.00
2017.11.22 03:00:59.893,1.27686,1.27696,1.20,1.00
2017.11.22 03:01:00.410,1.27688,1.27697,2.32,1.00
2017.11.22 03:01:00.665,1.27691,1.27703,2.32,1.50
2017.11.22 03:01:00.716,1.27693,1.27703,1.00,1.87
2017.11.22 03:01:01.285,1.27694,1.27703,1.00,1.87
2017.11.22 03:01:01.599,1.27688,1.27699,2.32,1.12
2017.11.22 03:01:01.908,1.2769,1.27696,1.00,1.00
2017.11.22 03:01:02.062,1.27691,1.27702,1.00,1.95
2017.11.22 03:01:02.114,1.27693,1.27703,1.00,1.75
2017.11.22 03:01:02.692,1.27691,1.277,1.20,1.00
2017.11.22 03:01:03.695,1.27691,1.27699,1.20,1.00
2017.11.22 03:01:12.213,1.27691,1.27699,1.45,1.00
2017.11.22 03:01:16.171,1.27692,1.27702,3.07,1.00
2017.11.22 03:01:16.647,1.27692,1.277,1.20,1.00
2017.11.22 03:01:17.173,1.27692,1.277,1.10,1.00
2017.11.22 03:01:22.739,1.27692,1.27703,1.95,1.00
2017.11.22 03:01:22.790,1.27694,1.27703,1.20,1.00
2017.11.22 03:01:23.397,1.27694,1.27703,1.10,1.00
2017.11.22 03:01:23.704,1.27694,1.27701,1.00,1.00
2017.11.22 03:01:30.006,1.27694,1.27703,1.00,2.70
2017.11.22 03:01:30.531,1.27693,1.27703,1.00,1.95
2017.11.22 03:01:31.036,1.27692,1.27702,1.00,1.07
2017.11.22 03:01:32.613,1.27692,1.27701,1.00,1.47
2017.11.22 03:01:32.768,1.27688,1.27699,1.57,1.00
2017.11.22 03:01:32.819,1.27688,1.27698,1.00,1.57
2017.11.22 03:01:35.557,1.27686,1.27696,1.10,1.00
2017.11.22 03:01:46.651,1.27685,1.27696,1.57,1.00
2017.11.22 03:01:50.331,1.27687,1.27696,1.00,1.00
2017.11.22 03:01:50.850,1.27688,1.27696,1.50,1.00
2017.11.22 03:01:51.653,1.27689,1.27696,1.00,1.00
2017.11.22 03:01:52.179,1.27687,1.27696,1.57,1.00
2017.11.22 03:01:52.726,1.27686,1.27696,1.10,1.00
2017.11.22 03:01:53.084,1.27688,1.27696,1.00,1.00
2017.11.22 03:01:54.200,1.27686,1.27696,1.00,1.00
2017.11.22 03:01:55.124,1.27687,1.27696,1.87,1.00
2017.11.22 03:01:55.553,1.27689,1.27696,1.00,1.00
2017.11.22 03:01:56.428,1.27688,1.27696,1.00,1.00
2017.11.22 03:01:57.312,1.27689,1.27696,1.00,1.00
2017.11.22 03:01:57.821,1.2769,1.27697,1.00,1.00
2017.11.22 03:01:58.380,1.27691,1.27697,1.00,1.00
2017.11.22 03:01:58.431,1.27691,1.27701,1.00,2.32
2017.11.22 03:01:58.981,1.2769,1.27701,1.00,2.70
2017.11.22 03:01:59.135,1.27688,1.27698,1.10,1.50
2017.11.22 03:01:59.649,1.27688,1.27699,1.00,2.70
2017.11.22 03:02:01.637,1.27688,1.27698,1.00,1.07
2017.11.22 03:02:06.984,1.27688,1.27699,1.00,1.95
2017.11.22 03:02:07.444,1.27689,1.277,1.00,1.76
2017.11.22 03:02:07.597,1.27689,1.277,1.00,2.32
2017.11.22 03:02:07.649,1.27689,1.277,2.25,1.76
2017.11.22 03:02:08.180,1.2769,1.277,1.00,1.50
2017.11.22 03:02:08.436,1.27692,1.27701,1.00,1.45
2017.11.22 03:02:14.335,1.27689,1.27701,1.57,2.70
2017.11.22 03:02:14.889,1.27689,1.277,2.25,3.07
2017.11.22 03:02:16.212,1.27689,1.27699,1.00,1.20
2017.11.22 03:02:16.444,1.27689,1.277,1.50,1.50
2017.11.22 03:02:16.801,1.27689,1.27699,1.00,2.25
2017.11.22 03:02:21.119,1.2769,1.27701,3.37,3.07
2017.11.22 03:02:21.171,1.27697,1.27703,1.00,1.57
2017.11.22 03:02:21.223,1.27697,1.27707,1.00,6.07
2017.11.22 03:02:21.325,1.27701,1.27707,1.00,1.12
2017.11.22 03:02:21.875,1.27701,1.27708,1.00,1.50
2017.11.22 03:02:22.280,1.27701,1.27706,1.00,1.00
2017.11.22 03:02:22.383,1.27701,1.27708,1.00,2.25
2017.11.22 03:02:22.791,1.27701,1.27711,1.00,4.01
2017.11.22 03:02:23.254,1.27698,1.27709,1.10,1.10
2017.11.22 03:02:26.536,1.27702,1.27711,1.00,1.07
2017.11.22 03:02:26.725,1.27702,1.27713,1.50,1.57
2017.11.22 03:02:27.236,1.27702,1.27714,1.00,1.39
2017.11.22 03:02:27.743,1.27702,1.27713,1.00,1.00
2017.11.22 03:02:28.266,1.27702,1.27714,1.00,2.14
2017.11.22 03:02:28.807,1.27702,1.27713,1.00,1.00
2017.11.22 03:02:29.336,1.27702,1.27714,1.00,1.39
2017.11.22 03:02:29.863,1.27702,1.27713,1.00,1.00
2017.11.22 03:02:30.395,1.27702,1.27714,1.00,1.39
2017.11.22 03:02:30.955,1.27702,1.27713,1.00,1.00
2017.11.22 03:02:31.495,1.27702,1.27714,1.00,2.14
2017.11.22 03:02:32.034,1.27702,1.27713,1.00,1.00
2017.11.22 03:02:32.536,1.27702,1.27714,1.00,1.39
2017.11.22 03:02:32.830,1.27699,1.27709,2.70,1.00
2017.11.22 03:02:32.882,1.27699,1.27708,1.10,1.00
2017.11.22 03:02:32.984,1.27697,1.27708,1.12,1.00
2017.11.22 03:02:33.035,1.27696,1.27706,1.47,1.00
2017.11.22 03:02:33.291,1.27694,1.27705,1.20,1.00
2017.11.22 03:02:34.448,1.27694,1.27705,1.57,1.00
2017.11.22 03:02:35.921,1.27695,1.27705,1.45,1.00
2017.11.22 03:02:36.437,1.27695,1.27706,2.32,1.00
2017.11.22 03:02:36.929,1.27695,1.27706,3.07,1.00
2017.11.22 03:02:37.756,1.27695,1.27706,1.57,1.00
2017.11.22 03:02:39.842,1.27697,1.27706,1.00,1.00
2017.11.22 03:02:40.155,1.27699,1.27706,1.00,1.00
2017.11.22 03:02:40.257,1.27697,1.27706,1.00,1.00
2017.11.22 03:02:40.752,1.27695,1.27704,1.10,1.00
2017.11.22 03:02:41.451,1.27696,1.27704,1.00,1.00
2017.11.22 03:02:42.824,1.277,1.27708,1.00,1.20
2017.11.22 03:02:42.878,1.277,1.27709,2.70,1.00
2017.11.22 03:02:43.228,1.27697,1.27709,2.70,1.10
2017.11.22 03:02:43.280,1.27697,1.27707,3.45,1.00
2017.11.22 03:02:43.589,1.27696,1.27705,1.57,1.00
2017.11.22 03:02:44.173,1.27696,1.27704,1.00,1.00
2017.11.22 03:02:50.991,1.27697,1.27706,1.00,1.00
2017.11.22 03:02:51.093,1.277,1.27708,1.50,1.00
2017.11.22 03:02:51.618,1.27701,1.27709,1.57,1.00
2017.11.22 03:02:51.669,1.27701,1.27711,1.07,1.00
2017.11.22 03:02:55.977,1.27701,1.2771,1.20,1.00
2017.11.22 03:02:56.514,1.27701,1.2771,1.10,1.00
2017.11.22 03:02:57.343,1.27701,1.2771,1.57,1.00
2017.11.22 03:02:58.228,1.27701,1.2771,2.32,1.00
2017.11.22 03:02:58.279,1.27702,1.27713,1.20,1.50
2017.11.22 03:02:58.331,1.27706,1.27716,1.20,1.00
2017.11.22 03:02:58.434,1.27708,1.2772,1.50,3.82
2017.11.22 03:02:58.741,1.2771,1.27721,1.00,1.00
2017.11.22 03:03:00.339,1.2771,1.27721,1.07,1.00
2017.11.22 03:03:00.891,1.2771,1.27721,1.10,1.00
2017.11.22 03:03:02.832,1.2771,1.27721,1.00,1.07
2017.11.22 03:03:03.363,1.2771,1.27721,1.00,1.50
2017.11.22 03:03:04.658,1.27711,1.27721,1.00,1.00
2017.11.22 03:03:05.183,1.2771,1.27721,1.00,1.50
2017.11.22 03:03:08.353,1.2771,1.27721,1.00,1.57
2017.11.22 03:03:09.814,1.2771,1.27721,1.10,1.95
2017.11.22 03:03:10.188,1.27708,1.27718,1.95,1.00
2017.11.22 03:03:37.286,1.27707,1.27715,2.32,1.00
2017.11.22 03:03:39.653,1.27705,1.27715,1.57,1.00
2017.11.22 03:03:40.331,1.27705,1.27715,1.12,1.00
2017.11.22 03:03:46.223,1.27703,1.27714,1.95,1.00
2017.11.22 03:03:47.413,1.27703,1.27714,1.95,1.20
2017.11.22 03:03:47.974,1.27704,1.27714,1.00,1.20
2017.11.22 03:03:50.247,1.27703,1.27714,2.70,1.10
2017.11.22 03:03:50.871,1.27704,1.27714,1.00,1.10
2017.11.22 03:03:51.953,1.27703,1.27714,1.20,1.10
2017.11.22 03:03:53.372,1.27706,1.27715,1.00,2.32
2017.11.22 03:03:54.217,1.27706,1.27715,1.00,1.10
2017.11.22 03:03:54.740,1.27706,1.27716,1.00,1.20
2017.11.22 03:03:55.068,1.27705,1.27714,1.00,1.00
2017.11.22 03:03:55.643,1.27705,1.27715,1.00,1.20
2017.11.22 03:03:56.210,1.27705,1.27715,1.00,1.95
2017.11.22 03:03:58.498,1.27705,1.27713,1.00,1.00
2017.11.22 03:03:59.006,1.27705,1.27714,1.00,1.87
2017.11.22 03:04:00.080,1.27705,1.27715,1.00,1.57
2017.11.22 03:04:01.989,1.27705,1.27715,1.00,1.95
2017.11.22 03:04:02.496,1.27705,1.27715,1.00,1.95
2017.11.22 03:04:03.537,1.27705,1.27716,1.00,1.57
2017.11.22 03:04:04.245,1.27705,1.27714,1.00,1.00
2017.11.22 03:04:04.503,1.27705,1.27716,1.00,1.95
2017.11.22 03:04:04.554,1.27705,1.27714,1.00,1.00
2017.11.22 03:04:04.773,1.27705,1.27716,1.00,1.57
2017.11.22 03:04:04.875,1.27705,1.27714,1.00,1.00
2017.11.22 03:04:14.189,1.27705,1.27716,1.00,2.70
2017.11.22 03:04:23.322,1.27705,1.27716,1.00,2.32
2017.11.22 03:04:23.750,1.27706,1.27714,1.12,1.00
2017.11.22 03:04:24.059,1.27715,1.27722,1.00,1.00
2017.11.22 03:04:24.568,1.27714,1.27724,1.12,1.57
2017.11.22 03:04:24.619,1.27714,1.27722,1.87,1.00
2017.11.22 03:04:25.190,1.27714,1.27723,1.87,1.00
2017.11.22 03:04:25.698,1.27715,1.27724,1.00,1.00
2017.11.22 03:04:26.183,1.27717,1.27724,1.00,1.12
2017.11.22 03:04:26.388,1.27715,1.27724,2.25,1.12
2017.11.22 03:04:26.991,1.27716,1.27724,1.00,1.12
2017.11.22 03:04:27.644,1.27715,1.27724,1.50,1.12
2017.11.22 03:04:28.152,1.27715,1.27725,1.00,1.87
2017.11.22 03:04:28.901,1.27715,1.27725,1.00,2.62
2017.11.22 03:04:29.445,1.27716,1.27725,1.00,2.62
2017.11.22 03:04:29.953,1.27716,1.27725,1.00,1.87
2017.11.22 03:04:30.486,1.27716,1.27725,1.00,2.71
2017.11.22 03:04:31.009,1.27716,1.27725,1.00,1.96
2017.11.22 03:04:36.822,1.27716,1.27723,1.00,1.00
2017.11.22 03:04:37.033,1.27716,1.27725,1.00,1.96
2017.11.22 03:04:38.780,1.27716,1.27725,1.00,2.71
2017.11.22 03:04:39.414,1.27716,1.27725,1.00,1.96
2017.11.22 03:04:40.343,1.27716,1.27725,1.00,2.71
2017.11.22 03:04:40.935,1.27716,1.27725,1.00,1.96
2017.11.22 03:04:41.596,1.27716,1.27725,1.00,2.71
2017.11.22 03:04:42.114,1.27716,1.27725,1.00,2.78
2017.11.22 03:04:42.622,1.27717,1.27725,1.00,1.11
2017.11.22 03:04:44.088,1.27716,1.27725,1.00,1.46
2017.11.22 03:04:44.682,1.27716,1.27726,1.00,1.66
2017.11.22 03:04:45.283,1.27716,1.27725,1.50,1.46
2017.11.22 03:04:45.886,1.27716,1.27726,1.50,1.66
2017.11.22 03:04:47.182,1.27716,1.27725,1.00,1.46
2017.11.22 03:04:47.867,1.27716,1.27725,1.00,1.21
2017.11.22 03:04:48.461,1.27716,1.27725,1.00,1.96
2017.11.22 03:04:49.188,1.27716,1.27725,1.50,1.21
2017.11.22 03:04:51.083,1.27716,1.27725,1.50,1.96
2017.11.22 03:04:52.775,1.27716,1.27725,1.00,1.58
2017.11.22 03:04:53.477,1.27716,1.27725,1.00,2.33
2017.11.22 03:04:54.132,1.27716,1.27725,1.00,1.58
2017.11.22 03:04:54.799,1.27716,1.27724,1.50,1.00
2017.11.22 03:04:57.261,1.27716,1.27725,1.50,1.11
2017.11.22 03:04:57.787,1.27716,1.27724,1.50,1.21
2017.11.22 03:05:00.860,1.27717,1.27725,1.12,1.58
2017.11.22 03:05:01.188,1.2772,1.27727,1.00,1.00
2017.11.22 03:05:01.239,1.2772,1.27729,2.25,2.70
2017.11.22 03:05:01.705,1.27722,1.2773,1.50,1.50
2017.11.22 03:05:02.491,1.27722,1.2773,2.44,1.00
2017.11.22 03:05:02.595,1.27723,1.27732,1.50,1.00
2017.11.22 03:05:03.114,1.27724,1.27733,1.12,1.12
2017.11.22 03:05:03.798,1.27724,1.27733,1.12,1.37
2017.11.22 03:05:07.688,1.27725,1.27734,1.87,1.87
2017.11.22 03:05:07.791,1.27725,1.27733,1.12,1.37
2017.11.22 03:05:08.303,1.27725,1.27733,1.12,2.25
2017.11.22 03:05:08.769,1.27725,1.27736,1.12,1.95
2017.11.22 03:05:08.866,1.27725,1.27736,2.32,1.12
2017.11.22 03:05:09.019,1.27729,1.27738,1.12,1.00
2017.11.22 03:05:09.837,1.27729,1.27737,1.00,1.00
2017.11.22 03:05:10.346,1.2773,1.27737,1.50,1.00
2017.11.22 03:05:10.975,1.2773,1.27738,1.50,1.57
2017.11.22 03:05:11.645,1.2773,1.27737,1.50,1.00
2017.11.22 03:05:12.156,1.2773,1.27738,1.12,1.10
2017.11.22 03:05:12.698,1.2773,1.27737,1.87,1.00
2017.11.22 03:05:13.252,1.27732,1.27739,1.00,1.12
2017.11.22 03:05:14.047,1.27732,1.27738,1.00,1.00
2017.11.22 03:05:14.774,1.27731,1.27738,1.00,1.00
2017.11.22 03:05:15.607,1.27731,1.27737,1.00,1.00
2017.11.22 03:05:16.880,1.27731,1.27739,1.00,2.25
2017.11.22 03:05:17.087,1.27728,1.27733,1.00,1.37
2017.11.22 03:05:17.138,1.27725,1.27733,1.50,1.87
2017.11.22 03:05:17.311,1.27723,1.27729,1.00,1.00
2017.11.22 03:05:17.362,1.27722,1.27732,1.50,3.00
2017.11.22 03:05:17.979,1.27723,1.27733,1.00,1.87
2017.11.22 03:05:18.490,1.27722,1.27733,2.62,1.50
2017.11.22 03:05:18.997,1.27722,1.27733,2.62,1.50
2017.11.22 03:05:19.547,1.27723,1.27733,1.00,1.12
2017.11.22 03:05:20.321,1.27722,1.27733,2.62,1.87
2017.11.22 03:05:21.015,1.27722,1.27733,2.62,1.87
2017.11.22 03:05:25.755,1.27722,1.27731,1.12,1.00
2017.11.22 03:05:26.211,1.27721,1.27727,1.10,1.00
2017.11.22 03:05:26.263,1.27719,1.27727,1.50,1.07
2017.11.22 03:05:26.775,1.27719,1.27727,1.50,1.50
2017.11.22 03:05:27.335,1.27719,1.2773,1.50,1.50
2017.11.22 03:05:27.853,1.2772,1.2773,2.25,1.10
2017.11.22 03:05:28.603,1.2772,1.27731,1.50,1.57
2017.11.22 03:05:30.775,1.2772,1.27727,1.50,1.00
2017.11.22 03:05:30.877,1.27718,1.27726,1.50,1.00
2017.11.22 03:05:31.974,1.27719,1.27726,1.00,1.00
2017.11.22 03:05:33.651,1.27719,1.2773,1.50,1.20
2017.11.22 03:05:33.778,1.2772,1.27728,1.00,1.00
2017.11.22 03:05:35.776,1.27721,1.27728,1.00,1.00
2017.11.22 03:05:39.670,1.27721,1.27732,1.87,1.10
2017.11.22 03:05:40.490,1.27719,1.27728,1.57,1.12
2017.11.22 03:05:40.796,1.27719,1.27725,1.00,1.00
2017.11.22 03:05:42.275,1.27717,1.27725,3.00,1.00
2017.11.22 03:05:42.855,1.27717,1.27725,1.95,1.00
2017.11.22 03:05:43.264,1.27717,1.27727,1.95,1.00
2017.11.22 03:05:43.867,1.27719,1.27727,1.50,1.00
2017.11.22 03:05:46.059,1.2772,1.27727,1.10,1.00
2017.11.22 03:05:46.161,1.27721,1.27732,1.20,1.00
2017.11.22 03:05:46.668,1.27722,1.27733,1.20,1.12
2017.11.22 03:05:46.719,1.27725,1.27733,1.12,1.12
2017.11.22 03:05:47.241,1.27725,1.27734,1.12,4.87
2017.11.22 03:05:47.590,1.27731,1.2774,1.57,1.50
2017.11.22 03:05:48.116,1.27731,1.2774,1.20,2.25
2017.11.22 03:05:52.174,1.2773,1.2774,1.50,1.87
2017.11.22 03:05:54.620,1.2773,1.2774,1.00,1.47
2017.11.22 03:05:56.936,1.27726,1.27736,2.70,1.00
2017.11.22 03:05:57.243,1.27725,1.27734,1.37,1.00
2017.11.22 03:06:00.001,1.27725,1.27735,3.00,1.57
2017.11.22 03:06:00.510,1.27725,1.27734,1.10,1.17
2017.11.22 03:06:05.886,1.27727,1.27734,1.00,1.17
2017.11.22 03:06:06.427,1.27727,1.27735,1.00,1.17
2017.11.22 03:06:08.147,1.27727,1.27735,1.00,1.63
2017.11.22 03:06:09.654,1.27727,1.27731,1.00,1.00
2017.11.22 03:06:09.757,1.27725,1.27731,1.00,1.00
2017.11.22 03:06:10.266,1.27725,1.2773,1.00,1.00
2017.11.22 03:06:10.897,1.27725,1.27731,1.00,1.00
2017.11.22 03:06:15.064,1.27727,1.27731,1.00,1.17
2017.11.22 03:06:15.325,1.27729,1.27733,1.00,2.75
2017.11.22 03:06:16.718,1.27728,1.27733,1.00,3.13
2017.11.22 03:06:17.755,1.27729,1.27733,1.00,3.13
2017.11.22 03:06:19.531,1.27728,1.27733,1.00,3.13
2017.11.22 03:06:19.758,1.27726,1.27731,1.00,1.00
2017.11.22 03:06:20.285,1.27726,1.2773,1.00,1.00
2017.11.22 03:06:20.802,1.27725,1.27729,1.00,1.00
2017.11.22 03:06:21.433,1.27726,1.2773,1.00,1.00
2017.11.22 03:06:22.771,1.27725,1.27729,1.00,1.00
2017.11.22 03:06:23.411,1.27726,1.2773,1.00,1.17
2017.11.22 03:06:24.829,1.27725,1.27729,1.00,1.00
2017.11.22 03:06:24.880,1.27723,1.27729,1.00,1.00
2017.11.22 03:06:24.932,1.27719,1.27723,2.32,1.00
2017.11.22 03:06:24.983,1.27718,1.27725,1.07,3.50
2017.11.22 03:06:25.496,1.27718,1.27725,1.00,3.50
2017.11.22 03:06:26.024,1.27718,1.27725,1.00,2.62
2017.11.22 03:06:27.468,1.27718,1.27724,1.00,1.00
2017.11.22 03:06:29.266,1.27718,1.27725,1.00,1.00
2017.11.22 03:06:29.419,1.27718,1.27722,1.00,1.00
2017.11.22 03:06:29.957,1.27718,1.27725,1.00,1.17
2017.11.22 03:06:30.212,1.27717,1.27721,1.00,1.00
2017.11.22 03:06:30.366,1.27718,1.27723,1.00,1.50
2017.11.22 03:06:30.956,1.27718,1.27724,1.00,2.00
2017.11.22 03:06:31.793,1.27718,1.27727,1.00,1.70
2017.11.22 03:06:32.373,1.27719,1.27726,1.00,1.00
2017.11.22 03:06:32.904,1.2772,1.27727,1.00,1.25
2017.11.22 03:06:33.059,1.27721,1.2773,1.00,1.63
2017.11.22 03:06:34.073,1.27721,1.2773,1.00,1.63
2017.11.22 03:06:34.576,1.27721,1.2773,2.62,1.63
2017.11.22 03:06:35.266,1.27721,1.2773,1.87,1.13
2017.11.22 03:06:36.013,1.27721,1.2773,1.87,1.17
2017.11.22 03:06:36.543,1.27721,1.27731,1.87,3.13
2017.11.22 03:06:37.049,1.27722,1.27731,1.00,2.38
2017.11.22 03:06:37.796,1.27722,1.27731,1.00,2.38
2017.11.22 03:06:38.835,1.27722,1.27731,1.00,1.63
2017.11.22 03:06:39.358,1.27722,1.27731,1.00,1.63
2017.11.22 03:06:39.947,1.27722,1.27731,1.50,2.00
2017.11.22 03:06:40.481,1.27722,1.27731,1.50,2.00
2017.11.22 03:06:41.037,1.27722,1.27732,1.50,1.70
2017.11.22 03:06:41.139,1.27722,1.27732,1.57,1.17
2017.11.22 03:06:41.679,1.27722,1.27732,2.32,1.00
2017.11.22 03:06:42.189,1.27724,1.27732,1.00,1.25
2017.11.22 03:06:42.835,1.27729,1.27735,1.00,1.13
2017.11.22 03:06:43.244,1.27729,1.27736,1.00,1.17
2017.11.22 03:06:43.783,1.27728,1.27735,1.00,1.00
2017.11.22 03:06:43.886,1.27728,1.27732,1.50,1.00
2017.11.22 03:06:44.477,1.27726,1.27734,1.95,1.00
2017.11.22 03:06:44.995,1.27726,1.27735,3.07,1.13
2017.11.22 03:06:45.523,1.27727,1.27733,1.20,1.00
2017.11.22 03:06:46.120,1.27728,1.27736,1.12,1.13
2017.11.22 03:06:46.223,1.27728,1.27737,1.50,2.75
2017.11.22 03:06:47.744,1.27728,1.27737,1.57,1.25
2017.11.22 03:06:49.388,1.27728,1.27737,1.57,2.38
2017.11.22 03:06:51.145,1.27728,1.27737,1.50,1.63
2017.11.22 03:06:51.795,1.27728,1.27737,1.57,2.00
2017.11.22 03:06:52.309,1.27728,1.27737,2.32,2.38
2017.11.22 03:06:53.137,1.27728,1.27737,1.50,2.38
2017.11.22 03:06:53.678,1.27728,1.27737,1.50,1.63
2017.11.22 03:06:54.697,1.27728,1.27737,2.32,1.13
2017.11.22 03:06:54.953,1.27731,1.27739,1.00,2.38
2017.11.22 03:06:56.237,1.27731,1.27738,1.50,1.25
2017.11.22 03:06:56.805,1.27731,1.27739,1.50,1.63
2017.11.22 03:06:57.311,1.27731,1.27738,1.50,1.13
2017.11.22 03:06:58.227,1.27731,1.27738,1.00,1.17
2017.11.22 03:06:59.672,1.27731,1.27738,1.10,2.00
2017.11.22 03:07:00.555,1.27731,1.27738,1.87,1.25
2017.11.22 03:07:01.432,1.27731,1.27739,1.20,1.17
2017.11.22 03:07:01.983,1.27731,1.27739,1.95,1.63
2017.11.22 03:07:02.361,1.27734,1.2774,3.00,1.25
2017.11.22 03:07:02.413,1.27734,1.2774,1.87,1.00
2017.11.22 03:07:02.466,1.27736,1.27744,1.00,1.87
2017.11.22 03:07:02.632,1.27733,1.27741,3.82,1.37
2017.11.22 03:07:03.216,1.27735,1.27741,1.00,1.37
2017.11.22 03:07:03.513,1.27735,1.27744,1.87,1.00
2017.11.22 03:07:04.398,1.27736,1.27746,1.20,3.19
2017.11.22 03:07:05.231,1.27736,1.27745,2.32,1.50
2017.11.22 03:07:07.263,1.27736,1.27746,2.70,2.25
2017.11.22 03:07:07.875,1.27737,1.27745,1.10,1.50
2017.11.22 03:07:08.405,1.27736,1.27746,2.70,2.25
2017.11.22 03:07:10.656,1.27737,1.27746,2.32,1.50
2017.11.22 03:07:11.182,1.27737,1.27745,1.57,1.00
2017.11.22 03:07:12.090,1.27737,1.27746,2.32,1.00
2017.11.22 03:07:12.768,1.27738,1.27746,1.95,1.00
2017.11.22 03:07:13.125,1.27738,1.27748,1.20,1.87
2017.11.22 03:07:14.302,1.2774,1.27747,1.00,1.00
2017.11.22 03:07:14.804,1.2774,1.27746,1.00,1.00
2017.11.22 03:07:15.219,1.2774,1.27748,1.00,1.00
2017.11.22 03:07:15.971,1.2774,1.27747,1.00,1.00
2017.11.22 03:07:16.372,1.2774,1.27749,1.00,2.25
2017.11.22 03:07:16.423,1.2774,1.27747,1.00,1.00
2017.11.22 03:07:16.667,1.2774,1.27749,1.00,3.00
2017.11.22 03:07:17.247,1.2774,1.27748,1.00,1.87
2017.11.22 03:07:17.603,1.27739,1.27745,1.50,1.00
2017.11.22 03:07:18.040,1.27739,1.27747,1.50,1.00
2017.11.22 03:07:18.549,1.27739,1.27748,1.00,1.00
2017.11.22 03:07:19.077,1.27739,1.27746,1.50,1.00
2017.11.22 03:07:19.628,1.27739,1.27747,1.00,1.00
2017.11.22 03:07:19.934,1.27734,1.27742,1.12,2.25
2017.11.22 03:07:20.906,1.27733,1.27742,2.25,3.75
2017.11.22 03:07:21.588,1.27733,1.27741,1.50,1.12
2017.11.22 03:07:22.090,1.27733,1.27741,2.25,1.37
2017.11.22 03:07:22.727,1.27733,1.27741,2.25,1.50
2017.11.22 03:07:24.478,1.27733,1.27741,3.00,1.50
2017.11.22 03:07:27.145,1.27733,1.27741,2.25,1.50
2017.11.22 03:07:29.136,1.27733,1.27741,3.00,1.50
2017.11.22 03:07:30.591,1.27734,1.27741,2.44,1.12
2017.11.22 03:07:31.164,1.27735,1.27742,1.50,2.25
2017.11.22 03:07:31.692,1.27736,1.2774,1.00,1.12
2017.11.22 03:07:31.978,1.27735,1.27741,1.50,1.50
2017.11.22 03:07:32.029,1.27736,1.27742,1.00,3.75
2017.11.22 03:07:32.080,1.27735,1.27742,1.00,3.00
2017.11.22 03:07:32.132,1.27733,1.27741,2.62,2.25
2017.11.22 03:07:32.285,1.27731,1.2774,1.57,1.00
2017.11.22 03:07:32.456,1.27731,1.27738,1.50,1.00
2017.11.22 03:07:32.976,1.27731,1.27739,1.50,1.00
2017.11.22 03:07:33.490,1.27732,1.2774,1.10,1.12
2017.11.22 03:07:34.716,1.27731,1.27741,1.57,1.87
2017.11.22 03:07:37.264,1.27731,1.27741,1.57,1.87
2017.11.22 03:07:38.482,1.27732,1.27741,1.00,3.00
2017.11.22 03:07:39.644,1.27731,1.27735,1.10,1.00
2017.11.22 03:07:39.746,1.27729,1.27736,1.00,1.00
2017.11.22 03:07:39.900,1.27723,1.27732,4.20,1.12
2017.11.22 03:07:39.951,1.27723,1.27732,1.57,1.00
2017.11.22 03:07:40.170,1.27724,1.27735,2.62,1.00
2017.11.22 03:07:40.683,1.27726,1.27735,1.12,1.00
2017.11.22 03:07:41.223,1.27726,1.27734,1.10,1.50
2017.11.22 03:07:41.738,1.27724,1.27734,1.57,1.00
2017.11.22 03:07:43.758,1.27723,1.27732,1.57,1.12
2017.11.22 03:07:52.317,1.27722,1.2773,1.57,1.00
2017.11.22 03:07:52.826,1.27722,1.2773,1.20,1.00
2017.11.22 03:07:59.553,1.27722,1.27732,5.32,1.00
2017.11.22 03:08:00.098,1.27722,1.27731,4.95,1.00
2017.11.22 03:08:00.276,1.27722,1.27731,1.20,1.00
2017.11.22 03:08:01.118,1.27722,1.27732,1.95,2.25
2017.11.22 03:08:05.776,1.27721,1.27731,3.82,1.00
2017.11.22 03:08:06.310,1.27722,1.27732,1.07,1.00
2017.11.22 03:08:16.515,1.27721,1.27732,2.32,1.00
2017.11.22 03:08:19.078,1.27722,1.27732,2.32,1.00
2017.11.22 03:08:34.086,1.27721,1.27732,2.32,1.00
2017.11.22 03:08:43.255,1.27721,1.27731,1.95,1.00
2017.11.22 03:08:54.323,1.27721,1.27731,2.32,1.00
2017.11.22 03:09:00.760,1.27722,1.27731,1.00,1.00
2017.11.22 03:09:02.600,1.27722,1.27731,1.95,1.00
2017.11.22 03:09:03.418,1.27722,1.27733,3.07,1.00
2017.11.22 03:09:03.521,1.27722,1.27733,3.45,1.00
2017.11.22 03:09:04.787,1.27724,1.27734,1.20,1.00
2017.11.22 03:09:16.428,1.27723,1.27732,1.57,1.00
2017.11.22 03:09:17.387,1.2772,1.27732,5.32,2.25
2017.11.22 03:09:22.739,1.27722,1.27731,1.12,1.50
2017.11.22 03:09:25.755,1.27722,1.27732,1.20,1.69
2017.11.22 03:09:30.946,1.27722,1.27731,1.10,1.00
2017.11.22 03:09:31.462,1.27722,1.27732,1.20,1.50
2017.11.22 03:09:31.780,1.27722,1.2773,1.20,1.00
2017.11.22 03:09:32.309,1.27722,1.27731,1.20,1.00
2017.11.22 03:09:32.838,1.27722,1.27732,1.20,1.00
2017.11.22 03:09:36.405,1.27721,1.27732,1.20,1.00
2017.11.22 03:09:37.145,1.27721,1.27732,1.20,1.00
2017.11.22 03:09:43.970,1.27721,1.27732,1.95,1.50
2017.11.22 03:09:46.456,1.27721,1.27732,1.57,1.50
2017.11.22 03:09:47.517,1.27721,1.2773,1.57,1.00
2017.11.22 03:09:48.109,1.2772,1.2773,3.82,1.00
2017.11.22 03:09:48.946,1.27722,1.2773,1.00,1.00
2017.11.22 03:09:51.423,1.2772,1.2773,5.70,1.00
2017.11.22 03:09:53.298,1.2772,1.27731,3.82,1.00
2017.11.22 03:10:07.534,1.27721,1.27731,2.32,1.00
2017.11.22 03:10:08.089,1.27722,1.27731,1.10,1.00
2017.11.22 03:10:19.383,1.2772,1.27731,1.57,1.00
2017.11.22 03:10:23.740,1.2772,1.27731,2.70,1.00
2017.11.22 03:10:24.358,1.2772,1.27731,1.57,1.00
2017.11.22 03:10:26.833,1.27721,1.27731,1.07,1.00
2017.11.22 03:10:30.413,1.27721,1.2773,1.10,1.00
2017.11.22 03:10:32.258,1.27721,1.2773,1.20,1.00
2017.11.22 03:10:36.061,1.27722,1.27732,1.10,1.00
2017.11.22 03:10:40.463,1.27722,1.27733,1.57,1.00
2017.11.22 03:10:41.278,1.27722,1.27733,1.57,1.00
2017.11.22 03:10:59.999,1.27725,1.27733,1.50,1.00
2017.11.22 03:11:00.102,1.27723,1.27732,1.20,1.00
2017.11.22 03:11:00.306,1.27722,1.27732,1.10,1.00
2017.11.22 03:11:02.019,1.27722,1.27731,1.10,1.00
2017.11.22 03:11:02.173,1.2772,1.27729,2.32,1.50
2017.11.22 03:11:02.328,1.2772,1.27731,2.32,2.62
2017.11.22 03:11:02.431,1.2772,1.27728,2.32,1.00
2017.11.22 03:11:02.635,1.2772,1.27731,2.32,2.62
2017.11.22 03:11:02.737,1.2772,1.27729,2.32,1.00
2017.11.22 03:11:05.161,1.2772,1.27729,1.10,1.00
2017.11.22 03:11:07.708,1.2772,1.27729,2.32,1.00
2017.11.22 03:11:10.300,1.2772,1.27729,1.10,1.00
2017.11.22 03:11:18.860,1.2772,1.27728,1.20,1.50
2017.11.22 03:11:18.963,1.27718,1.27728,1.12,1.00
2017.11.22 03:11:19.065,1.2772,1.27728,1.00,1.12
2017.11.22 03:11:20.481,1.2772,1.27725,1.00,1.00
2017.11.22 03:11:20.736,1.27719,1.27727,1.00,1.00
2017.11.22 03:11:21.289,1.2772,1.27727,1.00,1.00
2017.11.22 03:11:22.677,1.2772,1.27726,1.00,1.00
2017.11.22 03:11:22.911,1.27718,1.27725,1.00,1.00
2017.11.22 03:11:22.963,1.27718,1.27727,1.00,1.00
2017.11.22 03:11:23.372,1.2772,1.27727,1.00,1.00
2017.11.22 03:11:23.882,1.2772,1.27728,1.00,1.00
2017.11.22 03:11:29.289,1.2772,1.27729,1.10,1.00
2017.11.22 03:11:33.155,1.2772,1.27731,1.87,1.87
2017.11.22 03:11:35.791,1.27721,1.27731,1.12,3.37
2017.11.22 03:11:40.338,1.27721,1.27731,1.10,1.50
2017.11.22 03:11:44.221,1.27721,1.27731,1.00,1.37
2017.11.22 03:11:44.783,1.27721,1.27731,1.00,2.25
2017.11.22 03:11:44.885,1.27721,1.27729,1.00,1.50
2017.11.22 03:11:45.498,1.27721,1.2773,1.00,1.00
2017.11.22 03:11:54.794,1.27721,1.27729,1.00,1.00
2017.11.22 03:11:55.307,1.2772,1.27727,1.10,1.50
2017.11.22 03:11:55.359,1.27718,1.27727,1.10,1.50
2017.11.22 03:11:55.870,1.27718,1.27727,2.25,1.50
2017.11.22 03:11:56.399,1.27718,1.27726,1.00,1.00
2017.11.22 03:12:01.792,1.27718,1.27727,1.87,1.00
2017.11.22 03:12:01.843,1.2772,1.27727,1.00,1.00
2017.11.22 03:12:05.021,1.2772,1.27729,1.00,1.00
2017.11.22 03:12:05.814,1.2772,1.27729,1.37,1.00
2017.11.22 03:12:08.208,1.2772,1.27729,1.20,1.00
2017.11.22 03:12:13.270,1.2772,1.2773,1.12,1.12
2017.11.22 03:12:28.473,1.2772,1.2773,2.25,1.00
2017.11.22 03:12:28.983,1.27721,1.27731,1.07,1.00
2017.11.22 03:12:29.549,1.27721,1.27731,3.07,1.00
2017.11.22 03:12:30.058,1.27721,1.27731,1.07,1.00
2017.11.22 03:12:37.946,1.27721,1.27731,2.32,1.00
2017.11.22 03:12:50.649,1.2772,1.27731,1.00,1.95
2017.11.22 03:12:51.353,1.27721,1.27731,1.00,1.20
2017.11.22 03:12:55.890,1.27724,1.27732,1.00,1.95
2017.11.22 03:12:58.627,1.27723,1.2773,1.00,1.20
2017.11.22 03:13:00.834,1.27723,1.2773,1.00,1.10
2017.11.22 03:13:04.343,1.27721,1.27729,1.00,1.00
2017.11.22 03:13:04.496,1.27723,1.27727,1.00,1.00
2017.11.22 03:13:04.548,1.2772,1.27728,1.00,1.00
2017.11.22 03:13:04.600,1.27718,1.27728,1.50,2.70
2017.11.22 03:13:04.769,1.27718,1.27726,1.50,2.32
2017.11.22 03:13:05.300,1.27719,1.27727,1.00,2.14
2017.11.22 03:13:06.010,1.27719,1.27728,1.00,1.57
2017.11.22 03:13:07.093,1.27719,1.27727,1.00,1.70
2017.11.22 03:13:08.171,1.27719,1.27727,1.00,2.51
2017.11.22 03:13:08.719,1.2772,1.27727,1.00,2.51
2017.11.22 03:13:09.049,1.27718,1.27727,1.50,1.95
2017.11.22 03:13:09.592,1.27719,1.27727,1.00,2.32
2017.11.22 03:13:13.364,1.27719,1.27729,1.00,5.14
2017.11.22 03:13:16.681,1.27719,1.27729,1.00,2.14
2017.11.22 03:13:18.500,1.27719,1.27729,1.00,2.14
2017.11.22 03:13:20.098,1.27719,1.27728,1.00,1.64
2017.11.22 03:13:20.837,1.27719,1.27727,1.00,1.70
2017.11.22 03:13:21.372,1.27719,1.27727,1.00,1.45
2017.11.22 03:13:31.713,1.27719,1.27727,1.00,1.45
2017.11.22 03:13:32.248,1.27719,1.27728,1.00,1.45
2017.11.22 03:13:38.280,1.27721,1.27728,1.00,1.45
2017.11.22 03:13:38.485,1.27721,1.27729,1.50,1.20
2017.11.22 03:13:39.074,1.27721,1.2773,1.50,3.82
2017.11.22 03:13:39.837,1.27721,1.27729,1.50,1.76
2017.11.22 03:13:40.549,1.27721,1.27729,1.50,1.95
2017.11.22 03:13:41.055,1.27721,1.2773,1.50,3.26
2017.11.22 03:13:41.565,1.27721,1.27729,1.50,1.95
2017.11.22 03:13:42.074,1.27721,1.2773,1.50,2.32
2017.11.22 03:13:42.582,1.27722,1.27729,1.00,1.20
2017.11.22 03:13:45.424,1.27722,1.2773,1.00,2.70
2017.11.22 03:13:46.856,1.27722,1.27729,1.00,1.20
2017.11.22 03:13:51.029,1.27722,1.27731,1.00,1.95
2017.11.22 03:13:51.540,1.27723,1.27731,1.00,1.70
2017.11.22 03:13:52.200,1.27723,1.2773,1.00,1.95
2017.11.22 03:13:52.562,1.27721,1.27729,1.50,1.20
2017.11.22 03:13:53.239,1.27721,1.27729,1.50,1.57
2017.11.22 03:13:53.749,1.27721,1.27731,1.50,2.70
2017.11.22 03:14:13.603,1.27721,1.2773,1.00,1.20
2017.11.22 03:14:14.105,1.27721,1.2773,1.00,2.32
2017.11.22 03:14:24.454,1.27721,1.27731,1.00,2.70
2017.11.22 03:14:25.844,1.2772,1.27732,3.00,1.20
2017.11.22 03:14:26.099,1.27723,1.27734,1.00,1.45
2017.11.22 03:14:26.202,1.27721,1.27732,2.32,1.10
2017.11.22 03:14:26.807,1.27721,1.27733,1.50,3.26
2017.11.22 03:14:27.854,1.2772,1.27731,1.87,1.20
2017.11.22 03:14:28.161,1.27721,1.27733,3.75,1.95
2017.11.22 03:14:29.281,1.27721,1.27733,1.00,5.14
2017.11.22 03:14:29.820,1.2772,1.27732,1.00,1.45
2017.11.22 03:14:30.322,1.27721,1.27733,1.00,2.14
2017.11.22 03:14:30.732,1.27719,1.27732,3.45,1.70
2017.11.22 03:14:31.090,1.27718,1.27728,1.00,2.32
2017.11.22 03:14:31.621,1.27718,1.27727,1.00,1.45
2017.11.22 03:14:32.422,1.27718,1.27727,1.00,1.45
2017.11.22 03:14:32.524,1.27718,1.27728,1.87,1.20
2017.11.22 03:14:32.575,1.2772,1.27728,1.00,1.20
2017.11.22 03:14:33.729,1.2772,1.27729,1.00,1.70
2017.11.22 03:14:34.239,1.2772,1.27728,1.00,1.07
2017.11.22 03:14:35.205,1.2772,1.27729,1.00,1.39
2017.11.22 03:14:45.410,1.2772,1.27727,1.00,1.10
2017.11.22 03:14:45.715,1.27718,1.27727,1.00,1.95
2017.11.22 03:14:50.762,1.27718,1.27729,1.87,5.32
2017.11.22 03:14:50.864,1.27721,1.27728,1.00,1.45
2017.11.22 03:14:51.170,1.27721,1.27729,1.00,1.07
2017.11.22 03:14:51.680,1.27721,1.27729,1.00,1.95
2017.11.22 03:14:52.439,1.27721,1.27729,1.00,2.70
2017.11.22 03:14:52.948,1.27721,1.27729,1.00,1.95
2017.11.22 03:14:53.507,1.27721,1.27728,1.00,1.10
2017.11.22 03:14:53.609,1.27721,1.27729,1.00,2.70
2017.11.22 03:14:53.813,1.27721,1.2773,1.00,2.89
2017.11.22 03:14:54.169,1.27721,1.27729,1.00,2.32
2017.11.22 03:14:54.423,1.27721,1.27729,1.00,1.95
2017.11.22 03:14:54.932,1.27721,1.2773,1.00,4.95
2017.11.22 03:14:56.059,1.27721,1.27729,1.00,1.45
2017.11.22 03:14:57.532,1.27721,1.27727,1.00,1.95
2017.11.22 03:14:57.668,1.27718,1.27727,1.00,1.20
2017.11.22 03:14:58.219,1.27718,1.27728,1.00,3.82
2017.11.22 03:14:58.755,1.27718,1.27728,1.00,3.07
2017.11.22 03:14:58.816,1.27718,1.27727,1.00,1.45
2017.11.22 03:15:00.138,1.27718,1.27727,1.00,1.45
2017.11.22 03:15:01.148,1.27721,1.27728,1.00,1.76
2017.11.22 03:15:01.455,1.27721,1.27729,1.00,2.70
2017.11.22 03:15:01.962,1.27721,1.27729,1.00,1.76
2017.11.22 03:15:05.064,1.27717,1.27726,1.87,1.10
2017.11.22 03:15:05.592,1.27718,1.27726,1.50,1.10
2017.11.22 03:15:07.786,1.27719,1.27726,1.00,1.00
2017.11.22 03:15:10.754,1.27719,1.27726,2.25,1.00
2017.11.22 03:15:12.234,1.27719,1.27726,1.50,1.00
2017.11.22 03:15:20.105,1.2772,1.27726,1.50,1.00
2017.11.22 03:15:21.396,1.27719,1.27726,1.00,1.00
2017.11.22 03:15:40.567,1.27717,1.27726,1.12,1.00
2017.11.22 03:15:40.840,1.27716,1.27726,1.12,2.70
2017.11.22 03:15:52.028,1.27716,1.27726,1.50,2.70
2017.11.22 03:15:52.093,1.27716,1.27726,1.50,1.95
2017.11.22 03:15:53.891,1.27716,1.27726,1.12,2.70
2017.11.22 03:15:54.432,1.27716,1.27726,1.50,1.95
2017.11.22 03:16:09.034,1.27715,1.27727,2.70,2.89
2017.11.22 03:16:09.604,1.27715,1.27727,3.37,2.51
2017.11.22 03:16:14.274,1.27717,1.27727,1.50,1.57
2017.11.22 03:16:14.580,1.27718,1.27729,1.87,2.32
2017.11.22 03:16:15.337,1.27718,1.27729,1.87,1.95
2017.11.22 03:16:15.967,1.27718,1.27729,1.12,2.32
2017.11.22 03:16:18.772,1.27718,1.27729,1.50,1.57
2017.11.22 03:16:19.286,1.27717,1.27729,3.75,1.10
2017.11.22 03:16:20.852,1.27718,1.2773,1.50,4.46
2017.11.22 03:16:22.504,1.27718,1.27729,1.00,1.32
2017.11.22 03:16:23.137,1.27718,1.27729,2.25,1.25
2017.11.22 03:16:25.189,1.27718,1.2773,1.50,2.96
2017.11.22 03:16:25.846,1.27718,1.2773,1.50,2.59
2017.11.22 03:16:26.597,1.27718,1.2773,2.25,7.09
2017.11.22 03:16:27.197,1.27718,1.2773,2.25,5.59
2017.11.22 03:16:29.012,1.27718,1.27729,1.57,1.76
2017.11.22 03:16:32.737,1.27718,1.27729,2.25,1.20
2017.11.22 03:16:32.839,1.2772,1.2773,2.62,1.00
2017.11.22 03:16:32.993,1.27719,1.2773,4.95,1.00
2017.11.22 03:16:33.451,1.27718,1.2773,3.07,1.50
2017.11.22 03:16:34.030,1.27718,1.2773,3.07,2.14
2017.11.22 03:16:36.085,1.27718,1.2773,1.87,2.70
2017.11.22 03:16:36.903,1.27718,1.2773,1.87,3.45
2017.11.22 03:16:38.235,1.27718,1.27727,1.87,1.00
2017.11.22 03:16:38.784,1.27718,1.2773,1.87,2.89
2017.11.22 03:16:48.708,1.27718,1.27729,1.12,1.57
2017.11.22 03:16:49.330,1.27718,1.27728,1.12,1.07
2017.11.22 03:16:58.326,1.27719,1.27731,1.00,4.01
2017.11.22 03:16:59.612,1.27717,1.27731,2.62,3.26
2017.11.22 03:17:05.456,1.27718,1.2773,1.87,1.45
2017.11.22 03:17:08.840,1.27718,1.27729,1.00,1.20
2017.11.22 03:17:09.336,1.27718,1.27726,1.12,1.00
2017.11.22 03:17:09.875,1.27717,1.2773,2.62,3.45
2017.11.22 03:17:12.318,1.27717,1.27727,1.87,1.20
2017.11.22 03:17:14.077,1.27717,1.27727,2.25,2.70
2017.11.22 03:17:14.901,1.27718,1.27727,1.12,1.95
2017.11.22 03:17:16.266,1.27716,1.27727,1.37,1.95
2017.11.22 03:17:16.959,1.27716,1.27727,1.12,1.95
2017.11.22 03:17:17.308,1.27716,1.27726,1.12,1.45
2017.11.22 03:17:17.875,1.27716,1.27726,1.12,1.45
2017.11.22 03:17:25.061,1.27716,1.27727,1.87,1.45
2017.11.22 03:17:25.214,1.27717,1.27729,1.50,3.45
2017.11.22 03:17:25.723,1.27718,1.2773,1.50,2.51
2017.11.22 03:17:34.319,1.27718,1.27729,1.37,1.57
2017.11.22 03:17:34.524,1.27717,1.27729,1.00,1.76
2017.11.22 03:17:34.728,1.27718,1.27728,1.50,1.45
2017.11.22 03:17:34.779,1.27717,1.27728,1.50,1.45
2017.11.22 03:17:34.897,1.27717,1.27728,2.25,1.45
2017.11.22 03:17:34.949,1.27717,1.27728,1.50,1.45
2017.11.22 03:17:35.000,1.27718,1.27729,1.50,1.45
2017.11.22 03:17:35.102,1.27717,1.27729,1.50,2.70
2017.11.22 03:17:35.644,1.27718,1.27729,1.00,1.57
2017.11.22 03:17:43.296,1.27718,1.27728,1.00,2.70
2017.11.22 03:17:44.055,1.27718,1.27727,1.12,1.45
2017.11.22 03:17:48.338,1.27717,1.27728,2.25,1.57
2017.11.22 03:17:49.043,1.27718,1.2773,1.12,4.39
2017.11.22 03:17:51.979,1.27718,1.27729,1.37,1.45
2017.11.22 03:17:52.500,1.27718,1.2773,1.50,4.76
2017.11.22 03:17:53.079,1.27718,1.2773,1.00,2.14
2017.11.22 03:17:53.605,1.27718,1.27729,1.00,1.57
2017.11.22 03:17:54.134,1.27718,1.27729,1.00,2.32
2017.11.22 03:17:54.669,1.27718,1.27729,1.00,1.45
2017.11.22 03:17:55.182,1.27718,1.2773,1.50,3.45
2017.11.22 03:17:55.694,1.27717,1.2773,1.00,2.51
2017.11.22 03:17:56.060,1.27717,1.27729,2.62,1.45
2017.11.22 03:17:56.111,1.27717,1.2773,1.50,2.51
2017.11.22 03:17:56.620,1.27717,1.27729,2.25,2.89
2017.11.22 03:17:57.078,1.27716,1.27729,2.62,2.70
2017.11.22 03:17:57.332,1.27717,1.27729,1.50,1.82
2017.11.22 03:17:57.840,1.27717,1.27728,1.50,1.07
2017.11.22 03:17:58.196,1.27717,1.27728,1.87,1.07
2017.11.22 03:17:58.399,1.27717,1.27728,1.12,1.07
2017.11.22 03:17:58.450,1.27718,1.27728,1.50,1.07
2017.11.22 03:17:58.653,1.27716,1.27728,2.62,1.07
2017.11.22 03:17:58.755,1.27717,1.27728,3.37,1.07
2017.11.22 03:17:58.974,1.27717,1.27728,1.50,1.07
2017.11.22 03:17:59.025,1.27717,1.27728,1.87,1.07
2017.11.22 03:17:59.076,1.27716,1.27728,3.00,1.07
2017.11.22 03:17:59.179,1.27717,1.27728,2.62,1.07
2017.11.22 03:17:59.230,1.27717,1.27728,1.12,1.07
2017.11.22 03:17:59.434,1.27718,1.27728,2.25,1.07
2017.11.22 03:17:59.536,1.27717,1.27728,1.12,1.07
2017.11.22 03:17:59.740,1.27718,1.27729,1.50,2.07
2017.11.22 03:17:59.791,1.27717,1.27729,1.00,2.89
2017.11.22 03:17:59.843,1.27717,1.27729,3.00,3.45
2017.11.22 03:18:00.199,1.27717,1.27728,1.00,1.07
2017.11.22 03:18:00.303,1.27718,1.27728,1.50,1.07
2017.11.22 03:18:00.558,1.27717,1.27728,1.00,1.07
2017.11.22 03:18:00.610,1.27718,1.27728,1.50,1.07
2017.11.22 03:18:00.712,1.27716,1.27729,2.25,2.70
2017.11.22 03:18:01.218,1.27717,1.27728,2.25,1.07
2017.11.22 03:18:01.831,1.27718,1.27728,2.25,1.07
2017.11.22 03:18:02.085,1.27717,1.27728,1.12,1.07
2017.11.22 03:18:02.136,1.27717,1.27728,1.75,1.07
2017.11.22 03:18:02.544,1.27717,1.27728,1.12,1.07
2017.11.22 03:18:02.595,1.27718,1.27728,1.50,1.07
2017.11.22 03:18:02.646,1.27717,1.27728,1.87,1.07
2017.11.22 03:18:03.053,1.27717,1.27728,2.25,1.57
2017.11.22 03:18:03.104,1.27717,1.27728,1.00,1.57
2017.11.22 03:18:03.621,1.27716,1.27728,2.44,1.57
2017.11.22 03:18:04.130,1.27717,1.27729,2.25,2.70
2017.11.22 03:18:04.638,1.27717,1.27728,1.00,1.45
2017.11.22 03:18:04.994,1.27718,1.27728,1.50,1.45
2017.11.22 03:18:05.096,1.27717,1.27729,1.12,1.95
2017.11.22 03:18:05.299,1.27717,1.27729,3.00,3.07
2017.11.22 03:18:05.503,1.27717,1.27729,1.00,2.70
2017.11.22 03:18:05.656,1.27719,1.27729,1.00,1.57
2017.11.22 03:18:06.182,1.27718,1.2773,1.12,4.39
2017.11.22 03:18:06.692,1.27718,1.27729,1.37,1.70
2017.11.22 03:18:07.241,1.27718,1.27728,1.00,1.07
2017.11.22 03:18:08.248,1.27718,1.27729,1.00,4.39
2017.11.22 03:18:08.921,1.27718,1.27728,1.50,1.57
2017.11.22 03:18:09.125,1.27718,1.27728,1.12,1.07
2017.11.22 03:18:09.227,1.27718,1.27728,2.25,1.57
2017.11.22 03:18:09.583,1.27718,1.27729,1.00,1.95
2017.11.22 03:18:10.244,1.27718,1.27728,1.87,1.45
2017.11.22 03:18:10.601,1.27718,1.27729,1.00,1.45
2017.11.22 03:18:11.112,1.27718,1.27729,1.12,3.45
2017.11.22 03:18:11.623,1.27718,1.27728,1.50,1.45
2017.11.22 03:18:12.156,1.27718,1.27728,1.00,1.45
2017.11.22 03:18:12.817,1.27718,1.27728,1.00,1.45
2017.11.22 03:18:13.379,1.27717,1.27728,1.12,1.95
2017.11.22 03:18:13.929,1.27716,1.27726,1.50,1.45
2017.11.22 03:18:29.599,1.27717,1.27727,1.75,2.70
2017.11.22 03:18:29.701,1.27717,1.27727,1.00,1.95
2017.11.22 03:18:30.361,1.27715,1.27726,3.37,1.20
2017.11.22 03:18:32.317,1.27715,1.27727,1.00,3.64
2017.11.22 03:18:32.874,1.27715,1.27726,2.62,1.20
2017.11.22 03:18:34.334,1.27715,1.27724,1.50,1.20
2017.11.22 03:18:34.836,1.27714,1.27725,3.00,1.95
2017.11.22 03:18:35.950,1.27715,1.27725,1.50,3.82
2017.11.22 03:18:39.389,1.27715,1.27727,1.37,1.57
2017.11.22 03:18:50.789,1.27713,1.27727,1.87,4.39
2017.11.22 03:18:50.891,1.27713,1.27725,2.25,1.45
2017.11.22 03:18:51.444,1.27713,1.27726,2.62,1.70
2017.11.22 03:19:00.379,1.27713,1.27726,2.25,5.89
2017.11.22 03:19:01.055,1.27713,1.27726,1.50,2.89
2017.11.22 03:19:06.720,1.27713,1.27726,1.57,1.01
2017.11.22 03:19:08.372,1.27713,1.27726,2.32,1.76
2017.11.22 03:19:11.831,1.27713,1.27726,1.57,1.76
2017.11.22 03:19:12.683,1.27713,1.27726,1.57,2.51
2017.11.22 03:19:13.267,1.27712,1.27724,2.70,1.25
2017.11.22 03:19:13.832,1.27712,1.27724,1.57,1.31
2017.11.22 03:19:18.382,1.27712,1.27724,2.70,2.14
2017.11.22 03:19:26.578,1.27714,1.27725,1.00,1.00
2017.11.22 03:19:26.782,1.27715,1.27727,1.10,1.69
2017.11.22 03:19:28.105,1.27715,1.27726,1.10,1.00
2017.11.22 03:19:28.632,1.27715,1.27726,1.00,1.19
2017.11.22 03:19:29.153,1.27715,1.27726,1.10,1.01
2017.11.22 03:19:31.229,1.27714,1.27726,1.07,1.76
2017.11.22 03:19:31.776,1.27714,1.27726,1.07,1.10
2017.11.22 03:19:34.228,1.27717,1.27728,3.37,1.07
2017.11.22 03:19:34.330,1.27718,1.2773,1.10,1.57
2017.11.22 03:19:34.934,1.27717,1.27731,3.82,2.89
2017.11.22 03:19:35.668,1.27717,1.27731,3.82,2.70
2017.11.22 03:19:35.720,1.27717,1.27729,2.70,1.00
2017.11.22 03:19:36.269,1.27717,1.2773,1.10,1.39
2017.11.22 03:19:38.789,1.27717,1.27731,1.20,4.76
2017.11.22 03:19:39.388,1.27717,1.27731,1.20,4.01
2017.11.22 03:19:41.812,1.27717,1.2773,1.57,1.25
2017.11.22 03:19:43.916,1.27717,1.2773,1.57,2.51
2017.11.22 03:19:48.097,1.27716,1.27729,1.20,1.31
2017.11.22 03:19:48.198,1.27717,1.27728,1.00,1.76
2017.11.22 03:19:48.803,1.27717,1.27727,1.10,2.06
2017.11.22 03:19:48.975,1.27715,1.27727,1.00,2.89
2017.11.22 03:19:49.608,1.27715,1.27727,1.00,1.39
2017.11.22 03:19:49.907,1.27715,1.27727,1.00,2.89
2017.11.22 03:19:54.037,1.27715,1.27726,1.00,2.44
2017.11.22 03:19:55.045,1.27715,1.27725,1.00,1.00
2017.11.22 03:19:56.347,1.27715,1.27726,1.00,2.44
2017.11.22 03:19:57.893,1.27715,1.27725,1.00,1.00
2017.11.22 03:19:58.607,1.27715,1.27726,1.00,2.44
2017.11.22 03:20:00.134,1.27715,1.27725,1.00,1.00
2017.11.22 03:20:01.534,1.27715,1.27723,1.00,1.00
2017.11.22 03:20:01.637,1.27713,1.27723,1.00,1.69
2017.11.22 03:20:01.689,1.27711,1.27722,1.20,1.50
2017.11.22 03:20:02.216,1.27711,1.27723,1.20,3.26
2017.11.22 03:20:02.854,1.27711,1.27723,1.20,3.19
2017.11.22 03:20:03.657,1.27711,1.27722,1.20,1.00
2017.11.22 03:20:04.925,1.27711,1.27723,1.10,2.44
2017.11.22 03:20:05.735,1.27711,1.27722,1.10,1.00
2017.11.22 03:20:06.528,1.27711,1.27723,1.10,2.44
2017.11.22 03:20:07.191,1.27711,1.27722,1.10,1.00
2017.11.22 03:20:08.135,1.27711,1.27723,1.10,2.44
2017.11.22 03:20:09.067,1.27711,1.27723,1.10,2.44
2017.11.22 03:20:11.335,1.27711,1.27716,1.10,1.00
2017.11.22 03:20:11.386,1.27707,1.27716,1.50,1.00
2017.11.22 03:20:11.488,1.27704,1.27716,1.95,1.31
2017.11.22 03:20:12.015,1.27704,1.27716,1.20,2.14
2017.11.22 03:20:12.594,1.27704,1.27716,1.10,1.87
2017.11.22 03:20:19.874,1.27704,1.27715,1.10,1.69
2017.11.22 03:20:20.873,1.27704,1.27715,1.00,1.76
2017.11.22 03:20:22.502,1.27704,1.27715,1.00,2.51
2017.11.22 03:20:28.344,1.27704,1.27715,1.00,2.44
2017.11.22 03:20:28.497,1.27704,1.27716,1.00,3.82
2017.11.22 03:20:29.204,1.27704,1.27716,1.07,3.07
2017.11.22 03:20:30.380,1.27706,1.27716,5.25,1.12
2017.11.22 03:20:30.590,1.27705,1.27716,1.10,1.12
2017.11.22 03:20:31.135,1.27704,1.27716,1.95,2.81
2017.11.22 03:20:31.499,1.27704,1.27714,1.00,1.00
2017.11.22 03:20:32.547,1.27704,1.27715,1.00,1.39
2017.11.22 03:20:35.341,1.27704,1.27714,1.10,1.00
2017.11.22 03:20:38.047,1.27704,1.27716,1.12,2.32
2017.11.22 03:20:38.749,1.27704,1.27716,1.95,3.26
2017.11.22 03:20:50.845,1.27704,1.27716,1.50,2.70
2017.11.22 03:20:52.068,1.27704,1.27716,1.00,3.07
2017.11.22 03:20:55.524,1.27704,1.27716,1.10,2.32
2017.11.22 03:20:59.063,1.27704,1.27716,1.00,2.14
2017.11.22 03:21:00.238,1.27705,1.27716,1.10,1.20
2017.11.22 03:21:00.549,1.27707,1.27716,3.45,1.00
2017.11.22 03:21:00.936,1.27705,1.27716,1.10,1.12
2017.11.22 03:21:03.485,1.27704,1.27716,1.00,3.26
2017.11.22 03:21:04.033,1.27704,1.27716,1.57,3.64
2017.11.22 03:21:05.165,1.27704,1.27716,1.00,2.89
2017.11.22 03:21:05.695,1.27705,1.27716,1.12,1.00
2017.11.22 03:21:14.207,1.27705,1.27715,1.12,1.12
2017.11.22 03:21:14.310,1.27703,1.27714,1.10,1.00
2017.11.22 03:21:14.845,1.27703,1.27714,1.00,1.32
2017.11.22 03:21:16.999,1.27703,1.27714,2.32,1.25
2017.11.22 03:21:17.344,1.27706,1.27715,1.20,1.12
2017.11.22 03:21:18.717,1.27705,1.27715,1.45,1.12
2017.11.22 03:21:20.101,1.27706,1.27717,1.10,1.00
2017.11.22 03:21:20.203,1.27707,1.27718,1.20,1.00
2017.11.22 03:21:22.310,1.27705,1.27718,2.32,3.19
2017.11.22 03:21:22.827,1.27705,1.27717,1.95,1.00
2017.11.22 03:21:33.171,1.27709,1.2772,1.00,5.06
2017.11.22 03:21:33.273,1.27707,1.27717,1.57,3.19
2017.11.22 03:21:33.376,1.27706,1.27716,1.20,1.00
2017.11.22 03:21:34.041,1.27705,1.27716,1.95,1.00
2017.11.22 03:21:34.701,1.27706,1.27716,1.20,1.00
2017.11.22 03:21:39.272,1.27709,1.27719,1.50,1.00
2017.11.22 03:21:39.426,1.27709,1.2772,1.95,1.50
2017.11.22 03:21:39.735,1.27706,1.27719,1.20,5.06
2017.11.22 03:21:49.245,1.27706,1.27717,1.10,1.12
2017.11.22 03:21:49.888,1.27704,1.27717,3.82,4.69
2017.11.22 03:21:50.619,1.27704,1.27716,3.07,1.69
2017.11.22 03:21:52.495,1.27703,1.27714,1.57,1.69
2017.11.22 03:21:53.005,1.27703,1.27713,1.07,1.00
2017.11.22 03:21:54.043,1.27703,1.27714,1.07,3.19
2017.11.22 03:21:54.579,1.27703,1.27715,1.95,1.50
2017.11.22 03:21:56.161,1.27704,1.27716,1.95,1.50
2017.11.22 03:21:58.124,1.27703,1.27715,4.20,1.00
2017.11.22 03:21:59.134,1.27703,1.27716,2.32,2.17
2017.11.22 03:21:59.986,1.27703,1.27715,3.07,1.00
2017.11.22 03:22:00.504,1.27703,1.27716,2.32,2.17
2017.11.22 03:22:00.878,1.27703,1.27714,3.45,1.00
2017.11.22 03:22:01.222,1.277,1.2771,1.45,1.00
2017.11.22 03:22:01.529,1.277,1.2771,1.20,1.00
2017.11.22 03:22:02.045,1.277,1.2771,1.20,1.00
2017.11.22 03:22:04.538,1.277,1.2771,1.45,1.00
2017.11.22 03:22:09.542,1.277,1.2771,1.20,1.00
2017.11.22 03:22:10.705,1.277,1.27704,1.20,1.00
2017.11.22 03:22:11.234,1.277,1.2771,1.20,1.50
2017.11.22 03:22:18.144,1.277,1.27709,1.45,1.00
2017.11.22 03:22:18.657,1.277,1.27709,1.20,1.00
2017.11.22 03:22:19.235,1.277,1.27708,1.20,1.00
2017.11.22 03:22:20.834,1.277,1.2771,1.20,1.69
2017.11.22 03:22:30.604,1.277,1.2771,1.20,3.38
2017.11.22 03:22:30.836,1.27696,1.27705,3.07,1.00
2017.11.22 03:22:46.650,1.27697,1.27705,1.45,1.00
2017.11.22 03:23:06.452,1.27697,1.27705,1.20,1.00
2017.11.22 03:23:06.657,1.27697,1.27705,1.20,1.19
2017.11.22 03:23:07.365,1.27696,1.27705,1.45,1.19
2017.11.22 03:23:07.975,1.27696,1.27705,1.95,1.19
2017.11.22 03:23:09.315,1.27696,1.27705,1.45,1.19
2017.11.22 03:23:10.180,1.27696,1.27705,1.95,1.19
2017.11.22 03:23:10.795,1.27696,1.27705,1.20,1.19
2017.11.22 03:23:12.154,1.27696,1.27705,1.45,1.25
2017.11.22 03:23:13.270,1.27696,1.27705,1.95,1.19
2017.11.22 03:23:13.637,1.27696,1.27705,1.95,1.19
2017.11.22 03:23:14.245,1.27695,1.27705,3.07,1.19
2017.11.22 03:23:14.746,1.27696,1.27705,1.45,1.19
2017.11.22 03:23:15.645,1.27695,1.27705,3.45,1.69
2017.11.22 03:23:16.226,1.27696,1.27705,1.95,1.19
2017.11.22 03:23:16.885,1.27696,1.27705,1.45,1.19
2017.11.22 03:23:17.678,1.27696,1.27705,1.45,1.25
2017.11.22 03:23:19.287,1.27697,1.27705,1.45,1.00
2017.11.22 03:23:25.080,1.27698,1.27705,1.10,1.00
2017.11.22 03:23:28.037,1.27698,1.27705,1.45,1.00
2017.11.22 03:23:31.081,1.27699,1.27709,1.20,2.44
2017.11.22 03:23:31.844,1.27699,1.27709,1.20,2.44
2017.11.22 03:23:32.604,1.27699,1.27709,1.20,2.44
2017.11.22 03:23:33.247,1.27699,1.27708,3.07,1.19
2017.11.22 03:23:33.451,1.277,1.2771,1.10,5.25
2017.11.22 03:23:33.905,1.277,1.27709,1.10,3.19
2017.11.22 03:23:34.490,1.277,1.27709,1.10,1.38
2017.11.22 03:23:35.091,1.277,1.27709,1.10,1.19
2017.11.22 03:23:36.354,1.277,1.27708,1.00,1.25
2017.11.22 03:23:37.285,1.277,1.27709,1.00,2.63
2017.11.22 03:23:39.145,1.277,1.27709,1.00,1.44
2017.11.22 03:23:40.455,1.277,1.27709,1.00,1.44
2017.11.22 03:23:41.536,1.27698,1.27709,1.20,1.88
2017.11.22 03:23:41.857,1.27697,1.27706,1.45,1.00
2017.11.22 03:24:14.159,1.27697,1.27705,1.45,1.00
2017.11.22 03:24:14.262,1.27695,1.27705,1.57,1.00
2017.11.22 03:24:14.830,1.27695,1.27705,1.57,1.19
2017.11.22 03:24:15.345,1.27695,1.27705,1.57,1.25
2017.11.22 03:24:16.124,1.27694,1.27705,4.57,1.19
2017.11.22 03:24:17.155,1.27696,1.27705,1.45,1.25
2017.11.22 03:24:17.769,1.27696,1.27705,1.45,1.19
2017.11.22 03:24:18.597,1.27695,1.27705,3.07,1.25
2017.11.22 03:24:19.254,1.27697,1.27706,1.20,1.25
2017.11.22 03:24:19.831,1.27696,1.27704,1.95,1.00
2017.11.22 03:24:20.360,1.27696,1.27705,1.95,1.25
2017.11.22 03:24:30.663,1.27697,1.27705,1.45,1.00
2017.11.22 03:24:30.714,1.27695,1.27705,1.57,1.00
2017.11.22 03:24:31.332,1.27695,1.27704,1.57,1.00
2017.11.22 03:24:38.498,1.27696,1.27704,1.45,1.00
2017.11.22 03:24:39.308,1.27698,1.27707,1.20,1.19
2017.11.22 03:24:40.899,1.27698,1.27708,1.20,3.19
2017.11.22 03:24:41.115,1.27698,1.27708,1.20,1.69
2017.11.22 03:24:41.657,1.27698,1.27708,1.10,1.69
2017.11.22 03:24:42.124,1.27698,1.27709,1.10,2.25
2017.11.22 03:24:42.660,1.27698,1.27708,1.10,1.19
2017.11.22 03:24:43.186,1.27698,1.27709,1.10,1.50
2017.11.22 03:24:43.771,1.27698,1.27709,1.10,2.07
2017.11.22 03:24:44.344,1.27698,1.27709,1.10,2.07
2017.11.22 03:24:44.872,1.27698,1.27709,1.10,2.82
2017.11.22 03:24:45.343,1.27698,1.27708,1.10,1.69
2017.11.22 03:24:45.863,1.27698,1.27708,1.10,1.19
2017.11.22 03:24:47.146,1.27698,1.27708,1.10,1.69
2017.11.22 03:24:50.294,1.27698,1.27708,1.10,1.19
2017.11.22 03:24:51.126,1.27698,1.27708,1.10,1.69
2017.11.22 03:24:51.741,1.27698,1.27708,1.10,1.19
2017.11.22 03:24:53.173,1.27698,1.27708,1.10,1.69
2017.11.22 03:24:54.334,1.27698,1.27708,1.10,1.19
2017.11.22 03:24:55.198,1.27698,1.27707,1.57,1.19
2017.11.22 03:24:55.761,1.27698,1.27707,1.10,1.19
2017.11.22 03:24:56.734,1.27698,1.27707,1.10,1.19
2017.11.22 03:24:57.792,1.27698,1.27707,1.10,1.19
2017.11.22 03:24:58.304,1.27698,1.27707,1.10,1.19
2017.11.22 03:24:59.064,1.27698,1.27707,1.10,1.19
2017.11.22 03:24:59.391,1.27698,1.27704,1.10,1.00
2017.11.22 03:25:00.028,1.27697,1.27708,1.20,2.25
2017.11.22 03:25:00.577,1.27697,1.27708,1.20,1.19
2017.11.22 03:25:00.897,1.27695,1.27706,1.95,3.00
2017.11.22 03:25:02.205,1.27695,1.27706,1.95,3.00
2017.11.22 03:25:03.175,1.27695,1.27706,1.95,1.88
2017.11.22 03:25:04.067,1.27695,1.27706,1.95,1.88
2017.11.22 03:25:04.910,1.27695,1.27706,1.95,1.88
2017.11.22 03:25:06.075,1.27695,1.27706,1.95,1.88
2017.11.22 03:25:06.460,1.27695,1.27706,1.95,3.38
2017.11.22 03:25:08.086,1.27695,1.27706,1.95,3.38
2017.11.22 03:25:08.611,1.27698,1.27708,1.10,1.88
2017.11.22 03:25:09.497,1.27698,1.27708,1.10,1.19
2017.11.22 03:25:10.008,1.27698,1.27708,1.10,1.13
2017.11.22 03:25:10.612,1.27698,1.27708,1.10,1.44
2017.11.22 03:25:12.136,1.27698,1.27708,1.10,1.44
2017.11.22 03:25:14.145,1.27698,1.27708,1.10,1.44
2017.11.22 03:25:15.817,1.27698,1.27708,1.10,1.38
2017.11.22 03:25:16.021,1.27695,1.27705,2.32,1.19
2017.11.22 03:25:16.558,1.27696,1.27706,1.20,3.00
2017.11.22 03:25:17.286,1.27696,1.27706,1.20,3.00
2017.11.22 03:25:17.842,1.27696,1.27706,1.20,3.00
2017.11.22 03:25:19.137,1.27696,1.27705,1.20,1.44
2017.11.22 03:25:20.998,1.27696,1.27705,1.20,1.44
2017.11.22 03:25:21.558,1.27696,1.27705,1.20,1.44
2017.11.22 03:25:22.288,1.27696,1.27705,1.20,1.44
2017.11.22 03:25:23.596,1.27697,1.27706,1.10,1.19
2017.11.22 03:25:23.914,1.27697,1.27708,1.45,1.88
2017.11.22 03:25:23.973,1.27697,1.27707,1.10,4.88
2017.11.22 03:25:24.494,1.27697,1.27707,1.10,2.63
2017.11.22 03:25:25.000,1.27697,1.27707,1.20,1.88
2017.11.22 03:25:25.548,1.27697,1.27707,1.45,1.69
2017.11.22 03:25:26.125,1.27697,1.27707,1.45,1.25
2017.11.22 03:25:26.686,1.27697,1.27707,1.45,1.19
2017.11.22 03:25:27.351,1.27697,1.27708,1.45,2.63
2017.11.22 03:25:27.866,1.27697,1.27707,1.45,1.19
2017.11.22 03:25:28.350,1.27695,1.27706,1.20,3.75
2017.11.22 03:25:28.921,1.27695,1.27706,1.20,3.75
2017.11.22 03:25:29.516,1.27695,1.27706,1.20,3.75
2017.11.22 03:25:30.136,1.27695,1.27706,1.20,3.75
2017.11.22 03:25:30.840,1.27695,1.27706,1.20,3.75
2017.11.22 03:25:32.127,1.27695,1.27706,1.20,3.75
2017.11.22 03:25:33.226,1.27695,1.27706,1.20,3.75
2017.11.22 03:25:33.767,1.27697,1.27707,1.10,3.19
2017.11.22 03:25:34.311,1.27698,1.27708,1.10,1.88
2017.11.22 03:25:35.316,1.27698,1.27708,1.10,3.38
2017.11.22 03:25:35.848,1.27698,1.27708,1.10,4.13
2017.11.22 03:25:36.451,1.27698,1.27708,1.10,3.38
2017.11.22 03:25:37.038,1.27698,1.27707,1.10,2.25
2017.11.22 03:25:37.861,1.27698,1.27707,1.10,2.25
2017.11.22 03:25:38.600,1.27698,1.27707,1.10,2.25
2017.11.22 03:25:39.106,1.27698,1.27707,1.10,3.00
2017.11.22 03:25:41.465,1.27698,1.27707,1.10,1.50
2017.11.22 03:25:42.136,1.27698,1.27707,1.10,1.50
2017.11.22 03:25:43.085,1.27698,1.27708,1.10,1.44
2017.11.22 03:25:43.631,1.27697,1.27707,1.20,1.88
2017.11.22 03:25:44.185,1.27697,1.27707,1.20,1.88
2017.11.22 03:25:48.605,1.27697,1.27707,1.20,1.88
2017.11.22 03:25:50.183,1.27697,1.27707,1.20,1.88
2017.11.22 03:25:52.765,1.27697,1.27707,1.20,1.88
2017.11.22 03:25:53.680,1.27697,1.27707,1.20,1.88
2017.11.22 03:25:54.616,1.27695,1.27706,1.95,3.75
2017.11.22 03:25:54.821,1.27696,1.27706,1.95,1.19
2017.11.22 03:25:55.452,1.27696,1.27708,1.95,4.88
2017.11.22 03:25:56.496,1.27696,1.27705,1.95,1.25
2017.11.22 03:25:57.065,1.27696,1.27707,1.95,2.25
2017.11.22 03:25:57.537,1.27696,1.27707,1.95,1.50
2017.11.22 03:25:58.277,1.27696,1.27707,1.95,1.50
2017.11.22 03:26:00.011,1.27694,1.27703,1.57,1.00
2017.11.22 03:26:00.113,1.27693,1.27704,1.45,1.13
2017.11.22 03:26:00.568,1.27693,1.27704,1.45,3.38
2017.11.22 03:26:01.129,1.27693,1.27704,1.45,1.44
2017.11.22 03:26:01.546,1.27693,1.27704,1.45,1.44
2017.11.22 03:26:02.076,1.27694,1.27705,1.95,1.88
2017.11.22 03:26:02.603,1.27694,1.27705,1.20,1.50
2017.11.22 03:26:04.750,1.27694,1.27705,1.45,1.50
2017.11.22 03:26:06.031,1.27696,1.27706,1.10,1.19
2017.11.22 03:26:06.148,1.27697,1.27707,1.00,2.44
2017.11.22 03:26:06.352,1.27699,1.27708,1.57,1.19
2017.11.22 03:26:06.658,1.27698,1.27705,2.70,1.25
2017.11.22 03:26:06.863,1.27697,1.27705,1.20,1.25
2017.11.22 03:26:07.577,1.27696,1.27705,1.45,1.19
2017.11.22 03:26:08.117,1.27696,1.27705,1.45,1.00
2017.11.22 03:26:08.709,1.27696,1.27705,1.95,1.19
2017.11.22 03:26:09.252,1.27694,1.27698,1.00,1.00
2017.11.22 03:26:09.304,1.27691,1.27696,1.20,1.00
2017.11.22 03:26:09.357,1.27689,1.27695,1.57,1.00
2017.11.22 03:26:09.869,1.27688,1.27695,1.20,1.00
2017.11.22 03:26:11.886,1.27685,1.27692,5.32,1.00
2017.11.22 03:26:11.989,1.27685,1.27692,1.10,1.87
2017.11.22 03:26:12.538,1.27685,1.27691,1.00,1.00
2017.11.22 03:26:13.626,1.27685,1.2769,1.00,1.00
2017.11.22 03:26:13.728,1.27685,1.27692,1.00,1.00
2017.11.22 03:26:14.245,1.27685,1.27691,1.10,1.00
2017.11.22 03:26:14.909,1.27685,1.27692,1.00,1.00
2017.11.22 03:26:15.419,1.27685,1.27691,1.00,1.00
2017.11.22 03:26:16.011,1.27685,1.27692,1.00,1.00
2017.11.22 03:26:16.998,1.27685,1.27691,1.00,1.00
2017.11.22 03:26:17.548,1.27685,1.27692,1.00,1.25
2017.11.22 03:26:18.346,1.27685,1.27691,1.00,1.00
2017.11.22 03:26:19.565,1.27685,1.27692,1.00,1.00
2017.11.22 03:26:20.346,1.27685,1.27691,1.00,1.00
2017.11.22 03:26:20.933,1.27685,1.27692,1.00,1.00
2017.11.22 03:26:22.356,1.27685,1.27691,1.00,1.00
2017.11.22 03:26:22.865,1.27685,1.27692,1.00,1.00
2017.11.22 03:26:23.577,1.27685,1.27691,1.00,1.00
2017.11.22 03:26:24.190,1.27685,1.27692,1.00,1.00
2017.11.22 03:26:24.706,1.27685,1.27691,1.00,1.00
2017.11.22 03:26:26.216,1.27685,1.27692,1.00,1.00
2017.11.22 03:26:26.876,1.27685,1.27691,1.00,1.00
2017.11.22 03:26:27.484,1.27685,1.27692,1.00,1.00
2017.11.22 03:26:27.978,1.27685,1.2769,1.00,1.00
2017.11.22 03:26:41.246,1.27685,1.27691,1.00,1.25
2017.11.22 03:26:41.756,1.27685,1.27692,1.10,1.00
2017.11.22 03:26:42.297,1.27685,1.27693,1.10,1.25
2017.11.22 03:26:43.299,1.27685,1.27693,1.20,1.25
2017.11.22 03:26:44.613,1.27686,1.27694,1.07,1.25
2017.11.22 03:26:45.196,1.27685,1.27695,5.32,1.25
2017.11.22 03:26:46.156,1.27687,1.27695,1.45,1.25
2017.11.22 03:26:46.681,1.27685,1.27695,3.82,1.00
2017.11.22 03:26:47.203,1.27687,1.27695,1.45,1.50
2017.11.22 03:26:47.565,1.27685,1.27694,1.45,1.00
2017.11.22 03:26:47.667,1.27685,1.27694,1.95,1.00
2017.11.22 03:26:47.827,1.27685,1.27694,1.20,1.19
2017.11.22 03:26:48.410,1.27685,1.27694,1.20,1.25
2017.11.22 03:26:49.046,1.27685,1.27694,1.20,1.19
2017.11.22 03:26:50.145,1.27685,1.27694,1.20,1.25
2017.11.22 03:26:50.731,1.27685,1.27694,1.20,1.19
2017.11.22 03:26:51.583,1.27685,1.27694,1.20,1.25
2017.11.22 03:26:52.198,1.27685,1.27694,1.20,1.19
2017.11.22 03:26:52.455,1.27685,1.27691,1.20,1.00
2017.11.22 03:26:53.032,1.27685,1.27691,1.45,1.00
2017.11.22 03:26:53.692,1.27685,1.27692,1.45,1.00
2017.11.22 03:26:56.822,1.27685,1.27692,1.10,1.25
2017.11.22 03:26:58.015,1.27685,1.27695,1.10,3.00
2017.11.22 03:26:59.270,1.27685,1.27695,1.10,3.00
2017.11.22 03:26:59.795,1.27685,1.27695,1.10,3.00
2017.11.22 03:27:00.374,1.27685,1.27695,1.10,3.00
2017.11.22 03:27:00.957,1.27685,1.27695,1.10,3.00
2017.11.22 03:27:01.200,1.27685,1.27695,1.45,3.00
2017.11.22 03:27:01.302,1.27685,1.27695,1.10,3.00
2017.11.22 03:27:02.875,1.27685,1.27695,1.10,2.25
2017.11.22 03:27:03.836,1.27685,1.27695,1.10,2.25
2017.11.22 03:27:05.331,1.27685,1.27695,1.10,2.25
2017.11.22 03:27:05.536,1.27685,1.27695,1.20,2.63
2017.11.22 03:27:06.204,1.27685,1.27695,1.45,2.44
2017.11.22 03:27:06.726,1.27685,1.27694,1.10,1.19
2017.11.22 03:27:07.231,1.27685,1.27694,1.10,1.19
2017.11.22 03:27:07.940,1.27685,1.27694,1.10,1.19
2017.11.22 03:27:08.550,1.27685,1.27694,1.10,1.19
2017.11.22 03:27:09.210,1.27685,1.27694,1.10,1.19
2017.11.22 03:27:09.865,1.27684,1.27694,2.32,1.19
2017.11.22 03:27:10.368,1.27684,1.27694,1.57,1.19
2017.11.22 03:27:11.023,1.27684,1.27694,2.32,1.19
2017.11.22 03:27:11.624,1.27684,1.27694,1.57,1.19
2017.11.22 03:27:12.247,1.27684,1.27694,2.32,1.19
2017.11.22 03:27:12.840,1.27684,1.27694,1.57,1.19
2017.11.22 03:27:14.697,1.27684,1.27694,2.32,1.19
2017.11.22 03:27:15.335,1.27684,1.27694,1.57,1.19
2017.11.22 03:27:16.136,1.27684,1.27694,1.57,1.19
2017.11.22 03:27:17.841,1.27684,1.27694,2.32,1.19
2017.11.22 03:27:18.360,1.27684,1.27694,1.57,1.19
2017.11.22 03:27:19.161,1.27684,1.27694,2.32,1.19
2017.11.22 03:27:19.683,1.27685,1.27695,1.95,1.19
2017.11.22 03:27:20.616,1.27685,1.27695,1.95,1.19
2017.11.22 03:27:21.142,1.27685,1.27695,1.95,1.19
2017.11.22 03:27:21.753,1.27685,1.27695,1.95,1.19
2017.11.22 03:27:26.131,1.27685,1.27695,1.45,1.19
2017.11.22 03:27:26.707,1.27685,1.27695,1.45,1.19
2017.11.22 03:27:27.708,1.27685,1.27695,1.95,1.19
2017.11.22 03:27:28.286,1.27685,1.27695,1.45,1.25
2017.11.22 03:27:28.657,1.27685,1.27696,1.95,1.69
2017.11.22 03:27:29.077,1.27686,1.27696,1.20,1.69
2017.11.22 03:27:29.346,1.27686,1.27696,1.20,1.19
2017.11.22 03:27:29.883,1.27686,1.27696,1.20,1.19
2017.11.22 03:27:30.407,1.27686,1.27696,1.20,1.69
2017.11.22 03:27:31.012,1.27686,1.27696,1.20,1.69
2017.11.22 03:27:32.580,1.27686,1.27696,1.20,1.19
2017.11.22 03:27:35.000,1.27684,1.27697,4.39,2.07
2017.11.22 03:27:35.596,1.27686,1.27697,1.20,2.07
2017.11.22 03:27:36.535,1.27686,1.27697,1.20,2.07
2017.11.22 03:27:37.137,1.27686,1.27697,1.20,2.07
2017.11.22 03:27:38.865,1.27686,1.27697,1.20,2.07
2017.11.22 03:27:39.498,1.27686,1.27697,1.20,2.07
2017.11.22 03:27:40.019,1.27686,1.27697,1.45,2.07
2017.11.22 03:27:40.603,1.27686,1.27697,1.20,2.25
2017.11.22 03:27:41.330,1.27686,1.27697,1.20,2.25
2017.11.22 03:27:41.884,1.27683,1.27695,3.82,1.69
2017.11.22 03:27:42.189,1.27683,1.27696,3.07,2.63
2017.11.22 03:27:42.704,1.27683,1.27696,3.07,2.63
2017.11.22 03:27:43.312,1.27684,1.27696,1.45,1.88
2017.11.22 03:27:46.351,1.27683,1.27696,3.45,1.88
2017.11.22 03:27:47.135,1.27684,1.27696,1.45,1.88
2017.11.22 03:27:48.146,1.27683,1.27695,4.57,1.19
2017.11.22 03:27:48.653,1.27684,1.27695,1.45,1.19
2017.11.22 03:27:49.226,1.27683,1.27695,4.57,1.19
2017.11.22 03:27:49.532,1.27683,1.27694,3.07,2.25
2017.11.22 03:27:50.046,1.27683,1.27694,2.32,2.25
2017.11.22 03:27:50.592,1.27683,1.27694,2.32,2.25
2017.11.22 03:27:51.264,1.27684,1.27694,1.10,1.50
2017.11.22 03:27:51.886,1.27683,1.27694,1.57,1.32
2017.11.22 03:27:52.397,1.27684,1.27693,1.10,1.32
2017.11.22 03:27:52.784,1.27681,1.2769,1.45,1.12
2017.11.22 03:27:52.937,1.27679,1.27691,1.45,1.69
2017.11.22 03:27:53.090,1.27679,1.27691,1.45,1.88
2017.11.22 03:27:53.198,1.27678,1.27688,2.32,1.25
2017.11.22 03:27:53.250,1.27676,1.27685,3.45,1.00
2017.11.22 03:27:57.168,1.27678,1.27685,1.45,1.00
2017.11.22 03:27:57.914,1.27679,1.27685,1.45,1.00
2017.11.22 03:27:58.087,1.27679,1.27685,1.10,1.00
2017.11.22 03:27:58.706,1.27676,1.27685,1.95,1.00
2017.11.22 03:27:58.911,1.27675,1.27684,2.32,1.00
2017.11.22 03:27:59.564,1.27675,1.27684,1.10,1.25
2017.11.22 03:28:00.074,1.27675,1.27684,1.20,1.19
2017.11.22 03:28:00.748,1.27675,1.27684,1.20,1.25
2017.11.22 03:28:01.258,1.27675,1.27684,1.20,1.19
2017.11.22 03:28:01.877,1.27675,1.27684,1.20,1.25
2017.11.22 03:28:02.532,1.27675,1.27684,1.00,1.19
2017.11.22 03:28:03.193,1.27675,1.27684,1.00,1.25
2017.11.22 03:28:07.455,1.27675,1.27684,1.00,1.19
2017.11.22 03:28:07.968,1.27675,1.27684,1.10,1.25
2017.11.22 03:28:08.528,1.27675,1.27684,1.20,1.19
2017.11.22 03:28:09.288,1.27675,1.27684,1.20,1.25
2017.11.22 03:28:10.137,1.27675,1.27684,1.20,1.19
2017.11.22 03:28:10.816,1.27675,1.27684,1.20,1.25
2017.11.22 03:28:11.361,1.27675,1.27684,1.00,1.19
2017.11.22 03:28:12.132,1.27675,1.27684,1.00,1.25
2017.11.22 03:28:12.234,1.27675,1.27682,1.00,1.00
2017.11.22 03:28:18.047,1.27675,1.27683,1.00,1.25
2017.11.22 03:28:23.135,1.27675,1.27683,1.00,1.19
2017.11.22 03:28:23.483,1.27671,1.27682,1.45,1.19
2017.11.22 03:28:23.994,1.27671,1.27682,1.45,1.25
2017.11.22 03:28:24.499,1.27671,1.27682,1.20,1.25
2017.11.22 03:28:25.051,1.2767,1.27681,1.95,1.00
2017.11.22 03:28:28.146,1.27671,1.27681,1.45,1.00
2017.11.22 03:28:28.452,1.27667,1.27676,3.82,1.00
2017.11.22 03:28:28.605,1.27665,1.27676,1.07,2.81
2017.11.22 03:28:30.102,1.27664,1.27674,2.70,1.00
2017.11.22 03:28:30.692,1.27664,1.27674,3.45,1.00
2017.11.22 03:28:31.358,1.27664,1.27676,2.32,1.50
2017.11.22 03:28:32.118,1.27664,1.27675,2.32,1.25
2017.11.22 03:28:32.931,1.27664,1.27675,3.45,1.19
2017.11.22 03:28:33.448,1.27664,1.27675,2.70,1.25
2017.11.22 03:28:34.598,1.27667,1.27676,1.10,1.25
2017.11.22 03:28:35.199,1.27667,1.27676,1.10,1.19
2017.11.22 03:28:35.757,1.27667,1.27676,1.10,1.25
2017.11.22 03:28:36.277,1.27668,1.27676,1.10,1.25
2017.11.22 03:28:37.366,1.27668,1.27676,1.10,1.19
2017.11.22 03:28:38.189,1.27668,1.27676,1.57,1.19
2017.11.22 03:28:38.730,1.27668,1.27676,1.57,1.00
2017.11.22 03:28:49.587,1.27668,1.27676,1.10,1.25
2017.11.22 03:28:50.709,1.27668,1.27676,1.45,1.25
2017.11.22 03:29:00.425,1.27669,1.27676,1.10,1.00
2017.11.22 03:29:01.558,1.2767,1.27676,1.10,1.25
2017.11.22 03:29:06.945,1.2767,1.27676,1.20,1.00
2017.11.22 03:29:07.454,1.2767,1.27676,1.45,1.00
2017.11.22 03:29:08.013,1.2767,1.27676,1.20,1.00
2017.11.22 03:29:08.701,1.2767,1.27676,1.45,1.00
2017.11.22 03:29:09.247,1.2767,1.27676,1.20,1.00
2017.11.22 03:29:18.774,1.27669,1.27676,1.20,1.00
2017.11.22 03:29:19.283,1.27669,1.27676,1.00,1.00
2017.11.22 03:29:23.887,1.27669,1.27677,1.00,1.25
2017.11.22 03:29:24.615,1.27669,1.27675,1.00,1.25
2017.11.22 03:29:25.126,1.27669,1.27677,1.00,1.25
2017.11.22 03:29:25.676,1.27669,1.27678,1.00,2.44
2017.11.22 03:29:26.247,1.27669,1.27678,1.00,2.44
2017.11.22 03:29:26.774,1.27669,1.27678,1.00,2.44
2017.11.22 03:29:27.294,1.27668,1.27678,1.95,2.07
2017.11.22 03:29:27.666,1.27668,1.27677,1.95,1.25
2017.11.22 03:29:28.155,1.27668,1.27678,1.95,2.07
2017.11.22 03:29:30.261,1.27668,1.27678,1.95,2.07
2017.11.22 03:29:32.006,1.27668,1.27678,1.95,2.07
2017.11.22 03:29:32.815,1.27668,1.27678,1.95,2.07
2017.11.22 03:29:37.222,1.27668,1.27678,1.95,2.82
2017.11.22 03:29:38.147,1.27668,1.27678,1.95,2.82
2017.11.22 03:29:38.927,1.27668,1.27678,1.95,2.82
2017.11.22 03:29:41.368,1.27668,1.27678,1.95,2.82
2017.11.22 03:29:42.345,1.27668,1.27678,1.95,2.82
2017.11.22 03:29:42.890,1.27668,1.27678,1.95,2.82
2017.11.22 03:29:44.157,1.27668,1.27678,1.95,2.82
2017.11.22 03:29:46.136,1.27668,1.27678,1.95,2.82
2017.11.22 03:29:49.909,1.27668,1.27678,1.95,3.38
2017.11.22 03:29:50.519,1.27668,1.27678,1.95,3.38
2017.11.22 03:29:51.507,1.27668,1.27678,1.95,3.38
2017.11.22 03:29:52.157,1.27668,1.27678,1.95,3.38
2017.11.22 03:29:52.829,1.27668,1.27677,1.57,1.25
2017.11.22 03:29:53.345,1.27668,1.27677,1.57,1.19
2017.11.22 03:29:54.148,1.27668,1.27677,1.57,1.25
2017.11.22 03:29:56.297,1.27668,1.27678,1.57,1.32
2017.11.22 03:29:56.976,1.27668,1.27678,1.57,2.07
2017.11.22 03:29:58.306,1.27668,1.27678,1.57,2.07
2017.11.22 03:29:58.847,1.27668,1.27678,1.57,2.07
2017.11.22 03:30:00.107,1.27669,1.27677,1.10,1.25
2017.11.22 03:30:00.562,1.27668,1.27676,1.00,1.69
2017.11.22 03:30:01.047,1.27668,1.27678,1.95,1.32
2017.11.22 03:30:01.591,1.2767,1.27678,1.10,1.00
2017.11.22 03:30:02.161,1.2767,1.27678,1.45,1.25
2017.11.22 03:30:02.703,1.2767,1.27678,1.20,1.00
2017.11.22 03:30:07.783,1.2767,1.27678,1.95,1.00
2017.11.22 03:30:08.295,1.27672,1.27678,1.20,1.00
2017.11.22 03:30:09.732,1.27672,1.27678,1.10,1.00
2017.11.22 03:30:12.328,1.27672,1.27683,1.57,2.82
2017.11.22 03:30:12.379,1.27672,1.27683,2.70,2.07
2017.11.22 03:30:13.273,1.27672,1.27682,2.70,1.19
2017.11.22 03:30:13.585,1.2767,1.27678,3.07,1.00
2017.11.22 03:30:14.023,1.2767,1.27678,1.20,1.00
2017.11.22 03:30:17.675,1.2767,1.27678,1.45,1.00
2017.11.22 03:30:18.313,1.27669,1.27677,1.95,1.00
2017.11.22 03:30:18.365,1.27668,1.27678,1.57,2.07
2017.11.22 03:30:18.518,1.2767,1.27678,1.00,1.19
2017.11.22 03:30:19.056,1.2767,1.27678,1.00,1.69
2017.11.22 03:30:19.712,1.2767,1.27678,1.20,1.69
2017.11.22 03:30:21.511,1.2767,1.27678,1.20,1.69
2017.11.22 03:30:22.368,1.27668,1.27677,3.45,1.25
2017.11.22 03:30:22.893,1.27668,1.27678,2.70,1.00
2017.11.22 03:30:23.677,1.27669,1.27678,1.20,1.19
2017.11.22 03:30:24.293,1.27669,1.27678,1.20,1.25
2017.11.22 03:30:25.132,1.27669,1.27678,1.20,1.19
2017.11.22 03:30:26.281,1.27669,1.27678,1.20,1.25
2017.11.22 03:30:28.166,1.27669,1.27678,1.20,1.19
2017.11.22 03:30:30.013,1.27669,1.27678,1.20,1.25
2017.11.22 03:30:31.102,1.27669,1.27678,1.20,1.19
2017.11.22 03:30:31.723,1.27669,1.27678,1.20,1.25
2017.11.22 03:30:32.828,1.27669,1.27678,1.20,1.19
2017.11.22 03:30:33.583,1.27669,1.27678,1.20,1.25
2017.11.22 03:30:37.111,1.27669,1.27678,1.20,1.69
2017.11.22 03:30:37.854,1.27669,1.27678,1.45,1.19
2017.11.22 03:30:38.536,1.27669,1.27678,1.45,1.25
2017.11.22 03:30:39.123,1.27669,1.27678,1.45,1.19
2017.11.22 03:30:39.858,1.27669,1.27678,1.45,1.25
2017.11.22 03:30:42.610,1.27669,1.27678,1.20,1.19
2017.11.22 03:30:43.133,1.27669,1.27678,1.20,1.25
2017.11.22 03:30:44.921,1.27669,1.27678,1.20,1.69
2017.11.22 03:30:45.227,1.27671,1.27678,1.45,1.00
2017.11.22 03:30:56.561,1.27677,1.27684,1.00,2.89
2017.11.22 03:30:56.687,1.27677,1.27687,1.00,4.87
2017.11.22 03:30:56.739,1.2768,1.27689,1.00,1.00
2017.11.22 03:30:57.250,1.2768,1.27689,1.20,1.00
2017.11.22 03:30:57.768,1.2768,1.27689,1.10,1.00
2017.11.22 03:30:58.288,1.2768,1.27688,1.10,1.87
2017.11.22 03:30:59.244,1.27679,1.27689,1.20,1.00
2017.11.22 03:30:59.827,1.2768,1.27689,1.20,1.00
2017.11.22 03:31:00.709,1.2768,1.27689,1.10,1.00
2017.11.22 03:31:00.813,1.2768,1.27689,1.45,1.00
2017.11.22 03:31:07.639,1.27681,1.27689,1.20,1.00
2017.11.22 03:31:07.959,1.27681,1.27689,1.45,1.00
2017.11.22 03:31:09.223,1.27681,1.27689,1.20,1.00
2017.11.22 03:31:09.739,1.2768,1.27689,1.10,2.25
2017.11.22 03:31:09.842,1.2768,1.27689,1.00,2.62
2017.11.22 03:31:09.944,1.27678,1.27689,1.20,2.62
2017.11.22 03:31:10.047,1.2768,1.27689,1.20,1.12
2017.11.22 03:31:10.671,1.2768,1.27689,1.45,1.00
2017.11.22 03:31:11.175,1.27681,1.27689,1.20,1.00
2017.11.22 03:31:14.963,1.27681,1.27689,2.32,1.00
2017.11.22 03:31:15.066,1.27682,1.27693,1.45,1.00
2017.11.22 03:31:15.117,1.27682,1.27695,1.70,1.87
2017.11.22 03:31:15.463,1.27687,1.27696,1.00,1.87
2017.11.22 03:31:15.718,1.27682,1.27696,2.51,2.25
2017.11.22 03:31:15.820,1.27686,1.27696,1.20,1.87
2017.11.22 03:31:16.323,1.27686,1.27695,1.20,1.00
2017.11.22 03:31:16.874,1.27686,1.27696,1.20,1.12
2017.11.22 03:31:17.510,1.27688,1.27698,1.00,1.75
2017.11.22 03:31:18.102,1.27687,1.27696,1.00,1.12
2017.11.22 03:31:22.123,1.27687,1.27695,1.00,1.00
2017.11.22 03:31:22.674,1.27687,1.27696,1.00,1.50
2017.11.22 03:31:24.983,1.27686,1.27692,1.10,1.00
2017.11.22 03:31:25.291,1.27686,1.2769,1.00,1.00
2017.11.22 03:31:25.546,1.27686,1.27695,1.00,2.62
2017.11.22 03:31:26.058,1.27686,1.27694,1.00,1.00
2017.11.22 03:31:26.785,1.27686,1.27695,1.00,3.00
2017.11.22 03:31:30.042,1.27686,1.27694,1.00,1.00
2017.11.22 03:31:30.247,1.27688,1.27697,1.00,1.57
2017.11.22 03:31:30.760,1.27688,1.27697,1.00,2.62
2017.11.22 03:31:31.313,1.27688,1.27696,1.00,1.00
2017.11.22 03:31:31.833,1.27688,1.27697,1.00,1.12
2017.11.22 03:31:32.984,1.27688,1.27696,1.00,1.50
2017.11.22 03:31:36.307,1.27688,1.27698,1.00,1.87
2017.11.22 03:31:38.314,1.27688,1.27698,1.45,2.25
2017.11.22 03:31:47.858,1.27688,1.27699,1.20,1.87
2017.11.22 03:31:48.039,1.27695,1.27703,1.00,2.70
2017.11.22 03:31:48.192,1.27695,1.27705,1.95,1.12
2017.11.22 03:31:48.346,1.27696,1.27706,1.45,1.37
2017.11.22 03:31:48.880,1.27696,1.27706,1.95,1.37
2017.11.22 03:31:52.678,1.27695,1.27703,1.00,1.12
2017.11.22 03:31:52.945,1.27695,1.27706,1.95,1.50
2017.11.22 03:31:53.148,1.27696,1.27706,1.95,1.50
2017.11.22 03:31:56.266,1.27696,1.27707,1.45,1.00
2017.11.22 03:31:59.315,1.27697,1.27708,1.20,1.00
2017.11.22 03:32:00.143,1.27697,1.27707,1.20,1.00
2017.11.22 03:32:02.993,1.27696,1.27706,1.20,2.25
2017.11.22 03:32:03.299,1.27695,1.27703,1.00,1.00
2017.11.22 03:32:03.832,1.27695,1.27704,1.00,1.12
2017.11.22 03:32:04.680,1.27697,1.27707,1.00,4.50
2017.11.22 03:32:05.266,1.27697,1.27706,1.20,1.00
2017.11.22 03:32:05.947,1.27697,1.27707,1.20,1.50
2017.11.22 03:32:06.863,1.27697,1.27708,1.20,1.50
2017.11.22 03:32:07.763,1.27697,1.27707,1.45,1.00
2017.11.22 03:32:08.309,1.27697,1.27707,1.20,1.00
2017.11.22 03:32:08.834,1.27698,1.27709,1.10,2.62
2017.11.22 03:32:12.533,1.277,1.27709,1.10,1.00
2017.11.22 03:32:13.087,1.277,1.2771,1.20,1.12
2017.11.22 03:32:13.591,1.27699,1.27709,1.20,1.12
2017.11.22 03:32:14.545,1.27699,1.2771,1.20,3.75
2017.11.22 03:32:15.048,1.27699,1.27709,1.20,1.87
2017.11.22 03:32:15.594,1.27699,1.27708,1.20,1.00
2017.11.22 03:32:16.365,1.27699,1.27709,1.20,3.00
2017.11.22 03:32:16.887,1.27699,1.27708,1.00,1.00
2017.11.22 03:32:17.446,1.27699,1.27709,1.00,1.87
2017.11.22 03:32:23.514,1.27699,1.27708,1.00,1.00
2017.11.22 03:32:25.438,1.27699,1.27709,1.00,1.12
2017.11.22 03:32:26.079,1.27699,1.27708,1.00,1.00
2017.11.22 03:32:29.115,1.27699,1.27707,1.10,1.00
2017.11.22 03:32:29.764,1.27699,1.27708,1.00,1.50
2017.11.22 03:32:30.875,1.27699,1.27709,1.00,2.62
2017.11.22 03:32:34.204,1.27699,1.2771,1.10,2.62
2017.11.22 03:32:35.043,1.27699,1.27709,1.10,1.37
2017.11.22 03:32:35.772,1.27699,1.2771,1.10,3.00
2017.11.22 03:32:36.082,1.27701,1.27709,1.00,1.00
2017.11.22 03:32:37.144,1.27701,1.27709,1.00,1.37
2017.11.22 03:32:38.183,1.27701,1.2771,1.00,2.25
2017.11.22 03:32:39.121,1.27701,1.2771,1.00,4.87
2017.11.22 03:32:42.194,1.27701,1.27709,1.00,1.00
2017.11.22 03:32:42.620,1.27703,1.27711,1.12,1.00
2017.11.22 03:32:42.673,1.27705,1.27716,2.32,2.62
2017.11.22 03:32:42.726,1.27705,1.27716,4.20,1.12
2017.11.22 03:32:46.329,1.27707,1.27717,1.20,1.87
2017.11.22 03:32:49.255,1.27708,1.27718,1.20,2.25
2017.11.22 03:32:51.576,1.2771,1.27719,1.20,1.50
2017.11.22 03:32:51.631,1.27712,1.27719,1.00,1.37
2017.11.22 03:32:51.787,1.27712,1.27721,1.00,1.50
2017.11.22 03:32:51.838,1.27712,1.27723,1.00,1.12
2017.11.22 03:32:51.890,1.27714,1.27723,1.10,1.00
2017.11.22 03:32:55.137,1.27714,1.27724,1.10,1.50
2017.11.22 03:32:58.250,1.27714,1.27724,1.10,1.50
2017.11.22 03:32:58.403,1.27716,1.27726,1.57,2.62
2017.11.22 03:32:59.532,1.27716,1.27725,1.57,1.12
2017.11.22 03:33:03.076,1.27717,1.27726,1.57,1.00
2017.11.22 03:33:03.838,1.27717,1.27726,1.95,1.00
2017.11.22 03:33:09.586,1.2772,1.27729,1.00,1.50
2017.11.22 03:33:10.150,1.2772,1.2773,1.10,3.37
2017.11.22 03:33:10.944,1.2772,1.27729,1.10,1.00
2017.11.22 03:33:11.470,1.2772,1.2773,1.10,2.62
2017.11.22 03:33:20.244,1.27719,1.27727,1.20,1.50
2017.11.22 03:33:20.347,1.27717,1.27725,1.20,1.00
2017.11.22 03:33:21.334,1.27718,1.27724,1.10,1.00
2017.11.22 03:33:22.664,1.27718,1.27726,1.10,1.00
2017.11.22 03:33:23.404,1.27717,1.27724,1.45,1.00
2017.11.22 03:33:23.506,1.27716,1.27724,2.70,1.00
2017.11.22 03:33:24.106,1.27716,1.27725,2.70,1.87
2017.11.22 03:33:26.235,1.27716,1.27725,2.32,1.12
2017.11.22 03:33:26.678,1.27716,1.27723,1.95,1.00
2017.11.22 03:33:26.762,1.27716,1.27725,1.57,3.75
2017.11.22 03:33:27.553,1.27716,1.27724,1.50,1.00
2017.11.22 03:33:28.383,1.27716,1.27725,1.50,4.12
2017.11.22 03:33:29.442,1.27716,1.27724,1.57,1.00
2017.11.22 03:33:30.182,1.27716,1.27725,1.57,2.25
2017.11.22 03:33:38.174,1.27716,1.27724,1.20,1.00
2017.11.22 03:33:38.692,1.27716,1.27725,1.10,1.50
2017.11.22 03:33:39.493,1.27716,1.27724,1.10,1.00
2017.11.22 03:33:40.103,1.27716,1.27723,1.10,1.00
2017.11.22 03:33:41.338,1.27716,1.27724,1.10,1.00
2017.11.22 03:33:44.125,1.27716,1.27725,1.10,1.50
2017.11.22 03:33:44.681,1.27716,1.27724,1.00,1.00
2017.11.22 03:33:45.457,1.27714,1.27723,1.10,1.87
2017.11.22 03:33:45.509,1.27713,1.27721,1.20,1.00
2017.11.22 03:33:46.039,1.27714,1.27722,1.00,1.00
2017.11.22 03:33:47.279,1.27714,1.27721,1.00,1.00
2017.11.22 03:33:52.714,1.27713,1.27723,1.20,1.00
2017.11.22 03:33:57.579,1.27713,1.27721,1.45,1.87
2017.11.22 03:33:57.682,1.27712,1.27721,1.10,1.12
2017.11.22 03:33:57.921,1.27709,1.27718,1.45,2.62
2017.11.22 03:33:57.973,1.27707,1.27718,1.57,4.12
2017.11.22 03:33:58.279,1.27706,1.27717,1.45,4.12
2017.11.22 03:33:58.892,1.27706,1.27717,1.95,2.25
2017.11.22 03:34:00.053,1.27706,1.27717,1.20,1.50
2017.11.22 03:34:06.654,1.27706,1.27716,1.20,1.87
2017.11.22 03:34:07.301,1.27706,1.27716,1.20,1.87
2017.11.22 03:34:07.839,1.27706,1.27715,1.20,1.00
2017.11.22 03:34:08.348,1.27706,1.27718,1.45,3.37
2017.11.22 03:34:25.675,1.27706,1.27717,1.20,2.62
2017.11.22 03:34:27.183,1.27706,1.27717,1.20,1.87
2017.11.22 03:34:35.543,1.27706,1.27715,1.10,1.00
2017.11.22 03:34:36.058,1.27706,1.27715,1.20,1.00
2017.11.22 03:34:36.604,1.27706,1.27716,1.20,1.87
2017.11.22 03:34:39.381,1.27706,1.27715,1.20,1.00
2017.11.22 03:34:39.893,1.27706,1.27715,1.00,1.12
2017.11.22 03:34:39.995,1.27703,1.27713,1.95,3.00
2017.11.22 03:34:40.097,1.27703,1.27712,1.10,1.87
2017.11.22 03:34:40.704,1.27702,1.27713,1.20,1.87
2017.11.22 03:34:41.640,1.27702,1.27713,1.45,1.12
2017.11.22 03:35:11.248,1.27704,1.27714,1.00,1.95
2017.11.22 03:35:11.851,1.27704,1.27713,1.00,1.00
2017.11.22 03:35:24.403,1.27705,1.27716,1.00,1.20
2017.11.22 03:35:24.454,1.27708,1.27713,1.00,1.00
2017.11.22 03:35:30.448,1.27706,1.27713,1.20,1.00
2017.11.22 03:35:32.979,1.27706,1.27713,1.10,1.00
2017.11.22 03:35:43.671,1.27706,1.27714,1.00,1.87
2017.11.22 03:35:44.198,1.27706,1.27714,1.00,1.50
2017.11.22 03:35:45.007,1.27706,1.27714,1.00,1.50
2017.11.22 03:35:49.896,1.27707,1.27714,1.00,1.00
2017.11.22 03:35:59.649,1.27707,1.27715,1.00,1.00
2017.11.22 03:36:00.220,1.27708,1.27715,1.00,1.00
2017.11.22 03:36:01.568,1.27709,1.27715,1.00,1.00
2017.11.22 03:36:01.670,1.27711,1.27719,1.00,1.20
2017.11.22 03:36:02.166,1.27713,1.27719,1.00,1.00
2017.11.22 03:36:02.268,1.2771,1.27717,1.00,1.12
2017.11.22 03:36:02.687,1.27705,1.27717,1.57,4.12
2017.11.22 03:36:02.740,1.27704,1.27713,1.10,1.00
2017.11.22 03:36:02.843,1.27702,1.27713,1.00,1.00
2017.11.22 03:36:03.586,1.27703,1.27713,1.00,1.12
2017.11.22 03:36:08.438,1.27703,1.27712,1.00,1.00
2017.11.22 03:36:08.969,1.27703,1.27713,1.00,1.00
2017.11.22 03:36:09.907,1.27703,1.27714,1.00,3.07
2017.11.22 03:36:10.214,1.27703,1.27712,1.00,1.00
2017.11.22 03:36:13.235,1.27703,1.27713,1.00,1.00
2017.11.22 03:36:37.958,1.27703,1.27712,1.00,1.00
2017.11.22 03:36:39.032,1.27703,1.27714,1.00,1.95
2017.11.22 03:36:40.150,1.27703,1.27711,1.00,1.00
2017.11.22 03:36:40.736,1.27703,1.27713,1.00,1.12
2017.11.22 03:36:47.443,1.27703,1.27712,1.00,1.00
2017.11.22 03:36:49.187,1.27703,1.27714,1.00,4.39
2017.11.22 03:36:51.693,1.27703,1.27713,1.00,1.57
2017.11.22 03:37:06.302,1.277,1.27713,3.45,1.00
2017.11.22 03:37:08.314,1.27701,1.27712,1.10,1.00
2017.11.22 03:37:08.417,1.277,1.27714,2.70,3.07
2017.11.22 03:37:09.027,1.277,1.27713,3.45,1.50
2017.11.22 03:37:23.094,1.27701,1.27713,1.07,1.10
2017.11.22 03:37:38.615,1.277,1.27713,1.10,2.51
2017.11.22 03:37:38.667,1.27701,1.27711,1.00,1.50
2017.11.22 03:37:38.922,1.27699,1.2771,1.00,1.00
2017.11.22 03:37:44.591,1.277,1.2771,1.00,1.00
2017.11.22 03:37:45.969,1.27698,1.27706,1.57,1.00
2017.11.22 03:37:46.021,1.27697,1.27706,1.00,1.87
2017.11.22 03:37:46.225,1.27697,1.27708,1.00,1.50
2017.11.22 03:37:46.734,1.27698,1.27708,1.12,1.00
2017.11.22 03:37:49.222,1.27697,1.27708,2.70,1.00
2017.11.22 03:37:50.353,1.27698,1.27708,1.20,1.00
2017.11.22 03:37:54.911,1.27697,1.27708,3.07,1.00
2017.11.22 03:37:55.620,1.27697,1.27708,3.45,1.00
2017.11.22 03:37:57.289,1.27697,1.27708,3.07,1.00
2017.11.22 03:38:04.020,1.27697,1.27707,1.00,1.00
2017.11.22 03:38:04.524,1.27697,1.27707,1.00,1.95
2017.11.22 03:38:06.074,1.27697,1.27707,1.00,1.10
2017.11.22 03:38:07.112,1.27697,1.27707,1.00,1.57
2017.11.22 03:38:08.248,1.27697,1.27707,1.00,1.57
2017.11.22 03:38:08.852,1.27697,1.27706,1.00,1.50
2017.11.22 03:38:10.302,1.27697,1.27707,1.00,1.12
2017.11.22 03:38:15.660,1.27697,1.27707,1.00,1.57
2017.11.22 03:38:20.018,1.27697,1.27707,1.00,1.10
2017.11.22 03:38:20.905,1.27697,1.27706,1.00,1.10
2017.11.22 03:38:26.309,1.27697,1.27707,1.50,1.00
2017.11.22 03:38:28.043,1.27697,1.27706,1.00,1.00
2017.11.22 03:38:30.462,1.27697,1.27705,1.00,1.12
2017.11.22 03:38:30.564,1.27695,1.27705,1.00,2.62
2017.11.22 03:38:31.023,1.27697,1.27707,1.00,1.10
2017.11.22 03:38:33.513,1.27699,1.27707,2.25,1.00
2017.11.22 03:38:33.651,1.27699,1.27709,1.50,1.00
2017.11.22 03:38:39.479,1.27698,1.27709,1.00,1.00
2017.11.22 03:38:40.372,1.27699,1.27709,2.25,1.00
2017.11.22 03:38:40.423,1.27701,1.27709,1.50,1.00
2017.11.22 03:38:40.935,1.27701,1.2771,1.00,1.00
2017.11.22 03:38:41.445,1.27701,1.27709,1.00,1.00
2017.11.22 03:38:41.706,1.27699,1.27709,4.01,1.00
2017.11.22 03:38:41.808,1.27701,1.2771,1.10,1.00
2017.11.22 03:38:42.856,1.27701,1.27709,1.00,1.00
2017.11.22 03:38:43.367,1.27701,1.2771,1.00,1.00
2017.11.22 03:38:43.991,1.27702,1.2771,1.00,1.00
2017.11.22 03:38:44.450,1.277,1.2771,3.07,1.00
2017.11.22 03:38:44.961,1.27701,1.2771,1.00,1.00
2017.11.22 03:38:45.472,1.27702,1.2771,1.00,1.00
2017.11.22 03:38:45.634,1.27703,1.27713,1.00,1.57
2017.11.22 03:38:46.643,1.27703,1.27714,2.25,1.20
2017.11.22 03:38:55.231,1.27703,1.27712,1.57,1.00
2017.11.22 03:38:55.773,1.27703,1.27714,1.57,1.00
2017.11.22 03:39:01.049,1.27703,1.27711,2.70,1.00
2017.11.22 03:39:01.576,1.27703,1.27714,2.70,1.00
2017.11.22 03:39:04.750,1.27703,1.27713,1.10,1.87
2017.11.22 03:39:05.371,1.27703,1.27714,1.00,1.50
2017.11.22 03:39:05.952,1.27702,1.27714,1.57,1.00
2017.11.22 03:39:06.487,1.27703,1.27714,1.12,1.00
2017.11.22 03:39:23.720,1.27704,1.27714,1.00,1.50
2017.11.22 03:39:26.757,1.27702,1.27714,1.10,1.50
2017.11.22 03:39:27.265,1.27701,1.27714,1.57,2.32
2017.11.22 03:39:28.728,1.27701,1.27713,1.57,1.20
2017.11.22 03:39:29.146,1.27702,1.27713,1.57,1.00
2017.11.22 03:39:29.611,1.27701,1.27714,1.00,5.32
2017.11.22 03:39:30.124,1.27701,1.27714,2.89,4.95
2017.11.22 03:39:30.739,1.27701,1.27714,1.87,3.82
2017.11.22 03:39:31.255,1.27703,1.27713,1.00,1.00
2017.11.22 03:39:33.937,1.27702,1.27714,1.10,1.12
2017.11.22 03:39:34.243,1.27702,1.27713,1.00,1.20
2017.11.22 03:39:35.147,1.277,1.27713,1.57,3.45
2017.11.22 03:39:35.454,1.27698,1.27709,1.00,1.95
2017.11.22 03:39:36.102,1.27698,1.27709,1.00,1.95
2017.11.22 03:39:42.711,1.27697,1.27709,1.00,1.20
2017.11.22 03:39:47.616,1.27697,1.27705,1.00,1.00
2017.11.22 03:39:48.196,1.27697,1.27709,1.00,1.95
2017.11.22 03:39:49.838,1.27696,1.27709,1.57,4.57
2017.11.22 03:39:50.642,1.27696,1.27709,1.57,3.07
2017.11.22 03:39:54.460,1.27696,1.27709,2.70,2.70
2017.11.22 03:39:55.262,1.27696,1.27709,3.07,2.62
2017.11.22 03:40:00.742,1.27696,1.27707,1.57,1.00
2017.11.22 03:40:04.546,1.27699,1.27707,1.00,1.00
2017.11.22 03:40:05.088,1.27696,1.27707,1.45,1.00
2017.11.22 03:40:06.325,1.27695,1.27706,1.95,1.12
2017.11.22 03:40:07.854,1.27695,1.27706,1.45,1.00
2017.11.22 03:40:09.394,1.27695,1.27706,1.20,1.00
2017.11.22 03:40:09.811,1.27696,1.27706,1.20,1.00
2017.11.22 03:40:10.645,1.27696,1.27707,1.95,1.00
2017.11.22 03:40:11.408,1.27696,1.27707,1.82,1.00
2017.11.22 03:40:12.030,1.27695,1.27707,1.95,1.50
2017.11.22 03:40:13.968,1.27696,1.27707,1.45,1.50
2017.11.22 03:40:15.036,1.27697,1.27707,1.57,1.00
2017.11.22 03:40:15.139,1.27697,1.27707,2.32,1.00
2017.11.22 03:40:18.705,1.27697,1.27707,1.95,1.00
2017.11.22 03:40:19.061,1.27702,1.27707,1.12,1.00
2017.11.22 03:40:19.164,1.27702,1.27711,1.50,1.00
2017.11.22 03:40:19.266,1.27702,1.27713,1.47,1.00
2017.11.22 03:40:25.535,1.27703,1.27713,1.20,1.00
2017.11.22 03:40:25.931,1.27702,1.27712,1.00,1.00
2017.11.22 03:40:27.775,1.27702,1.27713,1.95,1.00
2017.11.22 03:40:31.239,1.27702,1.27713,1.20,1.00
2017.11.22 03:40:32.190,1.27702,1.27713,1.20,1.00
2017.11.22 03:40:33.647,1.27702,1.27712,1.20,1.00
2017.11.22 03:40:34.237,1.27702,1.27713,1.20,1.00
2017.11.22 03:40:36.599,1.27702,1.27713,1.20,1.00
2017.11.22 03:40:41.414,1.27702,1.27713,2.70,1.00
2017.11.22 03:40:41.466,1.27702,1.27713,4.39,1.00
2017.11.22 03:40:44.325,1.27702,1.27713,2.32,1.00
2017.11.22 03:40:49.461,1.27701,1.27709,1.20,1.00
2017.11.22 03:40:49.513,1.27701,1.2771,1.00,1.00
2017.11.22 03:40:49.565,1.27698,1.27708,1.07,1.00
2017.11.22 03:40:50.148,1.27698,1.27708,1.10,1.50
2017.11.22 03:40:57.078,1.27701,1.27708,1.00,1.00
2017.11.22 03:40:57.130,1.27701,1.2771,1.87,1.10
2017.11.22 03:40:57.233,1.27703,1.27713,1.00,1.95
2017.11.22 03:40:57.836,1.27702,1.27713,2.70,1.00
2017.11.22 03:41:07.904,1.27707,1.27713,1.00,1.00
2017.11.22 03:41:08.008,1.27707,1.27716,1.00,1.00
2017.11.22 03:41:08.518,1.27706,1.27715,1.07,1.12
2017.11.22 03:41:08.622,1.27704,1.27714,1.50,1.00
2017.11.22 03:41:22.796,1.27702,1.27714,1.20,1.00
2017.11.22 03:41:31.709,1.27704,1.27714,1.00,1.00
2017.11.22 03:41:32.250,1.27703,1.27714,1.57,1.00
2017.11.22 03:41:34.801,1.27703,1.27714,2.32,1.00
2017.11.22 03:41:35.311,1.27705,1.27714,1.00,1.00
2017.11.22 03:41:37.197,1.27705,1.27714,1.45,1.00
2017.11.22 03:41:37.503,1.27704,1.27714,1.12,1.00
2017.11.22 03:41:38.023,1.27702,1.27714,1.20,1.87
2017.11.22 03:41:38.620,1.27702,1.27714,1.95,3.45
2017.11.22 03:41:41.268,1.27702,1.27714,1.57,1.50
2017.11.22 03:41:41.370,1.27704,1.27714,1.50,1.00
2017.11.22 03:41:42.043,1.277,1.27712,1.07,2.81
2017.11.22 03:41:42.638,1.27701,1.27711,1.12,1.50
2017.11.22 03:41:42.845,1.27699,1.27711,1.10,1.12
2017.11.22 03:41:42.897,1.27699,1.27709,1.57,1.00
2017.11.22 03:41:43.507,1.27699,1.27709,1.50,1.00
2017.11.22 03:41:44.013,1.27699,1.27709,1.95,1.00
2017.11.22 03:41:44.065,1.27699,1.27711,1.95,1.00
2017.11.22 03:41:44.116,1.27701,1.27714,4.57,2.25
2017.11.22 03:41:44.219,1.27702,1.27713,4.95,1.00
2017.11.22 03:41:44.828,1.27702,1.27713,5.70,1.00
2017.11.22 03:41:46.814,1.27703,1.27713,1.45,1.00
2017.11.22 03:41:47.642,1.27702,1.27713,5.32,1.00
2017.11.22 03:41:47.744,1.27703,1.27713,1.00,1.00
2017.11.22 03:41:50.178,1.27702,1.27713,2.32,1.00
2017.11.22 03:41:54.356,1.27703,1.27713,1.50,1.00
2017.11.22 03:41:54.543,1.27703,1.27715,3.26,1.12
2017.11.22 03:41:54.747,1.27703,1.27715,2.89,1.12
2017.11.22 03:41:56.673,1.27704,1.27715,1.20,1.12
2017.11.22 03:42:01.261,1.27704,1.27713,1.00,1.00
2017.11.22 03:42:09.024,1.27703,1.27713,1.10,1.00
2017.11.22 03:42:09.826,1.27704,1.27713,1.00,1.00
2017.11.22 03:42:10.673,1.27705,1.27713,1.00,1.00
2017.11.22 03:42:11.260,1.27704,1.27713,1.50,1.00
2017.11.22 03:42:32.302,1.27704,1.27713,1.45,1.00
2017.11.22 03:42:37.413,1.27704,1.27713,1.20,1.00
2017.11.22 03:42:39.054,1.27704,1.27713,1.45,1.00
2017.11.22 03:42:54.360,1.27703,1.27713,1.95,1.00
2017.11.22 03:42:59.471,1.27703,1.27715,3.45,1.50
2017.11.22 03:43:01.781,1.27703,1.27715,3.45,1.50
2017.11.22 03:43:17.496,1.27703,1.27714,2.32,1.00
2017.11.22 03:43:18.008,1.27703,1.27713,3.07,1.00
2017.11.22 03:43:18.077,1.27703,1.27715,2.32,2.25
2017.11.22 03:43:19.432,1.27703,1.27714,1.57,1.00
2017.11.22 03:43:23.953,1.27702,1.27713,1.95,1.00
2017.11.22 03:43:24.968,1.27702,1.27713,1.57,1.00
2017.11.22 03:43:25.549,1.27702,1.27713,1.57,1.00
2017.11.22 03:43:27.052,1.27702,1.27714,3.45,1.50
2017.11.22 03:43:28.148,1.27703,1.27714,1.00,1.50
2017.11.22 03:43:29.071,1.27702,1.27714,3.45,1.50
2017.11.22 03:43:30.683,1.27703,1.27714,1.00,1.50
2017.11.22 03:43:38.228,1.27704,1.27714,1.00,1.50
2017.11.22 03:43:39.808,1.27701,1.27712,2.70,1.00
2017.11.22 03:43:40.353,1.27701,1.27712,3.00,1.00
2017.11.22 03:43:40.866,1.27702,1.27712,1.50,1.00
2017.11.22 03:43:41.527,1.27701,1.27714,2.32,3.07
2017.11.22 03:43:42.168,1.27703,1.27714,1.50,1.00
2017.11.22 03:43:43.091,1.27704,1.27714,1.50,1.57
2017.11.22 03:44:13.203,1.27703,1.27714,1.20,1.00
2017.11.22 03:44:19.516,1.27703,1.27715,1.20,1.00
2017.11.22 03:44:26.308,1.27703,1.27715,1.20,1.57
2017.11.22 03:44:26.929,1.27703,1.27715,1.12,1.95
2017.11.22 03:44:38.669,1.27707,1.27715,1.00,1.00
2017.11.22 03:44:38.823,1.27706,1.27717,1.12,1.12
2017.11.22 03:44:38.950,1.27703,1.27716,3.82,2.62
2017.11.22 03:44:39.638,1.27703,1.27715,1.95,1.50
2017.11.22 03:44:40.206,1.27703,1.27715,1.20,1.07
2017.11.22 03:44:52.412,1.27703,1.27713,1.10,1.00
2017.11.22 03:44:53.316,1.27702,1.27713,1.10,1.10
2017.11.22 03:44:53.901,1.27703,1.27713,1.00,1.10
2017.11.22 03:44:56.147,1.27702,1.27713,1.10,1.10
2017.11.22 03:44:56.782,1.27703,1.27713,1.10,1.00
2017.11.22 03:45:05.838,1.27702,1.27713,1.57,1.00
2017.11.22 03:45:06.449,1.27703,1.27713,1.00,1.00
2017.11.22 03:45:07.111,1.27702,1.27713,1.95,1.00
2017.11.22 03:45:08.175,1.27703,1.27713,1.00,1.00
2017.11.22 03:45:08.833,1.27702,1.27713,1.95,1.00
2017.11.22 03:45:10.458,1.27701,1.27711,1.10,1.50
2017.11.22 03:45:10.662,1.27698,1.27709,1.50,1.10
2017.11.22 03:45:10.867,1.27697,1.27709,1.00,1.10
2017.11.22 03:45:11.597,1.27699,1.27709,1.00,1.12
2017.11.22 03:45:11.904,1.27702,1.27712,1.57,1.00
2017.11.22 03:45:19.930,1.27701,1.27712,1.20,1.00
2017.11.22 03:45:20.307,1.27702,1.27712,1.47,1.00
2017.11.22 03:45:21.683,1.27704,1.27712,1.00,1.00
2017.11.22 03:45:27.148,1.27708,1.27715,1.00,1.10
2017.11.22 03:45:27.250,1.27709,1.27719,1.87,1.07
2017.11.22 03:45:27.301,1.27711,1.27719,1.00,1.07
2017.11.22 03:45:27.811,1.27711,1.27719,1.50,1.00
2017.11.22 03:45:30.336,1.27709,1.27719,1.20,1.00
2017.11.22 03:45:36.433,1.27709,1.27719,1.12,1.07
2017.11.22 03:45:37.170,1.27709,1.27719,1.12,1.00
2017.11.22 03:45:51.099,1.27709,1.27718,1.12,1.00
2017.11.22 03:45:51.711,1.27709,1.27719,1.12,1.00
2017.11.22 03:45:53.152,1.27709,1.27719,1.57,1.00
2017.11.22 03:45:53.662,1.27709,1.27719,3.82,1.00
2017.11.22 03:45:56.114,1.27709,1.27719,3.07,1.00
2017.11.22 03:45:56.662,1.27709,1.27718,1.57,1.00
2017.11.22 03:46:06.915,1.27709,1.27718,1.20,1.00
2017.11.22 03:46:15.261,1.27709,1.27718,1.57,1.00
2017.11.22 03:46:23.842,1.27709,1.27719,2.32,1.00
2017.11.22 03:46:24.421,1.27709,1.27719,2.32,1.00
2017.11.22 03:46:24.962,1.27709,1.27718,2.32,1.00
2017.11.22 03:46:25.553,1.27709,1.27719,2.32,1.00
2017.11.22 03:46:26.072,1.27709,1.27719,2.32,1.00
2017.11.22 03:46:32.858,1.27709,1.27719,1.95,1.00
2017.11.22 03:46:33.264,1.2771,1.27721,5.32,1.00
2017.11.22 03:46:33.316,1.27711,1.27721,1.95,1.00
2017.11.22 03:46:35.255,1.27711,1.27719,1.20,1.00
2017.11.22 03:46:40.265,1.27711,1.27721,1.95,1.00
2017.11.22 03:46:40.317,1.27714,1.27725,1.95,1.00
2017.11.22 03:46:40.369,1.27715,1.27726,2.06,1.00
2017.11.22 03:47:02.099,1.27717,1.27725,1.07,1.12
2017.11.22 03:47:02.310,1.27714,1.27723,1.20,1.00
2017.11.22 03:47:02.851,1.27714,1.27723,1.45,1.00
2017.11.22 03:47:03.685,1.27714,1.27722,1.45,1.00
2017.11.22 03:47:04.273,1.27714,1.27723,1.20,1.00
2017.11.22 03:47:05.286,1.27714,1.27722,1.10,1.00
2017.11.22 03:47:10.773,1.27714,1.27722,1.20,1.00
2017.11.22 03:47:32.252,1.27714,1.27722,1.10,1.00
2017.11.22 03:47:42.751,1.27712,1.27722,4.20,1.00
2017.11.22 03:48:00.379,1.27713,1.27723,1.07,3.00
2017.11.22 03:48:08.245,1.27712,1.27723,1.45,1.00
2017.11.22 03:48:11.529,1.27712,1.27722,2.70,1.00
2017.11.22 03:48:12.034,1.27713,1.27722,1.45,1.00
2017.11.22 03:48:15.000,1.27713,1.27724,1.45,1.00
2017.11.22 03:48:45.950,1.27713,1.27723,2.70,1.00
2017.11.22 03:48:50.579,1.27714,1.27725,1.45,1.00
2017.11.22 03:48:52.770,1.27714,1.27724,2.70,1.00
2017.11.22 03:48:53.343,1.27714,1.27724,2.70,1.00
2017.11.22 03:48:56.322,1.27714,1.27724,1.95,1.00
2017.11.22 03:48:59.954,1.27714,1.27727,1.95,1.50
2017.11.22 03:49:05.834,1.27714,1.27727,1.57,1.10
2017.11.22 03:49:10.736,1.27714,1.27727,1.57,1.20
2017.11.22 03:49:13.258,1.27714,1.27727,1.50,1.57
2017.11.22 03:49:13.738,1.27711,1.27722,2.32,1.00
2017.11.22 03:49:13.789,1.27711,1.27722,1.95,3.00
2017.11.22 03:49:14.319,1.2771,1.27721,1.00,1.00
2017.11.22 03:49:15.293,1.27709,1.27721,2.70,1.00
2017.11.22 03:49:20.522,1.2771,1.27719,1.07,1.00
2017.11.22 03:49:21.113,1.27709,1.27721,2.70,1.00
2017.11.22 03:49:24.134,1.27714,1.27722,1.00,1.01
2017.11.22 03:49:29.338,1.27714,1.27723,1.00,1.76
2017.11.22 03:49:29.644,1.27716,1.27725,1.00,1.07
2017.11.22 03:49:30.606,1.27717,1.27726,1.00,1.20
2017.11.22 03:49:31.294,1.27717,1.27726,1.00,1.10
2017.11.22 03:49:37.014,1.27716,1.27723,1.00,1.00
2017.11.22 03:49:51.809,1.27716,1.27723,1.20,1.00
2017.11.22 03:50:09.367,1.27718,1.27723,1.00,1.00
2017.11.22 03:50:09.879,1.27716,1.27723,1.20,1.00
2017.11.22 03:50:13.206,1.27716,1.27722,1.20,1.00
2017.11.22 03:50:14.502,1.27716,1.27724,1.20,1.00
2017.11.22 03:50:14.759,1.27718,1.27726,1.10,1.00
2017.11.22 03:50:25.360,1.27716,1.27724,1.07,1.00
2017.11.22 03:50:25.412,1.27718,1.27726,1.00,1.00
2017.11.22 03:50:28.338,1.27715,1.27725,1.45,2.25
2017.11.22 03:50:28.440,1.27714,1.27724,1.20,1.69
2017.11.22 03:50:28.543,1.27714,1.27722,1.10,1.00
2017.11.22 03:50:29.078,1.27714,1.27722,1.20,1.00
2017.11.22 03:50:29.129,1.27716,1.27725,1.10,1.50
2017.11.22 03:50:29.737,1.27715,1.27725,1.10,1.00
2017.11.22 03:50:30.221,1.27713,1.27722,1.95,1.00
2017.11.22 03:50:30.555,1.27713,1.27724,1.57,3.56
2017.11.22 03:50:31.657,1.27713,1.27724,1.95,2.06
2017.11.22 03:50:31.759,1.27713,1.27724,1.95,3.56
2017.11.22 03:50:32.459,1.27713,1.27724,1.95,2.06
2017.11.22 03:50:33.093,1.27713,1.27724,1.95,3.56
2017.11.22 03:50:34.832,1.27713,1.27719,1.20,1.00
2017.11.22 03:50:34.935,1.27709,1.27718,1.95,1.50
2017.11.22 03:50:35.127,1.27708,1.27718,1.20,1.25
2017.11.22 03:50:35.231,1.27708,1.27715,1.20,1.00
2017.11.22 03:50:35.437,1.27707,1.27714,1.00,1.00
2017.11.22 03:50:35.971,1.27706,1.27714,1.10,1.00
2017.11.22 03:50:40.945,1.27704,1.27714,1.20,1.00
2017.11.22 03:50:41.455,1.27705,1.27714,1.20,1.00
2017.11.22 03:50:58.828,1.27705,1.27713,1.20,1.00
2017.11.22 03:50:59.420,1.27705,1.27714,1.20,1.00
2017.11.22 03:51:00.059,1.27707,1.27714,1.00,1.00
2017.11.22 03:51:00.297,1.27707,1.27716,1.00,2.62
2017.11.22 03:51:03.157,1.27709,1.27716,1.00,1.12
2017.11.22 03:51:08.580,1.2771,1.27716,1.00,1.00
2017.11.22 03:51:09.069,1.27712,1.27716,1.00,1.00
2017.11.22 03:51:10.422,1.2771,1.27716,1.20,1.00
2017.11.22 03:51:53.254,1.27711,1.27716,1.00,1.00
2017.11.22 03:52:00.605,1.27711,1.27719,1.00,1.00
2017.11.22 03:52:16.311,1.27711,1.27716,1.00,1.00
2017.11.22 03:52:16.465,1.27707,1.27715,1.20,1.12
2017.11.22 03:52:16.517,1.27706,1.27712,1.20,1.00
2017.11.22 03:52:16.873,1.27706,1.27716,1.20,3.00
2017.11.22 03:52:18.561,1.27707,1.27717,1.20,1.87
2017.11.22 03:52:28.583,1.27707,1.27717,1.00,2.44
2017.11.22 03:53:16.576,1.27706,1.27716,1.20,1.50
2017.11.22 03:53:18.212,1.27706,1.27716,1.20,3.19
2017.11.22 03:53:21.130,1.27706,1.27716,1.20,2.44
2017.11.22 03:53:43.046,1.27706,1.27716,1.00,3.75
2017.11.22 03:53:43.781,1.27706,1.27715,1.00,1.25
2017.11.22 03:53:48.329,1.27706,1.27715,1.37,1.00
2017.11.22 03:53:48.383,1.2771,1.2772,1.20,1.87
2017.11.22 03:53:49.919,1.2771,1.2772,1.10,2.81
2017.11.22 03:53:50.539,1.27709,1.2772,1.00,8.06
2017.11.22 03:53:57.738,1.27709,1.27719,1.95,1.50
2017.11.22 03:53:58.270,1.2771,1.2772,1.10,1.12
2017.11.22 03:53:59.277,1.27709,1.27719,1.20,1.50
2017.11.22 03:53:59.430,1.27709,1.27718,1.10,1.50
2017.11.22 03:53:59.533,1.2771,1.27719,1.00,1.25
2017.11.22 03:53:59.585,1.27708,1.27719,1.00,3.75
2017.11.22 03:54:02.302,1.27708,1.27719,1.10,1.39
2017.11.22 03:54:03.931,1.27707,1.27717,1.20,1.12
2017.11.22 03:54:04.619,1.27707,1.27717,1.10,1.00
2017.11.22 03:54:05.309,1.27707,1.27717,1.10,1.50
2017.11.22 03:54:12.543,1.27704,1.27716,1.45,3.56
2017.11.22 03:54:13.122,1.27705,1.27715,1.20,1.00
2017.11.22 03:54:13.745,1.27706,1.27715,1.45,1.00
2017.11.22 03:54:14.350,1.27706,1.27716,1.45,1.00
2017.11.22 03:54:20.929,1.27705,1.27715,1.45,1.00
2017.11.22 03:54:21.465,1.27705,1.27714,1.45,1.00
2017.11.22 03:54:21.518,1.27705,1.27716,1.45,1.12
2017.11.22 03:54:22.385,1.27705,1.27715,1.45,1.00
2017.11.22 03:54:22.992,1.27704,1.27714,1.45,1.00
2017.11.22 03:54:23.043,1.27704,1.27716,1.45,4.69
2017.11.22 03:54:25.682,1.27704,1.27715,1.45,1.00
2017.11.22 03:54:26.716,1.27704,1.27714,1.45,1.00
2017.11.22 03:54:26.869,1.27704,1.27716,1.45,3.94
2017.11.22 03:54:35.184,1.27704,1.27716,1.45,3.94
2017.11.22 03:54:54.948,1.27704,1.27716,1.45,2.06
2017.11.22 03:55:00.170,1.27704,1.27715,1.45,1.00
2017.11.22 03:55:00.777,1.27704,1.27715,1.95,1.00
2017.11.22 03:55:01.366,1.27703,1.27715,3.82,1.50
2017.11.22 03:55:01.417,1.27703,1.27713,3.45,1.00
2017.11.22 03:55:10.947,1.27703,1.27715,1.45,1.00
2017.11.22 03:55:11.530,1.27703,1.27714,1.45,1.00
2017.11.22 03:55:13.621,1.27705,1.27715,3.82,1.00
2017.11.22 03:55:13.673,1.27705,1.27715,4.20,1.00
2017.11.22 03:55:14.176,1.27706,1.27716,1.95,1.12
2017.11.22 03:55:15.267,1.27705,1.27715,1.20,1.00
2017.11.22 03:55:21.709,1.27705,1.27715,1.45,1.00
2017.11.22 03:55:23.275,1.27705,1.27716,1.45,1.00
2017.11.22 03:55:33.694,1.27705,1.27715,1.45,1.00
2017.11.22 03:55:34.341,1.27704,1.27715,1.95,1.50
2017.11.22 03:55:41.139,1.27704,1.27715,1.95,1.19
2017.11.22 03:55:41.701,1.27704,1.27715,1.95,1.00
2017.11.22 03:55:52.585,1.27704,1.27714,1.95,1.00
2017.11.22 03:55:56.794,1.27703,1.27714,1.45,1.19
2017.11.22 03:55:58.332,1.27703,1.27714,1.45,1.25
2017.11.22 03:55:59.355,1.27702,1.27714,3.07,2.06
2017.11.22 03:56:00.348,1.27703,1.27715,1.45,2.25
2017.11.22 03:56:22.161,1.27703,1.27714,1.45,1.25
2017.11.22 03:56:24.691,1.27703,1.27715,1.45,2.81
2017.11.22 03:56:47.028,1.27703,1.27714,1.45,1.12
2017.11.22 03:56:47.663,1.27703,1.27713,1.95,1.00
2017.11.22 03:56:48.956,1.27703,1.27714,1.45,1.00
2017.11.22 03:56:50.752,1.27703,1.27713,1.45,1.50
2017.11.22 03:56:51.292,1.27703,1.27713,1.95,1.50
2017.11.22 03:56:52.386,1.27703,1.27714,1.45,1.00
2017.11.22 03:56:54.034,1.27704,1.27714,1.45,1.00
2017.11.22 03:57:04.265,1.27704,1.27714,1.20,1.00
2017.11.22 03:57:19.246,1.27704,1.27714,1.45,1.00
2017.11.22 03:57:19.811,1.27704,1.27714,1.20,1.00
2017.11.22 03:57:21.360,1.27704,1.27713,1.20,1.00
2017.11.22 03:57:21.940,1.27704,1.27714,1.20,1.00
2017.11.22 03:57:22.473,1.27703,1.27713,1.95,1.00
2017.11.22 03:57:23.681,1.27703,1.27715,2.70,1.50
2017.11.22 03:57:35.111,1.27703,1.27715,1.95,1.69
2017.11.22 03:57:39.893,1.27703,1.27714,1.95,2.25
2017.11.22 03:57:40.608,1.27703,1.27714,1.45,1.50
2017.11.22 03:57:41.388,1.27703,1.27713,1.20,1.12
2017.11.22 03:57:46.880,1.27703,1.27713,1.95,1.00
2017.11.22 03:57:52.305,1.27704,1.27714,1.45,1.00
2017.11.22 03:58:08.456,1.27704,1.27716,1.95,1.50
2017.11.22 03:58:10.356,1.27704,1.27714,3.45,1.00
2017.11.22 03:58:10.990,1.27704,1.27714,1.45,1.00
2017.11.22 03:58:15.362,1.27704,1.27714,1.20,1.00
2017.11.22 03:58:23.306,1.27703,1.27715,1.95,1.50
2017.11.22 03:58:23.842,1.27705,1.27715,2.70,1.00
2017.11.22 03:58:24.154,1.27708,1.27717,1.10,1.00
2017.11.22 03:58:30.018,1.27707,1.27719,1.95,3.37
2017.11.22 03:58:30.446,1.2771,1.27719,1.10,1.50
2017.11.22 03:58:30.548,1.27708,1.27719,2.32,1.00
2017.11.22 03:58:30.932,1.2771,1.27719,1.10,1.00
2017.11.22 03:58:35.658,1.27709,1.27718,1.45,1.12
2017.11.22 03:58:35.761,1.27707,1.27717,1.45,1.12
2017.11.22 03:58:38.917,1.27707,1.27717,1.20,1.12
2017.11.22 03:58:40.018,1.27707,1.27717,1.10,1.12
2017.11.22 03:58:57.237,1.27707,1.27719,1.57,2.32
2017.11.22 03:58:59.420,1.27707,1.27717,1.57,1.00
2017.11.22 03:58:59.944,1.27707,1.27719,1.57,2.70
2017.11.22 03:59:00.605,1.27708,1.27719,1.10,2.25
2017.11.22 03:59:02.304,1.27709,1.27719,1.95,2.25
2017.11.22 03:59:02.873,1.27709,1.27719,1.10,1.50
2017.11.22 03:59:05.682,1.27708,1.27718,1.10,1.00
2017.11.22 03:59:14.232,1.27708,1.27718,1.20,1.00
2017.11.22 03:59:14.807,1.27708,1.27718,1.10,1.00
2017.11.22 03:59:21.054,1.27706,1.27718,1.45,1.50
2017.11.22 03:59:21.389,1.27707,1.27719,1.45,1.00
2017.11.22 03:59:34.334,1.27707,1.27718,1.20,1.87
2017.11.22 03:59:34.640,1.27704,1.27715,1.95,1.00
2017.11.22 03:59:39.889,1.27704,1.27715,1.95,1.00
2017.11.22 03:59:41.357,1.27704,1.27716,1.95,3.00
2017.11.22 03:59:49.248,1.27704,1.27715,1.95,1.00
2017.11.22 03:59:49.780,1.27704,1.27716,1.95,3.00
2017.11.22 03:59:51.757,1.27704,1.27715,1.95,1.00
2017.11.22 03:59:59.825,1.27704,1.27715,1.45,1.69
