2016.05.03 06:00:00.206,1.25135,1.25146,1.10,1.95
2016.05.03 06:00:00.308,1.25133,1.25144,1.00,1.07
2016.05.03 06:00:00.359,1.25132,1.25141,1.00,1.00
2016.05.03 06:00:00.564,1.25129,1.2514,1.07,1.12
2016.05.03 06:00:01.115,1.25131,1.25143,1.10,1.20
2016.05.03 06:00:01.217,1.25131,1.25141,1.10,1.12
2016.05.03 06:00:01.624,1.25139,1.25144,1.00,1.57
2016.05.03 06:00:01.778,1.25135,1.25145,1.07,1.12
2016.05.03 06:00:01.880,1.25135,1.25147,1.00,1.20
2016.05.03 06:00:02.323,1.25132,1.25144,1.57,1.50
2016.05.03 06:00:02.426,1.25132,1.25143,1.00,1.45
2016.05.03 06:00:02.732,1.25132,1.25142,1.00,1.20
2016.05.03 06:00:04.843,1.25132,1.25141,1.00,1.20
2016.05.03 06:00:04.901,1.25132,1.25141,1.00,1.10
2016.05.03 06:00:05.433,1.25129,1.25141,1.87,1.10
2016.05.03 06:00:06.031,1.25129,1.25141,1.57,1.10
2016.05.03 06:00:06.539,1.25129,1.2514,1.10,1.00
2016.05.03 06:00:07.035,1.25127,1.25141,1.50,1.20
2016.05.03 06:00:07.289,1.25124,1.25136,1.87,1.10
2016.05.03 06:00:07.341,1.25123,1.25136,1.37,2.89
2016.05.03 06:00:07.392,1.25122,1.25136,1.12,2.14
2016.05.03 06:00:07.596,1.25121,1.25135,1.10,1.20
2016.05.03 06:00:07.851,1.25121,1.2513,1.10,1.00
2016.05.03 06:00:09.144,1.25124,1.2513,1.00,1.00
2016.05.03 06:00:09.247,1.25124,1.25132,1.00,1.10
2016.05.03 06:00:09.553,1.25121,1.25132,1.00,1.10
2016.05.03 06:00:09.910,1.25122,1.25136,1.20,1.82
2016.05.03 06:00:10.255,1.25124,1.25136,1.87,1.00
2016.05.03 06:00:10.764,1.25124,1.25137,1.87,1.20
2016.05.03 06:00:12.113,1.25125,1.25137,1.87,1.50
2016.05.03 06:00:14.080,1.25129,1.25137,1.00,1.50
2016.05.03 06:00:16.265,1.25128,1.25138,1.07,1.50
2016.05.03 06:00:17.370,1.25128,1.25139,1.07,1.12
2016.05.03 06:00:17.473,1.25128,1.2514,1.07,1.50
2016.05.03 06:00:18.050,1.25128,1.25141,1.01,1.20
2016.05.03 06:00:18.152,1.25127,1.25141,2.81,1.50
2016.05.03 06:00:18.661,1.25128,1.25141,1.12,1.85
2016.05.03 06:00:20.332,1.25128,1.25141,1.12,1.82
2016.05.03 06:00:23.334,1.25127,1.25138,1.12,1.00
2016.05.03 06:00:27.854,1.25127,1.25137,1.12,1.00
2016.05.03 06:00:28.364,1.25127,1.25139,1.37,1.50
2016.05.03 06:00:28.599,1.2513,1.25139,1.37,1.00
2016.05.03 06:00:29.112,1.25128,1.2514,1.50,1.50
2016.05.03 06:00:36.326,1.25129,1.2514,1.37,1.00
2016.05.03 06:00:36.835,1.25131,1.2514,1.12,1.00
2016.05.03 06:00:36.988,1.25128,1.2514,1.87,1.00
2016.05.03 06:00:37.544,1.25128,1.25141,1.87,1.12
2016.05.03 06:00:38.168,1.25128,1.25141,3.00,1.12
2016.05.03 06:00:38.701,1.25129,1.25141,1.12,1.12
2016.05.03 06:00:44.775,1.25129,1.25142,1.75,1.37
2016.05.03 06:00:44.877,1.25136,1.25142,1.19,1.00
2016.05.03 06:00:45.107,1.2514,1.25151,1.12,1.00
2016.05.03 06:00:45.217,1.25141,1.25152,1.12,1.00
2016.05.03 06:00:45.422,1.2514,1.25152,1.07,1.50
2016.05.03 06:00:45.932,1.25142,1.25152,1.00,1.00
2016.05.03 06:00:46.977,1.25141,1.25152,1.12,1.00
2016.05.03 06:00:48.036,1.25141,1.25152,1.12,1.00
2016.05.03 06:00:50.822,1.25142,1.25152,1.07,1.00
2016.05.03 06:00:52.631,1.25142,1.25153,1.07,1.00
2016.05.03 06:00:55.738,1.25141,1.2515,1.12,1.00
2016.05.03 06:00:55.881,1.25137,1.25149,1.95,1.10
2016.05.03 06:00:55.933,1.25136,1.25147,1.82,1.00
2016.05.03 06:00:56.136,1.25132,1.25144,2.62,1.50
2016.05.03 06:00:56.188,1.25132,1.25141,1.87,1.00
2016.05.03 06:00:56.240,1.2513,1.2514,1.12,1.00
2016.05.03 06:00:56.344,1.25129,1.2514,1.12,1.00
2016.05.03 06:00:57.043,1.25127,1.2514,1.75,1.37
2016.05.03 06:00:57.249,1.25129,1.25141,1.12,1.20
2016.05.03 06:00:57.555,1.25131,1.2514,1.37,1.00
2016.05.03 06:00:57.657,1.25133,1.25142,1.07,1.00
2016.05.03 06:00:58.303,1.25133,1.25142,1.10,1.00
2016.05.03 06:00:59.116,1.25136,1.25145,1.25,1.85
2016.05.03 06:00:59.405,1.25141,1.25149,1.10,1.00
2016.05.03 06:00:59.456,1.25141,1.25152,1.10,1.07
2016.05.03 06:00:59.507,1.25141,1.25149,1.10,1.00
2016.05.03 06:00:59.762,1.25133,1.25144,1.12,1.00
2016.05.03 06:01:00.118,1.25131,1.25142,1.12,1.00
2016.05.03 06:01:01.077,1.25131,1.25142,1.12,1.00
2016.05.03 06:01:01.764,1.25131,1.25141,1.12,1.00
2016.05.03 06:01:02.727,1.25131,1.25142,1.12,1.00
2016.05.03 06:01:02.779,1.25135,1.25143,1.00,1.00
2016.05.03 06:01:03.121,1.2514,1.25151,1.12,1.00
2016.05.03 06:01:03.526,1.25141,1.25149,1.12,1.00
2016.05.03 06:01:03.578,1.2514,1.25149,1.10,1.00
2016.05.03 06:01:03.629,1.2514,1.25147,1.10,1.00
2016.05.03 06:01:03.782,1.25136,1.25144,1.10,1.00
2016.05.03 06:01:04.007,1.25132,1.25144,1.12,1.10
2016.05.03 06:01:04.058,1.25132,1.25142,1.12,1.00
2016.05.03 06:01:04.567,1.2513,1.25142,1.37,1.50
2016.05.03 06:01:04.882,1.25129,1.2514,1.75,1.00
2016.05.03 06:01:05.319,1.25128,1.2514,1.87,1.00
2016.05.03 06:01:09.747,1.25129,1.2514,1.12,1.12
2016.05.03 06:01:10.257,1.25129,1.25139,1.12,1.00
2016.05.03 06:01:10.589,1.25129,1.25139,1.50,1.00
2016.05.03 06:01:10.742,1.25131,1.25142,1.12,1.00
2016.05.03 06:01:11.251,1.25128,1.2514,1.75,1.00
2016.05.03 06:01:13.182,1.25129,1.25139,1.12,1.00
2016.05.03 06:01:14.207,1.25131,1.25144,1.50,1.70
2016.05.03 06:01:14.365,1.25136,1.25142,1.00,1.00
2016.05.03 06:01:14.467,1.25132,1.25142,1.12,1.00
2016.05.03 06:01:14.620,1.2513,1.2514,1.12,1.00
2016.05.03 06:01:14.774,1.25131,1.2514,1.07,1.00
2016.05.03 06:01:14.927,1.25131,1.25143,1.57,1.00
2016.05.03 06:01:14.979,1.25132,1.25141,1.10,1.00
2016.05.03 06:01:15.518,1.25131,1.25141,1.12,1.00
2016.05.03 06:01:16.064,1.25132,1.2514,1.10,1.00
2016.05.03 06:01:16.600,1.25131,1.2514,1.12,1.00
2016.05.03 06:01:19.672,1.25131,1.25145,1.87,1.87
2016.05.03 06:01:19.774,1.25133,1.25145,1.20,1.07
2016.05.03 06:01:20.283,1.25131,1.25144,1.95,1.00
2016.05.03 06:01:21.784,1.25131,1.25142,1.95,1.00
2016.05.03 06:01:22.038,1.25131,1.25139,1.00,1.00
2016.05.03 06:01:25.887,1.2513,1.25141,1.57,1.25
2016.05.03 06:01:25.990,1.2513,1.25142,1.20,1.25
2016.05.03 06:01:26.093,1.25132,1.25142,1.00,1.25
2016.05.03 06:01:26.630,1.25128,1.25141,1.12,1.25
2016.05.03 06:01:27.142,1.25128,1.2514,1.12,1.00
2016.05.03 06:01:27.244,1.25129,1.2514,1.12,1.00
2016.05.03 06:01:31.756,1.25129,1.25137,1.12,1.00
2016.05.03 06:01:32.446,1.25128,1.25139,1.12,1.12
2016.05.03 06:01:35.710,1.25127,1.25139,1.37,1.12
2016.05.03 06:01:36.320,1.25127,1.25137,1.37,1.00
2016.05.03 06:01:37.671,1.25128,1.25137,1.12,1.00
2016.05.03 06:01:43.536,1.25128,1.25137,1.75,1.00
2016.05.03 06:01:47.352,1.25127,1.25138,4.12,1.00
2016.05.03 06:01:49.555,1.25127,1.25138,4.12,1.50
2016.05.03 06:01:51.415,1.25126,1.25138,1.75,1.50
2016.05.03 06:01:53.315,1.25126,1.25136,1.75,1.00
2016.05.03 06:01:55.068,1.25128,1.25136,1.12,1.00
2016.05.03 06:01:56.370,1.25129,1.25139,1.12,1.00
2016.05.03 06:02:01.388,1.25128,1.25139,1.37,1.50
2016.05.03 06:02:01.440,1.25129,1.25139,3.75,1.50
2016.05.03 06:02:01.878,1.25128,1.25139,1.12,1.12
2016.05.03 06:02:01.929,1.25128,1.25137,1.12,1.00
2016.05.03 06:02:01.981,1.25128,1.25137,1.12,1.00
2016.05.03 06:02:05.407,1.25128,1.25137,1.12,1.00
2016.05.03 06:02:05.910,1.25127,1.25137,1.12,1.00
2016.05.03 06:02:07.397,1.25128,1.25134,1.12,1.00
2016.05.03 06:02:07.448,1.25128,1.25136,1.12,1.00
2016.05.03 06:02:07.500,1.25124,1.25136,1.12,1.12
2016.05.03 06:02:07.601,1.25125,1.25136,1.12,1.12
2016.05.03 06:02:09.713,1.25124,1.25136,1.75,1.12
2016.05.03 06:02:12.555,1.25124,1.25134,1.75,1.00
2016.05.03 06:02:12.707,1.25118,1.25129,1.95,1.00
2016.05.03 06:02:12.910,1.25116,1.25128,1.57,1.10
2016.05.03 06:02:12.962,1.25118,1.25129,1.12,1.69
2016.05.03 06:02:19.248,1.25118,1.25129,1.37,2.06
2016.05.03 06:02:19.755,1.25118,1.25129,1.00,1.69
2016.05.03 06:02:20.780,1.2512,1.25129,1.00,1.69
2016.05.03 06:02:21.092,1.25122,1.2513,1.00,1.10
2016.05.03 06:02:21.395,1.25127,1.25139,1.50,1.69
2016.05.03 06:02:21.903,1.25129,1.25139,1.12,1.00
2016.05.03 06:02:22.208,1.25127,1.25137,1.12,1.00
2016.05.03 06:02:22.744,1.25127,1.25137,1.12,1.00
2016.05.03 06:02:25.296,1.25127,1.25137,1.12,1.69
2016.05.03 06:02:30.161,1.25127,1.25136,1.12,1.19
2016.05.03 06:02:31.040,1.25126,1.25137,1.12,1.69
2016.05.03 06:02:32.120,1.25126,1.25137,1.12,1.00
2016.05.03 06:02:32.888,1.25126,1.25137,1.12,1.69
2016.05.03 06:02:35.219,1.25127,1.25137,1.12,1.69
2016.05.03 06:02:41.792,1.25127,1.25135,1.00,1.25
2016.05.03 06:02:41.944,1.25125,1.25135,1.10,1.01
2016.05.03 06:02:43.327,1.25127,1.25135,1.00,1.00
2016.05.03 06:02:43.531,1.2512,1.25131,1.57,1.00
2016.05.03 06:02:43.785,1.25121,1.2513,1.00,1.50
2016.05.03 06:02:43.888,1.25118,1.2513,1.12,1.50
2016.05.03 06:02:44.428,1.25117,1.25129,1.50,1.31
2016.05.03 06:02:44.971,1.25117,1.25129,1.87,1.01
2016.05.03 06:02:45.712,1.25117,1.25127,1.75,1.19
2016.05.03 06:02:46.050,1.25117,1.25127,1.87,1.19
2016.05.03 06:02:47.207,1.25116,1.25127,1.37,1.69
2016.05.03 06:02:47.846,1.25116,1.25127,1.87,1.19
2016.05.03 06:02:48.508,1.25116,1.25129,1.87,1.69
2016.05.03 06:02:48.661,1.25116,1.25129,1.87,2.06
2016.05.03 06:02:48.763,1.25116,1.25129,1.87,1.69
2016.05.03 06:02:49.442,1.25116,1.25128,2.62,1.69
2016.05.03 06:02:49.545,1.25117,1.25128,1.37,1.31
2016.05.03 06:02:49.699,1.25115,1.25124,1.75,1.25
2016.05.03 06:02:49.751,1.25113,1.25123,1.57,1.10
2016.05.03 06:02:49.803,1.25113,1.25121,1.57,1.19
2016.05.03 06:02:50.129,1.25111,1.2512,1.00,1.12
2016.05.03 06:02:50.438,1.25109,1.2512,1.50,1.19
2016.05.03 06:02:50.489,1.25111,1.25122,1.12,1.01
2016.05.03 06:02:50.997,1.25111,1.25122,1.12,1.00
2016.05.03 06:02:51.504,1.25111,1.25122,1.12,1.25
2016.05.03 06:02:52.069,1.2511,1.25122,1.12,1.31
2016.05.03 06:02:52.482,1.25111,1.2512,1.10,1.00
2016.05.03 06:02:52.990,1.2511,1.2512,1.12,1.00
2016.05.03 06:02:54.109,1.2511,1.25119,1.12,1.00
2016.05.03 06:02:54.616,1.25111,1.25121,1.87,1.69
2016.05.03 06:02:55.124,1.2511,1.25121,1.87,1.69
2016.05.03 06:02:55.329,1.2511,1.25121,1.87,1.00
2016.05.03 06:02:56.075,1.25111,1.25124,1.12,2.29
2016.05.03 06:02:59.347,1.25109,1.25123,1.75,1.31
2016.05.03 06:02:59.871,1.25111,1.25124,1.12,2.06
2016.05.03 06:03:00.177,1.25112,1.25126,1.50,2.00
2016.05.03 06:03:01.895,1.25114,1.25126,1.10,1.10
2016.05.03 06:03:02.042,1.25114,1.25126,1.87,1.00
2016.05.03 06:03:02.448,1.25118,1.25126,1.00,1.10
2016.05.03 06:03:02.956,1.25118,1.25127,1.00,1.31
2016.05.03 06:03:04.150,1.25119,1.25125,1.00,1.12
2016.05.03 06:03:04.356,1.25117,1.25125,1.00,1.12
2016.05.03 06:03:04.559,1.25115,1.25127,2.62,1.12
2016.05.03 06:03:04.742,1.25114,1.25123,2.00,1.00
2016.05.03 06:03:04.845,1.25112,1.25123,1.12,1.12
2016.05.03 06:03:05.353,1.25111,1.25119,1.12,1.00
2016.05.03 06:03:05.455,1.2511,1.25118,1.00,1.12
2016.05.03 06:03:05.506,1.25106,1.25118,1.12,1.12
2016.05.03 06:03:05.557,1.25104,1.25118,1.75,1.57
2016.05.03 06:03:05.800,1.25105,1.25118,1.12,1.12
2016.05.03 06:03:06.004,1.25108,1.25118,1.12,1.00
2016.05.03 06:03:06.309,1.25108,1.25116,1.12,1.00
2016.05.03 06:03:06.563,1.25099,1.25112,1.75,1.12
2016.05.03 06:03:06.615,1.25099,1.25109,1.75,1.00
2016.05.03 06:03:07.150,1.25098,1.25109,1.50,1.00
2016.05.03 06:03:07.303,1.25103,1.25111,1.10,1.00
2016.05.03 06:03:07.405,1.25103,1.25114,1.10,1.19
2016.05.03 06:03:07.912,1.25102,1.25115,1.12,1.87
2016.05.03 06:03:09.320,1.25101,1.25109,1.12,1.00
2016.05.03 06:03:09.523,1.25096,1.25108,4.12,1.12
2016.05.03 06:03:09.727,1.25096,1.25109,1.87,1.87
2016.05.03 06:03:09.895,1.25099,1.25111,1.12,1.87
2016.05.03 06:03:13.613,1.25097,1.2511,1.12,1.50
2016.05.03 06:03:13.968,1.25096,1.25107,1.12,1.00
2016.05.03 06:03:15.025,1.25096,1.25109,1.12,1.20
2016.05.03 06:03:15.127,1.25095,1.25109,1.75,1.47
2016.05.03 06:03:15.483,1.25096,1.25109,1.75,1.12
2016.05.03 06:03:16.024,1.25096,1.25109,1.12,1.12
2016.05.03 06:03:17.462,1.25097,1.25109,1.37,1.12
2016.05.03 06:03:17.666,1.25096,1.25109,1.12,1.12
2016.05.03 06:03:17.819,1.25095,1.25109,1.75,1.37
2016.05.03 06:03:18.327,1.25095,1.25109,1.75,1.50
2016.05.03 06:03:18.963,1.25095,1.25109,1.75,1.12
2016.05.03 06:03:19.777,1.25096,1.25109,1.37,1.50
2016.05.03 06:03:21.252,1.25096,1.25109,1.75,1.50
2016.05.03 06:03:21.354,1.25096,1.25109,1.75,1.50
2016.05.03 06:03:21.405,1.25098,1.25109,1.50,1.00
2016.05.03 06:03:21.572,1.25099,1.25111,1.12,1.00
2016.05.03 06:03:23.781,1.25099,1.25111,1.37,1.37
2016.05.03 06:03:23.883,1.25098,1.25111,1.75,1.57
2016.05.03 06:03:24.940,1.25103,1.25114,1.00,1.97
2016.05.03 06:03:25.194,1.25104,1.25117,1.12,1.57
2016.05.03 06:03:25.528,1.25107,1.25119,1.12,1.69
2016.05.03 06:03:26.036,1.25105,1.25117,1.37,1.57
2016.05.03 06:03:26.087,1.25104,1.25116,1.12,2.06
2016.05.03 06:03:26.138,1.25103,1.25114,1.12,1.20
2016.05.03 06:03:26.189,1.251,1.25114,1.75,1.57
2016.05.03 06:03:26.241,1.251,1.25111,1.37,1.00
2016.05.03 06:03:26.292,1.25099,1.25111,1.12,1.37
2016.05.03 06:03:26.395,1.25098,1.25111,2.62,1.69
2016.05.03 06:03:26.914,1.25098,1.25111,1.87,1.12
2016.05.03 06:03:27.471,1.25098,1.25109,1.12,1.00
2016.05.03 06:03:28.016,1.25097,1.25109,1.75,1.50
2016.05.03 06:03:29.021,1.25097,1.25109,1.12,1.50
2016.05.03 06:03:32.540,1.25097,1.25111,1.12,1.69
2016.05.03 06:03:33.944,1.25097,1.25111,1.12,2.81
2016.05.03 06:03:34.451,1.25097,1.2511,1.12,1.56
2016.05.03 06:03:34.756,1.25097,1.2511,1.50,1.56
2016.05.03 06:03:35.666,1.25099,1.25111,1.00,2.06
2016.05.03 06:03:36.643,1.25097,1.25111,1.50,1.69
2016.05.03 06:03:36.744,1.25097,1.25111,1.12,1.69
2016.05.03 06:03:37.255,1.25097,1.25111,1.12,1.62
2016.05.03 06:03:38.536,1.25097,1.25108,1.12,1.01
2016.05.03 06:03:38.639,1.25095,1.25107,1.57,1.10
2016.05.03 06:03:39.159,1.25095,1.25107,1.50,1.12
2016.05.03 06:03:43.076,1.25095,1.25108,1.50,1.50
2016.05.03 06:03:43.380,1.25095,1.25108,1.75,1.31
2016.05.03 06:03:44.021,1.25096,1.25109,1.85,1.31
2016.05.03 06:03:44.325,1.25096,1.25109,1.47,2.06
2016.05.03 06:03:45.382,1.25094,1.25107,1.87,1.76
2016.05.03 06:03:45.923,1.25095,1.25107,1.12,2.06
2016.05.03 06:03:52.191,1.25094,1.25107,1.57,2.44
2016.05.03 06:03:52.710,1.25094,1.25107,1.85,2.06
2016.05.03 06:03:59.001,1.25095,1.25106,1.12,1.00
2016.05.03 06:04:00.462,1.25095,1.25109,1.12,2.06
2016.05.03 06:04:01.783,1.25096,1.25109,1.12,1.39
2016.05.03 06:04:03.584,1.25097,1.25111,1.85,2.44
2016.05.03 06:04:04.623,1.25097,1.25111,1.87,2.44
2016.05.03 06:04:05.127,1.25097,1.25111,1.87,1.69
2016.05.03 06:04:06.738,1.25097,1.25111,1.12,1.69
2016.05.03 06:04:07.096,1.25096,1.25109,1.12,1.76
2016.05.03 06:04:07.628,1.25094,1.25107,1.12,1.12
2016.05.03 06:04:07.935,1.25094,1.25104,1.12,1.00
2016.05.03 06:04:12.360,1.25093,1.25104,1.12,1.31
2016.05.03 06:04:13.005,1.25093,1.25103,1.12,1.00
2016.05.03 06:04:16.978,1.25091,1.25105,1.75,1.50
2016.05.03 06:04:18.208,1.25092,1.25105,1.75,1.50
2016.05.03 06:04:18.311,1.25092,1.25105,1.87,1.12
2016.05.03 06:04:18.412,1.25092,1.25105,1.75,1.50
2016.05.03 06:04:18.514,1.25092,1.25105,1.87,1.12
2016.05.03 06:04:18.920,1.25092,1.25105,1.87,1.75
2016.05.03 06:04:19.235,1.25092,1.25105,1.12,1.31
2016.05.03 06:04:19.827,1.25092,1.25104,1.37,1.00
2016.05.03 06:04:21.592,1.25094,1.25105,1.75,1.37
2016.05.03 06:04:21.693,1.25095,1.25105,1.12,1.00
2016.05.03 06:04:22.248,1.25093,1.25103,1.37,1.00
2016.05.03 06:04:25.102,1.25093,1.25103,1.37,1.00
2016.05.03 06:04:25.738,1.25093,1.25103,1.37,1.00
2016.05.03 06:04:26.365,1.25093,1.25103,1.75,1.00
2016.05.03 06:04:26.620,1.25094,1.25103,1.12,1.00
2016.05.03 06:04:26.874,1.25094,1.25103,1.12,1.00
2016.05.03 06:04:27.406,1.25094,1.25103,1.12,1.00
2016.05.03 06:04:27.659,1.25094,1.25105,1.12,1.12
2016.05.03 06:04:28.714,1.25094,1.25105,1.12,1.12
2016.05.03 06:04:29.224,1.25093,1.25105,1.12,1.00
2016.05.03 06:04:33.568,1.25092,1.25103,1.75,1.00
2016.05.03 06:04:33.771,1.25091,1.25103,1.12,1.12
2016.05.03 06:04:34.316,1.25092,1.25103,1.75,1.00
2016.05.03 06:04:35.762,1.25093,1.25103,1.12,1.00
2016.05.03 06:04:36.270,1.25094,1.25103,1.12,1.00
2016.05.03 06:04:37.418,1.25094,1.25103,1.12,1.00
2016.05.03 06:04:37.923,1.25091,1.25099,1.75,1.00
2016.05.03 06:04:37.987,1.25088,1.25098,1.20,1.00
2016.05.03 06:04:38.038,1.25089,1.25093,1.00,1.00
2016.05.03 06:04:38.089,1.25086,1.25094,1.12,1.00
2016.05.03 06:04:38.191,1.25082,1.2509,1.12,1.00
2016.05.03 06:04:38.293,1.2508,1.2509,1.50,1.12
2016.05.03 06:04:39.235,1.2508,1.25093,1.12,1.50
2016.05.03 06:04:39.286,1.25081,1.25093,1.37,1.50
2016.05.03 06:04:42.556,1.25081,1.25092,1.12,1.00
2016.05.03 06:04:42.883,1.25081,1.25092,4.12,1.00
2016.05.03 06:04:46.395,1.25081,1.25092,1.12,1.12
2016.05.03 06:04:46.955,1.25081,1.25092,1.50,1.00
2016.05.03 06:04:47.571,1.25081,1.25094,1.75,1.37
2016.05.03 06:04:48.125,1.25082,1.25094,1.12,1.69
2016.05.03 06:04:48.810,1.25081,1.25094,1.12,1.75
2016.05.03 06:04:49.723,1.25081,1.25094,1.12,1.75
2016.05.03 06:04:49.979,1.25081,1.25094,1.12,1.12
2016.05.03 06:04:50.101,1.25081,1.25094,1.12,1.94
2016.05.03 06:04:50.649,1.25082,1.25094,1.12,1.50
2016.05.03 06:04:50.955,1.25082,1.25095,1.87,1.37
2016.05.03 06:04:51.465,1.25084,1.25095,1.12,1.00
2016.05.03 06:04:52.774,1.25082,1.25095,1.87,1.37
2016.05.03 06:04:53.316,1.25083,1.25095,1.12,1.12
2016.05.03 06:04:54.356,1.25085,1.25097,1.12,1.39
2016.05.03 06:04:54.668,1.25083,1.25094,1.12,1.00
2016.05.03 06:04:54.991,1.2508,1.2509,1.10,1.10
2016.05.03 06:04:55.537,1.25079,1.2509,1.12,1.00
2016.05.03 06:04:56.085,1.25079,1.25091,1.12,1.25
2016.05.03 06:04:56.950,1.25079,1.25092,1.87,1.20
2016.05.03 06:04:57.546,1.25079,1.25092,2.25,1.12
2016.05.03 06:04:58.054,1.25081,1.25093,1.57,1.10
2016.05.03 06:04:58.655,1.25085,1.25093,1.00,1.10
2016.05.03 06:04:58.858,1.25083,1.25095,1.20,1.00
2016.05.03 06:04:58.961,1.25082,1.25095,1.50,1.00
2016.05.03 06:04:59.266,1.25079,1.25091,1.12,1.12
2016.05.03 06:04:59.774,1.25081,1.25093,1.10,1.87
2016.05.03 06:05:00.290,1.25079,1.25092,1.50,1.57
2016.05.03 06:05:00.341,1.2508,1.25092,1.10,1.57
2016.05.03 06:05:00.443,1.25079,1.25092,1.50,1.57
2016.05.03 06:05:00.850,1.25079,1.25092,1.87,1.20
2016.05.03 06:05:01.520,1.25079,1.25091,1.87,1.19
2016.05.03 06:05:01.827,1.25077,1.2509,1.85,2.06
2016.05.03 06:05:01.879,1.25078,1.2509,1.00,2.06
2016.05.03 06:05:02.391,1.25077,1.2509,1.50,1.50
2016.05.03 06:05:03.053,1.25077,1.2509,1.75,1.50
2016.05.03 06:05:03.927,1.25077,1.2509,1.85,1.50
2016.05.03 06:05:05.690,1.25077,1.2509,1.87,1.95
2016.05.03 06:05:06.097,1.25077,1.2509,1.87,2.25
2016.05.03 06:05:07.744,1.2508,1.25091,1.00,1.01
2016.05.03 06:05:08.281,1.25079,1.25093,1.12,1.12
2016.05.03 06:05:08.332,1.25079,1.25093,1.12,1.12
2016.05.03 06:05:12.715,1.2508,1.25091,1.12,1.00
2016.05.03 06:05:12.919,1.25077,1.25091,1.12,1.12
2016.05.03 06:05:14.086,1.25077,1.25091,1.12,1.50
2016.05.03 06:05:15.046,1.25077,1.25087,1.12,1.00
2016.05.03 06:05:15.301,1.25068,1.25079,1.12,1.31
2016.05.03 06:05:15.353,1.25068,1.25079,1.12,1.69
2016.05.03 06:05:15.810,1.25064,1.25078,1.57,1.31
2016.05.03 06:05:16.350,1.25066,1.25077,1.00,1.10
2016.05.03 06:05:17.315,1.25066,1.25077,1.00,1.29
2016.05.03 06:05:17.543,1.25066,1.25078,1.10,1.57
2016.05.03 06:05:17.595,1.25064,1.25078,1.12,1.57
2016.05.03 06:05:18.118,1.25065,1.25078,1.12,1.47
2016.05.03 06:05:18.658,1.25063,1.25078,2.25,1.75
2016.05.03 06:05:19.223,1.25063,1.25078,1.87,1.85
2016.05.03 06:05:19.859,1.25063,1.25078,1.87,2.25
2016.05.03 06:05:20.367,1.25065,1.25077,1.00,1.01
2016.05.03 06:05:21.401,1.25063,1.25078,1.87,1.50
2016.05.03 06:05:21.706,1.25065,1.25077,1.50,1.00
2016.05.03 06:05:22.258,1.25065,1.25078,1.12,1.20
2016.05.03 06:05:22.766,1.25065,1.25077,1.87,1.00
2016.05.03 06:05:23.612,1.25065,1.25076,1.12,1.00
2016.05.03 06:05:23.918,1.25055,1.25064,1.10,1.00
2016.05.03 06:05:24.020,1.25052,1.25064,1.12,1.00
2016.05.03 06:05:24.122,1.25055,1.25066,1.00,1.12
2016.05.03 06:05:24.326,1.25056,1.2507,2.06,1.35
2016.05.03 06:05:24.377,1.25056,1.25071,1.75,2.44
2016.05.03 06:05:24.479,1.25059,1.25071,1.00,2.06
2016.05.03 06:05:24.563,1.25059,1.25071,1.00,1.76
2016.05.03 06:05:25.071,1.25058,1.2507,1.50,1.00
2016.05.03 06:05:25.580,1.25058,1.25071,1.12,1.75
2016.05.03 06:05:26.236,1.25058,1.25071,1.20,1.12
2016.05.03 06:05:26.744,1.25058,1.25071,1.47,1.12
2016.05.03 06:05:27.281,1.25058,1.2507,1.12,1.31
2016.05.03 06:05:27.790,1.25058,1.25071,1.00,1.50
2016.05.03 06:05:28.249,1.25058,1.25071,1.12,1.31
2016.05.03 06:05:28.796,1.25058,1.25071,1.12,1.31
2016.05.03 06:05:29.050,1.25057,1.2507,1.20,1.39
2016.05.03 06:05:29.591,1.25058,1.25069,1.00,1.12
2016.05.03 06:05:31.007,1.25059,1.25071,1.00,1.94
2016.05.03 06:05:31.313,1.25059,1.25072,1.37,1.12
2016.05.03 06:05:31.770,1.25063,1.25073,1.00,2.00
2016.05.03 06:05:32.024,1.25065,1.25076,1.00,1.31
2016.05.03 06:05:32.304,1.25065,1.25076,1.37,1.00
2016.05.03 06:05:32.833,1.25066,1.25079,1.50,2.04
2016.05.03 06:05:33.382,1.25066,1.25078,1.12,1.31
2016.05.03 06:05:33.433,1.25066,1.25079,1.12,1.39
2016.05.03 06:05:33.484,1.25066,1.25079,1.37,1.39
2016.05.03 06:05:33.992,1.25066,1.25079,1.37,1.87
2016.05.03 06:05:34.582,1.25066,1.25077,1.37,1.00
2016.05.03 06:05:35.097,1.25066,1.25079,1.50,1.12
2016.05.03 06:05:35.606,1.25065,1.25078,1.75,1.76
2016.05.03 06:05:36.040,1.25065,1.25078,1.50,1.87
2016.05.03 06:05:36.143,1.25065,1.25078,1.50,1.76
2016.05.03 06:05:36.649,1.25065,1.25078,1.37,2.04
2016.05.03 06:05:37.239,1.25065,1.25078,1.50,1.76
2016.05.03 06:05:38.769,1.25065,1.25078,1.50,1.69
2016.05.03 06:05:39.329,1.25065,1.25078,1.87,1.31
2016.05.03 06:05:40.847,1.25065,1.25078,2.25,1.31
2016.05.03 06:05:41.000,1.25065,1.25078,1.87,2.14
2016.05.03 06:05:41.523,1.25065,1.25078,1.75,2.44
2016.05.03 06:05:42.032,1.25065,1.25078,1.50,2.06
2016.05.03 06:05:42.540,1.25066,1.25078,1.12,1.50
2016.05.03 06:05:43.059,1.25065,1.25078,1.87,1.85
2016.05.03 06:05:43.820,1.25065,1.25078,1.37,2.14
2016.05.03 06:05:44.344,1.25066,1.25078,1.12,1.76
2016.05.03 06:05:44.866,1.25066,1.25078,1.12,1.69
2016.05.03 06:05:45.373,1.25066,1.25078,1.12,2.44
2016.05.03 06:05:45.577,1.25066,1.25078,1.12,1.69
2016.05.03 06:05:46.138,1.25066,1.25079,1.12,1.94
2016.05.03 06:05:46.647,1.25066,1.25079,1.12,2.04
2016.05.03 06:05:47.228,1.25066,1.25079,1.12,1.94
2016.05.03 06:05:47.735,1.25065,1.25077,1.12,1.31
2016.05.03 06:05:48.265,1.25065,1.25077,1.12,1.31
2016.05.03 06:05:48.983,1.25065,1.25077,1.37,1.31
2016.05.03 06:05:49.474,1.25065,1.25077,1.12,1.25
2016.05.03 06:05:49.779,1.25065,1.25077,1.50,1.25
2016.05.03 06:05:49.883,1.25066,1.25078,1.12,1.69
2016.05.03 06:05:50.088,1.25073,1.25078,1.00,1.00
2016.05.03 06:05:50.139,1.25068,1.25081,2.00,2.00
2016.05.03 06:05:50.242,1.25069,1.25082,1.12,2.06
2016.05.03 06:05:50.769,1.25066,1.25079,2.25,1.12
2016.05.03 06:05:51.074,1.25066,1.25079,1.87,1.12
2016.05.03 06:05:51.588,1.25066,1.25078,1.87,1.00
2016.05.03 06:05:52.315,1.25066,1.2508,1.87,2.14
2016.05.03 06:05:53.795,1.25066,1.25078,1.87,1.00
2016.05.03 06:05:54.049,1.25065,1.25078,1.50,2.06
2016.05.03 06:05:54.568,1.25065,1.25077,1.87,1.31
2016.05.03 06:05:55.890,1.25065,1.25078,1.57,1.76
2016.05.03 06:05:56.398,1.25064,1.25077,1.12,1.31
2016.05.03 06:05:56.739,1.25064,1.25076,1.50,1.25
2016.05.03 06:05:57.246,1.25064,1.25076,4.50,1.25
2016.05.03 06:05:57.757,1.25064,1.25076,1.50,1.25
2016.05.03 06:05:59.261,1.25066,1.25078,1.12,1.56
2016.05.03 06:05:59.668,1.25067,1.2508,1.50,2.51
2016.05.03 06:06:00.226,1.25067,1.2508,1.50,2.81
2016.05.03 06:06:00.327,1.25067,1.2508,1.87,3.56
2016.05.03 06:06:01.115,1.25067,1.25078,1.37,1.00
2016.05.03 06:06:02.427,1.25067,1.25079,1.87,1.10
2016.05.03 06:06:02.529,1.25067,1.25079,1.50,1.12
2016.05.03 06:06:03.025,1.25067,1.2508,1.50,2.81
2016.05.03 06:06:03.237,1.25067,1.25079,1.50,1.12
2016.05.03 06:06:03.744,1.25067,1.25079,1.12,1.12
2016.05.03 06:06:04.252,1.25067,1.25078,1.00,1.37
2016.05.03 06:06:04.565,1.25073,1.25077,1.00,1.00
2016.05.03 06:06:04.870,1.2507,1.25079,1.00,1.76
2016.05.03 06:06:04.972,1.25073,1.25079,1.00,1.01
2016.05.03 06:06:05.024,1.2507,1.25081,1.12,1.31
2016.05.03 06:06:05.126,1.25071,1.25084,1.12,2.25
2016.05.03 06:06:05.177,1.25073,1.25084,1.00,2.25
2016.05.03 06:06:05.481,1.2507,1.25083,1.50,1.22
2016.05.03 06:06:05.634,1.2507,1.25084,1.50,2.25
2016.05.03 06:06:05.736,1.2507,1.25083,1.37,1.12
2016.05.03 06:06:06.042,1.25069,1.2508,1.50,1.22
2016.05.03 06:06:06.499,1.25066,1.2508,1.85,1.12
2016.05.03 06:06:06.652,1.25066,1.25079,1.20,1.60
2016.05.03 06:06:07.277,1.25066,1.25079,1.12,2.00
2016.05.03 06:06:08.791,1.25063,1.25077,1.87,2.06
2016.05.03 06:06:08.944,1.25063,1.25073,1.00,1.12
2016.05.03 06:06:09.096,1.25058,1.25072,1.12,3.82
2016.05.03 06:06:09.147,1.25057,1.2507,1.20,1.69
2016.05.03 06:06:09.343,1.25057,1.25069,1.20,1.31
2016.05.03 06:06:09.909,1.25054,1.25065,1.87,1.00
2016.05.03 06:06:09.960,1.25054,1.25065,1.87,1.00
2016.05.03 06:06:10.468,1.25054,1.25065,1.57,1.31
2016.05.03 06:06:11.552,1.25057,1.25066,1.00,1.62
2016.05.03 06:06:11.756,1.25055,1.25067,1.50,1.31
2016.05.03 06:06:12.752,1.25055,1.25067,1.50,1.50
2016.05.03 06:06:12.956,1.25055,1.25066,1.00,1.12
2016.05.03 06:06:13.504,1.25053,1.25066,1.85,1.12
2016.05.03 06:06:14.609,1.25052,1.25063,1.87,1.00
2016.05.03 06:06:14.952,1.2505,1.25062,1.00,1.31
2016.05.03 06:06:16.168,1.2505,1.25063,1.47,2.06
2016.05.03 06:06:16.936,1.2505,1.25063,1.87,1.69
2016.05.03 06:06:19.968,1.25051,1.25062,1.37,1.50
2016.05.03 06:06:21.584,1.25051,1.25063,2.25,1.25
2016.05.03 06:06:21.888,1.25064,1.25075,1.37,1.25
2016.05.03 06:06:21.991,1.25062,1.25074,1.87,1.50
2016.05.03 06:06:22.245,1.25063,1.25074,1.12,1.12
2016.05.03 06:06:22.448,1.25063,1.25073,1.12,1.00
2016.05.03 06:06:22.790,1.2506,1.25073,1.75,1.37
2016.05.03 06:06:23.298,1.25061,1.25073,1.12,1.00
2016.05.03 06:06:23.552,1.25061,1.25075,1.50,2.06
2016.05.03 06:06:23.756,1.25064,1.25075,1.12,1.00
2016.05.03 06:06:24.278,1.25064,1.25075,1.12,1.00
2016.05.03 06:06:24.533,1.25064,1.25075,1.75,1.00
2016.05.03 06:06:24.634,1.25064,1.25075,1.12,1.19
2016.05.03 06:06:24.736,1.25065,1.25075,1.12,1.19
2016.05.03 06:06:24.889,1.25065,1.25075,1.10,1.19
2016.05.03 06:06:25.349,1.25062,1.25072,1.12,1.00
2016.05.03 06:06:25.502,1.2506,1.25072,1.12,1.00
2016.05.03 06:06:25.554,1.2506,1.25072,1.12,1.00
2016.05.03 06:06:26.097,1.2506,1.25074,1.50,1.50
2016.05.03 06:06:26.403,1.25064,1.25075,1.12,1.19
2016.05.03 06:06:26.608,1.25064,1.25075,1.12,1.00
2016.05.03 06:06:29.306,1.25064,1.25073,1.12,1.00
2016.05.03 06:06:29.509,1.25062,1.25071,1.00,1.10
2016.05.03 06:06:29.611,1.25059,1.25067,1.12,1.00
2016.05.03 06:06:29.714,1.25056,1.25067,1.12,1.00
2016.05.03 06:06:30.220,1.25056,1.25067,1.12,1.00
2016.05.03 06:06:30.729,1.25056,1.25067,1.12,1.00
2016.05.03 06:06:31.299,1.25056,1.25065,1.12,1.00
2016.05.03 06:06:31.453,1.25051,1.25064,2.62,2.06
2016.05.03 06:06:31.505,1.25051,1.25064,2.25,2.44
2016.05.03 06:06:31.893,1.25055,1.25064,1.12,1.00
2016.05.03 06:06:32.201,1.25052,1.25061,1.37,1.25
2016.05.03 06:06:32.253,1.2505,1.25061,1.12,1.25
2016.05.03 06:06:32.560,1.25053,1.25068,3.00,2.62
2016.05.03 06:06:32.611,1.25056,1.25068,1.50,1.12
2016.05.03 06:06:32.798,1.25058,1.2507,1.50,1.25
2016.05.03 06:06:33.002,1.25058,1.2507,1.12,1.31
2016.05.03 06:06:33.516,1.25058,1.2507,1.12,1.00
2016.05.03 06:06:33.840,1.25058,1.25067,1.12,1.00
2016.05.03 06:06:34.348,1.25057,1.25067,1.12,1.00
2016.05.03 06:06:34.652,1.25057,1.25065,1.12,1.00
2016.05.03 06:06:35.170,1.25055,1.25065,1.12,1.00
2016.05.03 06:06:36.584,1.25055,1.25064,1.12,1.00
2016.05.03 06:06:37.712,1.25056,1.25067,1.50,1.20
2016.05.03 06:06:37.867,1.25061,1.25067,1.00,1.00
2016.05.03 06:06:37.971,1.25063,1.25074,1.00,1.10
2016.05.03 06:06:38.022,1.25061,1.25073,2.25,1.00
2016.05.03 06:06:38.278,1.25062,1.25073,1.00,1.31
2016.05.03 06:06:38.786,1.25059,1.25071,1.12,1.00
2016.05.03 06:06:38.888,1.2506,1.25071,1.10,1.00
2016.05.03 06:06:39.092,1.25059,1.25071,1.50,1.00
2016.05.03 06:06:39.601,1.25059,1.25071,1.12,1.00
2016.05.03 06:06:40.143,1.25063,1.25074,1.00,1.87
2016.05.03 06:06:40.615,1.25063,1.25075,1.12,1.37
2016.05.03 06:06:40.717,1.25064,1.25077,1.50,1.69
2016.05.03 06:06:40.923,1.25066,1.25078,1.37,1.10
2016.05.03 06:06:41.230,1.25074,1.25083,1.00,1.12
2016.05.03 06:06:41.333,1.25074,1.25087,2.25,1.00
2016.05.03 06:06:41.435,1.25076,1.25089,1.87,1.00
2016.05.03 06:06:41.943,1.25076,1.25089,1.50,1.50
2016.05.03 06:06:42.449,1.25076,1.25089,1.50,1.87
2016.05.03 06:06:43.446,1.25074,1.25087,2.25,1.31
2016.05.03 06:06:43.702,1.25065,1.25078,1.87,1.20
2016.05.03 06:06:43.805,1.25064,1.25077,1.01,1.87
2016.05.03 06:06:44.141,1.25063,1.25075,1.00,1.37
2016.05.03 06:06:44.346,1.2506,1.25072,1.39,1.12
2016.05.03 06:06:44.449,1.25062,1.25074,1.37,1.12
2016.05.03 06:06:44.796,1.25061,1.25066,1.00,1.37
2016.05.03 06:06:44.847,1.25059,1.25064,1.12,1.00
2016.05.03 06:06:44.951,1.25054,1.25063,1.50,1.00
2016.05.03 06:06:45.003,1.25049,1.25062,1.85,1.87
2016.05.03 06:06:45.055,1.25049,1.25062,1.47,2.25
2016.05.03 06:06:45.599,1.25048,1.25061,1.57,1.87
2016.05.03 06:06:45.957,1.25048,1.25061,1.85,1.50
2016.05.03 06:06:46.180,1.25048,1.2506,3.00,1.56
2016.05.03 06:06:46.528,1.25048,1.25061,1.75,1.56
2016.05.03 06:06:46.732,1.25048,1.25061,1.75,1.12
2016.05.03 06:06:47.250,1.25051,1.25061,1.00,1.12
2016.05.03 06:06:47.759,1.25051,1.25061,1.00,1.10
2016.05.03 06:06:47.861,1.25048,1.25061,1.50,1.57
2016.05.03 06:06:48.145,1.25046,1.2506,1.87,1.12
2016.05.03 06:06:48.449,1.25047,1.25061,1.12,1.69
2016.05.03 06:06:48.983,1.25048,1.25061,1.12,1.12
2016.05.03 06:06:49.745,1.25048,1.25061,1.75,1.12
2016.05.03 06:06:49.937,1.25049,1.25062,1.20,1.57
2016.05.03 06:06:50.040,1.25051,1.25062,1.00,1.10
2016.05.03 06:06:50.704,1.25048,1.2506,1.87,1.00
2016.05.03 06:06:51.237,1.25047,1.25061,1.12,1.12
2016.05.03 06:06:51.744,1.25046,1.25061,1.20,1.12
2016.05.03 06:06:53.040,1.25045,1.25059,1.12,1.12
2016.05.03 06:06:53.588,1.25048,1.2506,1.50,1.12
2016.05.03 06:06:53.894,1.25048,1.25061,1.87,1.50
2016.05.03 06:06:54.375,1.25046,1.2506,1.12,2.44
2016.05.03 06:06:54.478,1.25045,1.25059,1.87,1.01
2016.05.03 06:06:54.987,1.25045,1.25059,1.57,1.12
2016.05.03 06:06:55.140,1.25045,1.2506,1.85,2.81
2016.05.03 06:06:55.243,1.25048,1.2506,1.10,1.69
2016.05.03 06:06:55.453,1.25048,1.25062,1.12,2.62
2016.05.03 06:06:55.961,1.25048,1.25061,1.12,1.12
2016.05.03 06:06:56.487,1.25045,1.2506,2.25,1.87
2016.05.03 06:06:58.982,1.25045,1.25059,1.87,1.12
2016.05.03 06:06:59.084,1.25043,1.25057,1.87,1.56
2016.05.03 06:06:59.284,1.25038,1.25052,1.12,1.57
2016.05.03 06:06:59.740,1.2504,1.25053,1.57,1.50
2016.05.03 06:07:00.248,1.2504,1.25052,1.50,1.01
2016.05.03 06:07:00.756,1.2504,1.25052,1.10,2.06
2016.05.03 06:07:01.163,1.25043,1.25051,1.00,1.10
2016.05.03 06:07:01.449,1.25046,1.25059,1.50,1.75
2016.05.03 06:07:01.962,1.25046,1.25058,1.12,1.20
2016.05.03 06:07:02.216,1.25046,1.25057,1.12,1.50
2016.05.03 06:07:02.371,1.25043,1.25057,1.12,2.81
2016.05.03 06:07:02.875,1.25042,1.25056,1.87,1.75
2016.05.03 06:07:03.182,1.25042,1.25052,1.12,1.00
2016.05.03 06:07:03.525,1.25034,1.25041,1.00,1.87
2016.05.03 06:07:03.576,1.2503,1.25038,1.00,1.00
2016.05.03 06:07:03.628,1.25027,1.25038,1.00,1.00
2016.05.03 06:07:03.730,1.25027,1.25035,1.00,1.00
2016.05.03 06:07:03.782,1.25024,1.25035,1.10,1.00
2016.05.03 06:07:04.037,1.25022,1.2503,1.87,1.00
2016.05.03 06:07:04.139,1.25024,1.25035,1.12,1.45
2016.05.03 06:07:04.191,1.25026,1.25034,1.00,1.10
2016.05.03 06:07:04.379,1.25028,1.2504,1.57,1.00
2016.05.03 06:07:04.633,1.25027,1.25038,1.37,1.00
2016.05.03 06:07:05.141,1.25027,1.25038,1.37,1.00
2016.05.03 06:07:05.737,1.25027,1.25037,1.37,1.00
2016.05.03 06:07:05.789,1.25025,1.25035,1.45,1.00
2016.05.03 06:07:05.891,1.25022,1.25032,1.12,1.00
2016.05.03 06:07:06.098,1.25017,1.25029,1.37,1.00
2016.05.03 06:07:06.151,1.25019,1.25034,1.37,2.70
2016.05.03 06:07:06.481,1.25026,1.25034,1.00,1.39
2016.05.03 06:07:06.685,1.25031,1.25041,1.00,1.01
2016.05.03 06:07:06.838,1.25033,1.25042,1.00,1.37
2016.05.03 06:07:06.889,1.25033,1.25042,1.00,1.22
2016.05.03 06:07:07.434,1.25031,1.25044,1.00,1.95
2016.05.03 06:07:10.094,1.25031,1.25043,1.00,4.95
2016.05.03 06:07:10.977,1.25031,1.25042,1.00,1.83
2016.05.03 06:07:11.028,1.25028,1.25039,1.00,1.45
2016.05.03 06:07:11.181,1.25027,1.25039,1.50,1.20
2016.05.03 06:07:11.335,1.25024,1.25038,1.10,1.83
2016.05.03 06:07:11.488,1.25027,1.25038,1.00,1.58
2016.05.03 06:07:11.795,1.2503,1.2504,1.00,1.37
2016.05.03 06:07:11.846,1.2503,1.25042,1.00,2.04
2016.05.03 06:07:12.278,1.25032,1.25042,1.00,1.94
2016.05.03 06:07:12.380,1.25032,1.25043,1.00,1.31
2016.05.03 06:07:12.583,1.25035,1.25045,1.00,1.20
2016.05.03 06:07:12.737,1.25035,1.25045,1.00,1.45
2016.05.03 06:07:13.311,1.25037,1.25046,1.00,1.56
2016.05.03 06:07:13.820,1.25037,1.25047,1.00,1.31
2016.05.03 06:07:14.659,1.25037,1.25047,1.00,1.12
2016.05.03 06:07:21.658,1.25042,1.25048,1.00,1.45
2016.05.03 06:07:21.811,1.25047,1.25051,1.00,1.50
2016.05.03 06:07:21.863,1.25049,1.25056,1.00,1.50
2016.05.03 06:07:21.965,1.25049,1.25061,1.12,1.29
2016.05.03 06:07:22.016,1.25049,1.25061,1.12,1.10
2016.05.03 06:07:22.565,1.25051,1.25064,1.00,1.70
2016.05.03 06:07:22.769,1.25048,1.25061,1.57,1.20
2016.05.03 06:07:22.922,1.25048,1.2506,1.00,1.64
2016.05.03 06:07:25.831,1.25048,1.25059,1.00,2.05
2016.05.03 06:07:26.759,1.25048,1.25058,1.00,1.20
2016.05.03 06:07:27.770,1.25048,1.2506,1.00,2.08
2016.05.03 06:07:31.774,1.2505,1.2506,1.00,1.12
2016.05.03 06:07:31.978,1.25053,1.25063,1.00,1.39
2016.05.03 06:07:32.080,1.25054,1.25066,1.10,1.18
2016.05.03 06:07:32.132,1.25056,1.25066,1.00,1.18
2016.05.03 06:07:32.655,1.25055,1.25065,1.10,1.30
2016.05.03 06:07:32.859,1.25052,1.25065,1.00,1.45
2016.05.03 06:07:32.961,1.25052,1.25065,1.00,1.58
2016.05.03 06:07:35.867,1.25052,1.25064,1.00,1.12
2016.05.03 06:07:36.173,1.2506,1.25069,1.00,3.75
2016.05.03 06:07:36.275,1.2506,1.25072,1.00,2.00
2016.05.03 06:07:37.233,1.25062,1.25073,1.00,1.12
2016.05.03 06:07:37.742,1.25062,1.25074,1.00,1.87
2016.05.03 06:07:38.578,1.25062,1.25074,1.00,1.87
2016.05.03 06:07:38.681,1.25064,1.25075,1.00,1.31
2016.05.03 06:07:38.783,1.25064,1.25077,1.37,1.31
2016.05.03 06:07:39.088,1.25064,1.25078,2.25,1.69
2016.05.03 06:07:41.747,1.25066,1.25076,1.00,1.00
2016.05.03 06:07:42.390,1.25066,1.25076,1.00,1.37
2016.05.03 06:07:43.918,1.25064,1.25078,1.50,2.06
2016.05.03 06:07:44.405,1.25063,1.25077,1.00,3.37
2016.05.03 06:07:44.507,1.25062,1.25075,1.12,2.62
2016.05.03 06:07:44.711,1.25057,1.25071,1.20,1.12
2016.05.03 06:07:45.513,1.25059,1.2507,1.00,1.37
2016.05.03 06:07:46.022,1.25058,1.25071,1.00,1.37
2016.05.03 06:07:46.329,1.25053,1.25067,3.75,1.12
2016.05.03 06:07:46.654,1.25056,1.25067,1.12,1.60
2016.05.03 06:07:46.705,1.25056,1.25069,1.12,1.56
2016.05.03 06:07:47.215,1.25056,1.25071,1.10,3.37
2016.05.03 06:07:49.675,1.25055,1.25068,1.12,1.12
2016.05.03 06:07:49.997,1.25053,1.25067,1.12,2.44
2016.05.03 06:07:50.507,1.25051,1.25064,1.37,1.37
2016.05.03 06:07:50.559,1.25051,1.25064,1.10,1.50
2016.05.03 06:07:51.061,1.25051,1.25064,1.12,1.47
2016.05.03 06:07:52.481,1.25052,1.25065,1.10,1.87
2016.05.03 06:07:52.991,1.25052,1.25067,1.37,2.81
2016.05.03 06:07:53.179,1.2505,1.25065,1.50,1.75
2016.05.03 06:07:53.535,1.25049,1.25064,1.20,2.44
2016.05.03 06:07:53.841,1.25049,1.25061,1.12,3.75
2016.05.03 06:07:54.404,1.25049,1.25062,1.12,4.12
2016.05.03 06:07:56.260,1.25049,1.25063,1.12,1.12
2016.05.03 06:07:58.343,1.25051,1.25063,1.00,1.12
2016.05.03 06:07:58.495,1.25051,1.25064,1.00,2.06
2016.05.03 06:08:00.771,1.25051,1.25063,1.00,1.37
2016.05.03 06:08:01.293,1.25051,1.25064,1.10,1.87
2016.05.03 06:08:03.743,1.2505,1.25064,1.50,2.25
2016.05.03 06:08:06.052,1.2505,1.25064,1.20,1.75
2016.05.03 06:08:06.525,1.25049,1.25062,1.87,1.37
2016.05.03 06:08:06.627,1.25045,1.2506,3.00,2.25
2016.05.03 06:08:06.831,1.25045,1.25058,1.12,1.37
2016.05.03 06:08:08.034,1.25045,1.25059,1.37,1.37
2016.05.03 06:08:08.635,1.25043,1.25058,1.87,1.12
2016.05.03 06:08:08.941,1.25042,1.25056,1.12,1.87
2016.05.03 06:08:09.145,1.2504,1.25054,1.12,1.37
2016.05.03 06:08:09.308,1.25043,1.25054,1.00,1.37
2016.05.03 06:08:10.377,1.25043,1.25053,1.00,1.12
2016.05.03 06:08:10.923,1.25043,1.25055,1.00,1.37
2016.05.03 06:08:12.285,1.25042,1.25054,1.10,1.12
2016.05.03 06:08:16.712,1.25036,1.2505,1.87,1.37
2016.05.03 06:08:16.865,1.25034,1.25048,1.50,1.31
2016.05.03 06:08:17.170,1.25034,1.25048,1.37,1.50
2016.05.03 06:08:17.608,1.25034,1.25049,4.87,1.47
2016.05.03 06:08:17.963,1.25034,1.25049,1.50,1.75
2016.05.03 06:08:18.801,1.25036,1.25049,1.00,1.75
2016.05.03 06:08:21.121,1.25038,1.2505,1.00,1.87
2016.05.03 06:08:21.629,1.25039,1.2505,1.00,3.75
2016.05.03 06:08:21.924,1.25043,1.25054,1.00,1.87
2016.05.03 06:08:22.026,1.25044,1.25055,1.12,1.12
2016.05.03 06:08:22.078,1.25047,1.25059,1.00,4.50
2016.05.03 06:08:23.448,1.25048,1.25058,1.00,1.37
2016.05.03 06:08:23.652,1.2505,1.25061,1.00,1.31
2016.05.03 06:08:25.865,1.2505,1.25064,1.10,1.37
2016.05.03 06:08:26.354,1.25053,1.25064,1.00,1.37
2016.05.03 06:08:26.850,1.25056,1.25068,1.00,1.12
2016.05.03 06:08:27.155,1.25051,1.25067,1.87,1.50
2016.05.03 06:08:27.206,1.25051,1.25067,1.87,1.50
2016.05.03 06:08:28.792,1.25049,1.25063,2.25,1.00
2016.05.03 06:08:29.296,1.2505,1.25065,1.87,1.12
2016.05.03 06:08:31.564,1.25049,1.25064,1.50,5.81
2016.05.03 06:08:32.093,1.25049,1.25062,3.00,1.37
2016.05.03 06:08:34.671,1.25049,1.25059,2.25,1.50
2016.05.03 06:08:34.723,1.25044,1.25058,4.12,1.50
2016.05.03 06:08:35.333,1.25044,1.25058,3.75,1.50
2016.05.03 06:08:35.637,1.25047,1.25061,1.87,1.31
2016.05.03 06:08:36.510,1.25047,1.25061,1.50,1.12
2016.05.03 06:08:37.037,1.25048,1.25061,1.47,1.12
2016.05.03 06:08:37.797,1.25047,1.25059,1.12,1.00
2016.05.03 06:08:37.848,1.25046,1.25059,1.12,1.37
2016.05.03 06:08:39.477,1.25046,1.2506,1.87,1.00
2016.05.03 06:08:39.710,1.25047,1.25058,1.37,1.00
2016.05.03 06:08:39.812,1.25046,1.25058,1.10,1.12
2016.05.03 06:08:41.145,1.25045,1.25051,1.50,1.00
2016.05.03 06:08:41.350,1.25033,1.25044,1.50,1.00
2016.05.03 06:08:41.554,1.25032,1.25043,2.44,1.19
2016.05.03 06:08:41.816,1.2503,1.25041,2.81,1.25
2016.05.03 06:08:42.324,1.2503,1.25041,1.39,1.31
2016.05.03 06:08:42.834,1.25029,1.25041,3.26,1.62
2016.05.03 06:08:44.065,1.2503,1.25041,1.00,2.06
2016.05.03 06:08:44.218,1.25028,1.25041,1.69,2.44
2016.05.03 06:08:44.724,1.25027,1.25038,1.01,1.00
2016.05.03 06:08:45.130,1.25027,1.25041,2.44,2.51
2016.05.03 06:08:45.386,1.25028,1.25041,2.06,1.50
2016.05.03 06:08:48.230,1.25028,1.2504,1.69,1.50
2016.05.03 06:08:49.096,1.25028,1.25037,1.69,1.00
2016.05.03 06:08:49.283,1.25023,1.25036,1.87,1.50
2016.05.03 06:08:49.353,1.25021,1.25034,3.75,1.50
2016.05.03 06:08:49.507,1.25017,1.25031,1.31,1.50
2016.05.03 06:08:49.812,1.25017,1.25028,1.37,1.00
2016.05.03 06:08:51.491,1.25019,1.25029,1.37,1.00
2016.05.03 06:08:51.911,1.25019,1.25029,4.50,1.00
2016.05.03 06:08:52.063,1.25019,1.25029,1.00,1.10
2016.05.03 06:08:53.218,1.25016,1.2503,1.87,1.50
2016.05.03 06:08:53.269,1.25016,1.2503,1.87,1.50
2016.05.03 06:08:53.572,1.25016,1.2503,1.00,1.87
2016.05.03 06:08:54.040,1.25019,1.25031,1.00,1.37
2016.05.03 06:08:54.547,1.25019,1.25032,1.00,1.31
2016.05.03 06:08:54.786,1.25019,1.25034,1.87,1.50
2016.05.03 06:08:55.292,1.25019,1.25035,4.87,2.44
2016.05.03 06:08:55.344,1.25019,1.25035,1.50,2.44
2016.05.03 06:08:57.043,1.2502,1.25031,1.10,1.37
2016.05.03 06:08:57.206,1.25016,1.25029,1.50,1.50
2016.05.03 06:08:57.310,1.25019,1.25031,1.10,2.06
2016.05.03 06:08:57.615,1.25018,1.25033,5.25,2.44
2016.05.03 06:08:57.667,1.25018,1.25033,1.57,6.19
2016.05.03 06:08:57.872,1.25017,1.2503,1.50,3.75
2016.05.03 06:08:57.974,1.25015,1.25028,1.10,1.37
2016.05.03 06:08:58.225,1.25013,1.25024,1.31,1.10
2016.05.03 06:08:58.532,1.25011,1.25024,2.44,1.37
2016.05.03 06:08:59.195,1.25014,1.25028,1.69,1.12
2016.05.03 06:08:59.338,1.25017,1.25031,1.12,2.25
2016.05.03 06:08:59.643,1.25019,1.25033,1.00,1.50
2016.05.03 06:08:59.745,1.25019,1.25033,1.12,1.56
2016.05.03 06:09:00.300,1.25018,1.25031,2.25,1.12
2016.05.03 06:09:00.402,1.25018,1.25031,2.25,1.37
2016.05.03 06:09:00.808,1.25017,1.25022,1.12,1.00
2016.05.03 06:09:00.911,1.2501,1.25018,1.87,1.00
2016.05.03 06:09:00.962,1.2501,1.25018,1.12,1.00
2016.05.03 06:09:01.013,1.25007,1.25013,1.12,1.00
2016.05.03 06:09:01.115,1.25003,1.25015,1.12,1.10
2016.05.03 06:09:01.379,1.25005,1.25015,1.87,1.00
2016.05.03 06:09:01.531,1.25005,1.25017,1.37,1.87
2016.05.03 06:09:01.583,1.25004,1.25016,4.69,1.19
2016.05.03 06:09:01.788,1.25006,1.25018,1.50,1.87
2016.05.03 06:09:01.890,1.25007,1.25017,3.75,1.31
2016.05.03 06:09:02.196,1.25007,1.25013,3.75,1.00
2016.05.03 06:09:02.440,1.25007,1.25017,3.75,1.31
2016.05.03 06:09:02.492,1.25007,1.25015,3.75,1.00
2016.05.03 06:09:02.695,1.25004,1.25014,4.12,1.00
2016.05.03 06:09:03.152,1.25003,1.25015,1.50,1.00
2016.05.03 06:09:03.821,1.25003,1.25014,1.50,1.00
2016.05.03 06:09:11.560,1.25006,1.25014,1.00,1.00
2016.05.03 06:09:12.876,1.25007,1.25014,1.00,1.00
2016.05.03 06:09:14.684,1.25002,1.25014,1.75,1.00
2016.05.03 06:09:15.832,1.25004,1.25017,1.12,2.44
2016.05.03 06:09:16.886,1.25008,1.25017,1.00,1.22
2016.05.03 06:09:17.089,1.2501,1.25023,1.69,2.44
2016.05.03 06:09:17.293,1.25011,1.25025,1.12,1.56
2016.05.03 06:09:17.344,1.2501,1.25023,1.00,4.12
2016.05.03 06:09:17.923,1.25009,1.25021,1.00,1.50
2016.05.03 06:09:18.237,1.25008,1.25019,1.00,1.87
2016.05.03 06:09:19.154,1.25005,1.25019,1.00,1.50
2016.05.03 06:09:19.992,1.25005,1.25019,1.00,1.87
2016.05.03 06:09:22.099,1.25007,1.25019,1.00,1.37
2016.05.03 06:09:22.200,1.25008,1.25021,1.00,1.12
2016.05.03 06:09:22.252,1.2501,1.25023,1.12,1.12
2016.05.03 06:09:22.404,1.25008,1.25024,1.76,2.44
2016.05.03 06:09:22.557,1.25008,1.25021,1.25,1.37
2016.05.03 06:09:22.709,1.25008,1.2502,1.00,1.31
2016.05.03 06:09:23.854,1.25008,1.2502,1.00,1.31
2016.05.03 06:09:25.023,1.25008,1.25021,1.10,1.31
2016.05.03 06:09:25.124,1.25008,1.25021,1.57,1.00
2016.05.03 06:09:26.920,1.25009,1.25023,1.00,1.57
2016.05.03 06:09:27.680,1.25009,1.25023,1.10,3.00
2016.05.03 06:09:29.333,1.25009,1.25022,1.10,1.39
2016.05.03 06:09:30.179,1.2501,1.25023,1.00,2.06
2016.05.03 06:09:30.687,1.25009,1.25022,1.00,1.64
2016.05.03 06:09:31.983,1.25011,1.25023,1.00,2.44
2016.05.03 06:09:35.938,1.25011,1.25023,1.10,1.75
2016.05.03 06:09:36.091,1.25011,1.25024,1.10,1.87
2016.05.03 06:09:36.142,1.25011,1.25024,1.12,1.87
2016.05.03 06:09:36.450,1.25018,1.2503,1.00,1.45
2016.05.03 06:09:36.786,1.2502,1.2503,1.12,1.00
2016.05.03 06:09:37.093,1.2502,1.25034,1.12,1.20
2016.05.03 06:09:37.810,1.2502,1.25033,1.10,1.45
2016.05.03 06:09:38.325,1.2502,1.25034,1.10,3.00
2016.05.03 06:09:38.834,1.2502,1.25032,1.10,1.47
2016.05.03 06:09:39.230,1.2502,1.25032,1.10,1.10
2016.05.03 06:09:39.788,1.2502,1.25033,1.10,1.82
2016.05.03 06:09:43.630,1.25018,1.25032,1.95,2.70
2016.05.03 06:09:44.137,1.25016,1.2503,1.20,1.87
2016.05.03 06:09:44.604,1.25015,1.2503,1.50,2.70
2016.05.03 06:09:44.909,1.25017,1.2503,1.20,1.50
2016.05.03 06:09:45.418,1.25018,1.25032,1.95,1.95
2016.05.03 06:09:45.571,1.25019,1.25033,1.87,1.50
2016.05.03 06:09:46.210,1.2502,1.25034,1.20,1.20
2016.05.03 06:09:48.888,1.2502,1.25033,1.57,1.12
2016.05.03 06:09:51.691,1.25021,1.25035,1.57,1.07
2016.05.03 06:09:51.742,1.25023,1.25035,1.00,1.07
2016.05.03 06:09:54.438,1.25024,1.25036,1.00,1.12
2016.05.03 06:09:54.540,1.25024,1.25036,1.00,1.12
2016.05.03 06:09:55.279,1.25024,1.25039,1.00,1.87
2016.05.03 06:09:55.330,1.25027,1.25039,1.10,1.57
2016.05.03 06:09:55.635,1.25029,1.25039,1.00,1.10
2016.05.03 06:09:55.942,1.25032,1.25044,1.12,1.00
2016.05.03 06:09:56.097,1.25034,1.25048,1.12,1.07
2016.05.03 06:09:56.490,1.25033,1.25045,1.12,1.87
2016.05.03 06:09:56.642,1.2503,1.25045,1.70,2.62
2016.05.03 06:09:56.744,1.2503,1.25045,1.01,3.00
2016.05.03 06:09:59.201,1.25031,1.25043,1.50,1.32
2016.05.03 06:09:59.735,1.25032,1.25044,1.00,1.31
2016.05.03 06:09:59.887,1.25034,1.25047,1.00,2.25
2016.05.03 06:10:00.040,1.25035,1.25047,1.12,1.12
2016.05.03 06:10:00.749,1.25034,1.25048,1.12,1.20
2016.05.03 06:10:01.259,1.25034,1.25047,1.07,1.57
2016.05.03 06:10:01.782,1.25036,1.25047,1.00,1.10
2016.05.03 06:10:02.306,1.25037,1.2505,1.10,1.45
2016.05.03 06:10:02.612,1.25043,1.25051,1.00,1.00
2016.05.03 06:10:02.664,1.25043,1.25056,1.00,3.00
2016.05.03 06:10:06.070,1.2504,1.25056,1.76,2.66
2016.05.03 06:10:06.172,1.2504,1.25053,1.25,1.87
2016.05.03 06:10:06.274,1.25038,1.25051,1.20,1.07
2016.05.03 06:10:06.376,1.25038,1.25051,1.10,1.82
2016.05.03 06:10:06.478,1.25038,1.25051,1.10,1.45
2016.05.03 06:10:07.018,1.25038,1.25051,1.00,1.82
2016.05.03 06:10:07.526,1.25037,1.2505,1.00,1.57
2016.05.03 06:10:08.262,1.25037,1.2505,1.07,1.57
2016.05.03 06:10:08.771,1.25037,1.2505,1.07,1.95
2016.05.03 06:10:09.466,1.25037,1.2505,1.00,1.95
2016.05.03 06:10:14.098,1.25037,1.2505,1.12,1.87
2016.05.03 06:10:14.659,1.25038,1.25052,1.07,2.14
2016.05.03 06:10:15.067,1.25041,1.25054,1.50,2.25
2016.05.03 06:10:15.188,1.25041,1.25054,1.00,1.10
2016.05.03 06:10:15.595,1.25046,1.25056,1.00,1.50
2016.05.03 06:10:15.698,1.25042,1.25055,1.20,1.07
2016.05.03 06:10:15.749,1.25042,1.25054,1.37,1.37
2016.05.03 06:10:15.902,1.25038,1.25051,1.10,2.62
2016.05.03 06:10:16.295,1.25038,1.25053,1.07,3.07
2016.05.03 06:10:16.397,1.25038,1.25053,1.20,2.32
2016.05.03 06:10:17.664,1.2504,1.25053,1.00,1.95
2016.05.03 06:10:17.973,1.2504,1.25053,1.00,1.57
2016.05.03 06:10:18.075,1.25041,1.25053,1.00,1.57
2016.05.03 06:10:19.569,1.2504,1.25053,1.00,1.95
2016.05.03 06:10:19.671,1.2504,1.2505,1.00,1.00
2016.05.03 06:10:19.976,1.25039,1.25051,1.10,1.20
2016.05.03 06:10:20.981,1.25038,1.25051,1.10,1.50
2016.05.03 06:10:21.672,1.2504,1.25052,1.00,1.87
2016.05.03 06:10:21.826,1.2504,1.25053,1.10,1.01
2016.05.03 06:10:22.131,1.25042,1.25054,1.00,1.97
2016.05.03 06:10:22.284,1.25045,1.25059,1.00,2.25
2016.05.03 06:10:22.336,1.25046,1.25059,1.00,1.57
2016.05.03 06:10:22.387,1.25048,1.25059,1.00,1.57
2016.05.03 06:10:22.928,1.25048,1.25059,1.00,1.10
2016.05.03 06:10:23.588,1.25048,1.25061,1.00,1.50
2016.05.03 06:10:24.139,1.25048,1.25062,1.12,2.81
2016.05.03 06:10:25.103,1.25048,1.25062,1.20,2.25
2016.05.03 06:10:26.470,1.25049,1.25062,1.00,1.50
2016.05.03 06:10:29.906,1.25048,1.25061,1.95,1.07
2016.05.03 06:10:30.240,1.2504,1.25051,1.00,1.01
2016.05.03 06:10:30.747,1.25038,1.25052,1.95,1.50
2016.05.03 06:10:31.638,1.25038,1.25051,1.12,1.12
2016.05.03 06:10:32.145,1.25037,1.25052,1.20,1.95
2016.05.03 06:10:32.686,1.25037,1.25052,1.50,1.87
2016.05.03 06:10:33.249,1.25039,1.25053,1.10,1.99
2016.05.03 06:10:34.302,1.2504,1.25054,1.00,2.32
2016.05.03 06:10:34.659,1.25041,1.25055,1.57,1.50
2016.05.03 06:10:36.624,1.25041,1.25052,1.00,1.00
2016.05.03 06:10:37.478,1.25043,1.25055,1.00,1.69
2016.05.03 06:10:37.786,1.25048,1.25058,1.00,1.01
2016.05.03 06:10:38.300,1.25048,1.25061,1.00,1.50
2016.05.03 06:10:38.769,1.25048,1.25061,1.50,1.57
2016.05.03 06:10:39.024,1.25048,1.25061,1.87,1.50
2016.05.03 06:10:39.568,1.25048,1.25061,1.50,2.25
2016.05.03 06:10:40.127,1.25046,1.25061,1.12,1.87
2016.05.03 06:10:41.528,1.25047,1.25061,1.00,2.25
2016.05.03 06:10:41.731,1.25046,1.25061,1.45,1.95
2016.05.03 06:10:42.763,1.25045,1.25061,2.62,1.99
2016.05.03 06:10:43.283,1.25045,1.25061,3.37,1.20
2016.05.03 06:10:43.823,1.25046,1.2506,1.50,1.20
2016.05.03 06:10:44.541,1.25048,1.2506,1.10,1.29
2016.05.03 06:10:45.092,1.25046,1.2506,1.12,1.57
2016.05.03 06:10:46.350,1.25046,1.2506,1.50,1.47
2016.05.03 06:10:47.873,1.25045,1.25058,1.50,2.10
2016.05.03 06:10:47.925,1.25042,1.25058,1.82,2.55
2016.05.03 06:10:47.976,1.25042,1.25056,1.45,1.25
2016.05.03 06:10:48.078,1.25042,1.25056,1.07,1.69
2016.05.03 06:10:48.282,1.25042,1.25056,1.07,1.00
2016.05.03 06:10:49.435,1.25045,1.25056,1.10,1.00
2016.05.03 06:10:49.740,1.25045,1.25058,1.87,1.00
2016.05.03 06:10:50.242,1.25046,1.2506,1.20,2.32
2016.05.03 06:10:50.758,1.25046,1.2506,1.20,1.20
2016.05.03 06:10:52.418,1.25047,1.25062,2.25,1.87
2016.05.03 06:10:52.835,1.25052,1.25064,1.00,1.05
2016.05.03 06:10:52.937,1.25052,1.25065,1.07,1.01
2016.05.03 06:10:53.039,1.25052,1.25066,1.12,1.56
2016.05.03 06:10:53.591,1.25051,1.25065,1.12,1.62
2016.05.03 06:10:54.099,1.25051,1.25063,1.07,1.05
2016.05.03 06:10:54.631,1.25049,1.25064,1.50,1.54
2016.05.03 06:10:57.543,1.2505,1.25064,1.12,1.54
2016.05.03 06:10:58.749,1.2505,1.25065,1.12,2.06
2016.05.03 06:10:59.289,1.2505,1.25065,1.07,2.14
2016.05.03 06:11:00.170,1.2505,1.25065,1.07,3.26
2016.05.03 06:11:00.697,1.2505,1.25065,1.07,3.26
2016.05.03 06:11:00.749,1.2505,1.25065,1.07,2.89
2016.05.03 06:11:02.162,1.2505,1.25064,1.45,1.37
2016.05.03 06:11:03.003,1.2505,1.25065,1.37,2.51
2016.05.03 06:11:03.511,1.2505,1.25063,1.37,1.37
2016.05.03 06:11:04.026,1.2505,1.25064,1.87,2.25
2016.05.03 06:11:04.546,1.2505,1.25064,1.87,1.00
2016.05.03 06:11:05.069,1.2505,1.25065,1.87,1.76
2016.05.03 06:11:05.617,1.25055,1.25064,1.00,1.10
2016.05.03 06:11:05.820,1.25062,1.25073,1.50,1.31
2016.05.03 06:11:05.973,1.25064,1.25073,1.00,1.00
2016.05.03 06:11:06.205,1.25064,1.25075,1.00,1.31
2016.05.03 06:11:06.308,1.25067,1.25077,1.00,1.01
2016.05.03 06:11:06.410,1.25067,1.25077,1.00,1.01
2016.05.03 06:11:07.127,1.25067,1.25078,1.00,1.00
2016.05.03 06:11:08.320,1.25067,1.25079,1.00,1.12
2016.05.03 06:11:08.822,1.25067,1.2508,1.00,2.32
2016.05.03 06:11:11.451,1.25067,1.25078,1.07,1.00
2016.05.03 06:11:11.958,1.25067,1.25079,1.00,1.47
2016.05.03 06:11:13.541,1.25067,1.25079,1.00,1.20
2016.05.03 06:11:13.777,1.25065,1.25078,1.12,1.66
2016.05.03 06:11:13.879,1.25062,1.25076,1.50,1.87
2016.05.03 06:11:13.981,1.25062,1.25076,1.10,1.95
2016.05.03 06:11:14.642,1.25063,1.25076,1.00,1.50
2016.05.03 06:11:14.745,1.25063,1.25078,1.87,4.76
2016.05.03 06:11:14.886,1.25064,1.25078,1.50,1.39
2016.05.03 06:11:15.438,1.25064,1.25079,1.50,1.95
2016.05.03 06:11:15.541,1.25062,1.25076,1.57,1.50
2016.05.03 06:11:15.643,1.25062,1.25073,1.10,1.00
2016.05.03 06:11:16.049,1.25058,1.25073,1.57,1.75
2016.05.03 06:11:16.363,1.25054,1.25064,1.10,1.00
2016.05.03 06:11:16.516,1.25052,1.25064,1.10,1.37
2016.05.03 06:11:17.848,1.25052,1.25064,1.10,1.50
2016.05.03 06:11:18.396,1.25052,1.25064,1.10,1.87
2016.05.03 06:11:19.400,1.25052,1.25063,1.00,1.37
2016.05.03 06:11:19.451,1.25052,1.25065,1.00,3.07
2016.05.03 06:11:19.962,1.25052,1.25063,1.00,1.00
2016.05.03 06:11:22.217,1.25056,1.25065,1.00,1.69
2016.05.03 06:11:22.268,1.25055,1.25065,1.00,1.12
2016.05.03 06:11:22.421,1.25058,1.25069,1.00,1.39
2016.05.03 06:11:22.522,1.25058,1.2507,1.10,1.25
2016.05.03 06:11:23.104,1.25056,1.2507,1.82,1.07
2016.05.03 06:11:23.359,1.25056,1.25068,1.20,1.07
2016.05.03 06:11:23.974,1.25054,1.25069,1.87,1.95
2016.05.03 06:11:24.477,1.25054,1.25069,1.75,1.47
2016.05.03 06:11:24.990,1.25054,1.25069,1.87,1.57
2016.05.03 06:11:25.992,1.25054,1.25068,1.87,1.47
2016.05.03 06:11:26.912,1.25054,1.25069,1.87,1.57
2016.05.03 06:11:26.964,1.25054,1.25068,1.45,1.10
2016.05.03 06:11:27.381,1.25055,1.25068,1.12,1.00
2016.05.03 06:11:27.909,1.25055,1.25069,1.50,2.70
2016.05.03 06:11:28.583,1.25055,1.25069,1.50,2.70
2016.05.03 06:11:28.685,1.25055,1.25068,1.10,1.87
2016.05.03 06:11:28.736,1.25055,1.25068,1.12,1.82
2016.05.03 06:11:29.296,1.25054,1.25067,1.37,1.10
2016.05.03 06:11:32.098,1.25053,1.25068,1.87,2.32
2016.05.03 06:11:32.880,1.25053,1.25068,1.20,2.70
2016.05.03 06:11:33.387,1.25053,1.25068,1.07,1.95
2016.05.03 06:11:33.540,1.25053,1.25068,1.50,1.57
2016.05.03 06:11:38.927,1.25053,1.25068,2.25,2.70
2016.05.03 06:11:39.190,1.25053,1.25066,1.57,1.00
2016.05.03 06:11:39.703,1.2505,1.25065,1.12,1.45
2016.05.03 06:11:39.857,1.25049,1.25062,1.20,2.14
2016.05.03 06:11:40.011,1.25046,1.25061,1.87,1.01
2016.05.03 06:11:40.155,1.25046,1.2506,1.10,1.01
2016.05.03 06:11:40.410,1.25046,1.25061,1.57,1.69
2016.05.03 06:11:40.920,1.25049,1.25063,1.20,1.01
2016.05.03 06:11:40.971,1.25049,1.25063,1.20,1.57
2016.05.03 06:11:43.380,1.25049,1.25063,1.47,1.20
2016.05.03 06:11:43.886,1.25049,1.25064,1.57,2.44
2016.05.03 06:11:43.937,1.25049,1.25064,1.57,2.06
2016.05.03 06:11:44.517,1.25049,1.25064,1.57,1.31
2016.05.03 06:11:45.059,1.25049,1.25064,1.57,2.44
2016.05.03 06:11:45.161,1.25049,1.25064,1.20,1.69
2016.05.03 06:11:45.726,1.25049,1.25064,1.20,1.39
2016.05.03 06:11:47.033,1.25049,1.25063,1.57,1.95
2016.05.03 06:11:47.986,1.25049,1.25063,1.87,1.37
2016.05.03 06:11:48.473,1.25052,1.25064,1.07,1.00
2016.05.03 06:11:49.712,1.25053,1.25064,1.00,1.37
2016.05.03 06:11:51.496,1.25053,1.25064,1.00,1.12
2016.05.03 06:11:52.248,1.25051,1.25064,1.37,1.87
2016.05.03 06:11:52.586,1.25051,1.25062,1.00,1.37
2016.05.03 06:11:53.096,1.2505,1.25062,1.50,1.12
2016.05.03 06:11:54.974,1.25051,1.25063,1.00,2.62
2016.05.03 06:11:57.091,1.25051,1.2506,1.00,1.12
2016.05.03 06:11:57.294,1.25045,1.25057,1.00,2.81
2016.05.03 06:11:57.836,1.25044,1.25056,1.00,1.12
2016.05.03 06:11:58.503,1.25044,1.25055,1.00,1.45
2016.05.03 06:12:00.178,1.25044,1.25056,1.00,1.69
2016.05.03 06:12:02.185,1.25043,1.25056,1.12,1.50
2016.05.03 06:12:02.693,1.25043,1.25056,1.12,1.87
2016.05.03 06:12:02.923,1.25044,1.25053,1.00,1.60
2016.05.03 06:12:03.186,1.25045,1.25059,1.75,1.31
2016.05.03 06:12:03.289,1.25045,1.25057,1.12,1.22
2016.05.03 06:12:03.918,1.25043,1.25055,1.37,1.31
2016.05.03 06:12:03.969,1.25043,1.25055,1.12,1.31
2016.05.03 06:12:04.480,1.25043,1.25055,1.00,1.97
2016.05.03 06:12:05.952,1.25046,1.25055,1.00,1.31
2016.05.03 06:12:06.004,1.25046,1.25056,1.00,1.01
2016.05.03 06:12:06.157,1.25046,1.25059,1.50,1.31
2016.05.03 06:12:06.208,1.25046,1.25058,1.50,1.22
2016.05.03 06:12:06.310,1.25046,1.25058,1.12,1.60
2016.05.03 06:12:06.413,1.25046,1.2506,1.50,2.62
2016.05.03 06:12:08.091,1.25046,1.25059,1.50,1.75
2016.05.03 06:12:08.921,1.25044,1.25053,1.12,1.19
2016.05.03 06:12:09.023,1.25041,1.25053,2.06,1.76
2016.05.03 06:12:09.074,1.25041,1.25053,1.69,2.44
2016.05.03 06:12:09.126,1.25041,1.25053,1.31,2.81
2016.05.03 06:12:09.648,1.2504,1.25051,1.75,1.26
2016.05.03 06:12:11.213,1.25041,1.25051,1.00,1.69
2016.05.03 06:12:15.013,1.25041,1.25051,1.00,1.32
2016.05.03 06:12:15.064,1.25039,1.25051,1.00,1.32
2016.05.03 06:12:15.570,1.25039,1.25049,1.00,1.00
2016.05.03 06:12:15.874,1.25039,1.25049,1.00,1.19
2016.05.03 06:12:19.977,1.25038,1.25049,1.00,1.76
2016.05.03 06:12:20.435,1.25036,1.25048,1.10,1.31
2016.05.03 06:12:20.639,1.25034,1.25048,1.00,3.94
2016.05.03 06:12:20.742,1.25033,1.25047,1.57,2.00
2016.05.03 06:12:21.055,1.25033,1.25044,1.00,1.62
2016.05.03 06:12:21.106,1.25033,1.25044,1.00,1.32
2016.05.03 06:12:21.413,1.25033,1.25043,1.00,1.22
2016.05.03 06:12:23.386,1.25033,1.25044,1.10,1.32
2016.05.03 06:12:23.927,1.25033,1.25046,1.57,1.39
2016.05.03 06:12:24.283,1.25035,1.25048,1.75,2.06
2016.05.03 06:12:24.385,1.25035,1.25048,1.12,2.06
2016.05.03 06:12:24.639,1.25035,1.25048,1.12,2.44
2016.05.03 06:12:27.143,1.25035,1.25047,1.00,1.31
2016.05.03 06:12:29.325,1.25036,1.25047,1.00,1.69
2016.05.03 06:12:32.266,1.25036,1.25047,1.00,1.31
2016.05.03 06:12:32.809,1.25036,1.25046,1.00,1.64
2016.05.03 06:12:35.062,1.25036,1.25047,1.12,1.64
2016.05.03 06:12:35.611,1.25036,1.25046,1.00,1.01
2016.05.03 06:12:39.372,1.25034,1.25046,1.37,1.01
2016.05.03 06:12:40.168,1.25033,1.25046,1.20,2.51
2016.05.03 06:12:41.120,1.25033,1.25044,1.00,1.50
2016.05.03 06:12:43.484,1.25033,1.25045,1.50,1.94
2016.05.03 06:12:43.992,1.25033,1.25044,1.50,1.22
2016.05.03 06:12:44.570,1.25033,1.25044,1.00,1.39
2016.05.03 06:12:45.089,1.25033,1.25044,1.10,1.20
2016.05.03 06:12:46.002,1.25036,1.25046,1.00,1.69
2016.05.03 06:12:46.223,1.25036,1.25047,1.00,1.50
2016.05.03 06:12:48.302,1.25036,1.25047,1.00,1.10
2016.05.03 06:12:48.997,1.25036,1.25048,1.00,1.20
2016.05.03 06:12:49.341,1.25036,1.2505,1.00,2.62
2016.05.03 06:12:50.312,1.25036,1.25046,1.00,1.00
2016.05.03 06:12:51.406,1.25034,1.25047,1.20,1.85
2016.05.03 06:12:51.711,1.25034,1.25044,1.00,1.56
2016.05.03 06:12:52.244,1.25033,1.25044,1.00,1.37
2016.05.03 06:12:55.204,1.25034,1.25044,1.00,1.75
2016.05.03 06:12:55.306,1.25032,1.25044,1.12,1.50
2016.05.03 06:12:55.358,1.25034,1.25044,1.12,1.12
2016.05.03 06:12:57.226,1.2503,1.25045,3.07,1.50
2016.05.03 06:12:57.733,1.2503,1.25045,3.45,1.50
2016.05.03 06:12:58.227,1.25032,1.25044,1.00,1.12
2016.05.03 06:12:58.279,1.25032,1.25044,1.00,1.10
2016.05.03 06:12:58.330,1.25031,1.25045,1.20,1.57
2016.05.03 06:12:58.636,1.2503,1.25045,1.95,1.87
2016.05.03 06:12:59.640,1.25031,1.25045,1.20,1.37
2016.05.03 06:12:59.692,1.25032,1.25046,1.82,1.10
2016.05.03 06:13:00.229,1.25034,1.25047,1.12,1.76
2016.05.03 06:13:01.536,1.25032,1.25047,3.00,1.76
2016.05.03 06:13:02.739,1.25036,1.25047,1.00,1.10
2016.05.03 06:13:04.600,1.25036,1.25048,1.00,1.01
2016.05.03 06:13:04.651,1.25033,1.25048,2.25,1.60
2016.05.03 06:13:04.955,1.25035,1.25049,2.32,1.12
2016.05.03 06:13:05.486,1.25036,1.25049,1.95,1.60
2016.05.03 06:13:06.946,1.25035,1.25049,2.70,1.12
2016.05.03 06:13:07.478,1.25035,1.2505,1.95,2.06
2016.05.03 06:13:07.985,1.25035,1.25049,1.57,1.12
2016.05.03 06:13:09.240,1.25035,1.25049,1.95,1.70
2016.05.03 06:13:10.757,1.25034,1.25049,2.32,2.14
2016.05.03 06:13:11.770,1.25035,1.25049,1.20,2.06
2016.05.03 06:13:11.872,1.25034,1.25049,1.95,2.44
2016.05.03 06:13:13.766,1.25034,1.25046,1.95,1.00
2016.05.03 06:13:13.868,1.25034,1.25049,1.95,3.45
2016.05.03 06:13:17.373,1.25035,1.25045,1.12,1.37
2016.05.03 06:13:17.513,1.25032,1.25045,1.50,1.22
2016.05.03 06:13:17.924,1.25032,1.25046,1.82,1.07
2016.05.03 06:13:18.228,1.25035,1.25045,1.19,1.10
2016.05.03 06:13:18.686,1.25035,1.25048,2.51,1.57
2016.05.03 06:13:19.216,1.25037,1.25048,1.29,1.95
2016.05.03 06:13:19.726,1.25038,1.25048,1.19,1.57
2016.05.03 06:13:21.093,1.25035,1.25044,1.87,1.00
2016.05.03 06:13:21.195,1.25033,1.25044,2.14,1.12
2016.05.03 06:13:25.799,1.25034,1.25046,1.69,1.10
2016.05.03 06:13:26.036,1.25034,1.25047,1.76,1.20
2016.05.03 06:13:26.396,1.25034,1.25046,1.76,1.00
2016.05.03 06:13:26.550,1.25035,1.25046,1.12,1.00
2016.05.03 06:13:27.248,1.25037,1.25046,1.29,1.00
2016.05.03 06:13:27.757,1.25035,1.25049,1.69,3.00
2016.05.03 06:13:28.265,1.25037,1.25049,1.19,1.87
2016.05.03 06:13:30.243,1.25037,1.25049,1.76,1.95
2016.05.03 06:13:30.548,1.25043,1.25052,1.69,1.12
2016.05.03 06:13:30.803,1.25052,1.25063,1.32,2.25
2016.05.03 06:13:31.038,1.25052,1.25064,1.26,1.95
2016.05.03 06:13:31.089,1.25052,1.25064,1.26,1.57
2016.05.03 06:13:34.895,1.25051,1.25064,1.69,2.62
2016.05.03 06:13:35.033,1.25048,1.25062,2.04,1.95
2016.05.03 06:13:35.542,1.2505,1.25062,1.31,1.57
2016.05.03 06:13:35.701,1.25047,1.25061,1.76,1.57
2016.05.03 06:13:36.248,1.25051,1.25062,1.00,1.10
2016.05.03 06:13:36.756,1.25051,1.25064,1.39,1.57
2016.05.03 06:13:37.061,1.25054,1.25064,1.19,1.57
2016.05.03 06:13:37.591,1.25053,1.25064,1.31,1.57
2016.05.03 06:13:40.631,1.25054,1.25065,1.19,1.50
2016.05.03 06:13:41.038,1.25051,1.25065,2.06,1.12
2016.05.03 06:13:41.988,1.25054,1.25065,1.00,1.50
2016.05.03 06:13:43.137,1.25054,1.25065,1.00,1.50
2016.05.03 06:13:43.545,1.25056,1.25065,1.00,1.12
2016.05.03 06:13:43.749,1.25056,1.25068,2.14,1.82
2016.05.03 06:13:43.889,1.25054,1.25066,1.50,1.12
2016.05.03 06:13:43.947,1.25054,1.25065,1.00,1.12
2016.05.03 06:13:45.251,1.25054,1.25062,1.00,1.10
2016.05.03 06:13:45.457,1.25054,1.25063,1.00,1.75
2016.05.03 06:13:49.211,1.25054,1.25062,1.00,1.50
2016.05.03 06:13:49.414,1.25053,1.25063,1.00,1.12
2016.05.03 06:13:49.466,1.25053,1.25062,1.00,1.20
2016.05.03 06:13:49.568,1.25053,1.25062,1.00,1.00
2016.05.03 06:13:51.475,1.25053,1.25064,1.00,1.75
2016.05.03 06:13:52.024,1.25053,1.25064,1.00,1.12
2016.05.03 06:13:54.136,1.25053,1.25064,1.00,1.87
2016.05.03 06:13:54.652,1.25053,1.25064,1.00,1.87
2016.05.03 06:13:55.261,1.25053,1.25064,1.00,1.20
2016.05.03 06:13:56.359,1.25053,1.25065,1.00,2.25
2016.05.03 06:13:57.889,1.25053,1.25064,1.00,1.87
2016.05.03 06:13:58.489,1.25053,1.25064,1.00,1.12
2016.05.03 06:14:07.565,1.25053,1.25063,1.00,1.12
2016.05.03 06:14:08.327,1.25053,1.25063,1.00,1.50
2016.05.03 06:14:08.839,1.25053,1.25063,1.00,1.12
2016.05.03 06:14:09.399,1.25053,1.25062,1.00,1.57
2016.05.03 06:14:09.529,1.25054,1.25062,1.00,2.62
2016.05.03 06:14:09.580,1.25053,1.2506,1.00,1.10
2016.05.03 06:14:09.682,1.25048,1.2506,1.00,1.20
2016.05.03 06:14:10.985,1.25048,1.2506,1.00,1.20
2016.05.03 06:14:11.594,1.25047,1.25059,1.87,1.10
2016.05.03 06:14:11.696,1.25047,1.25061,1.87,1.12
2016.05.03 06:14:12.203,1.25047,1.25062,2.70,3.00
2016.05.03 06:14:14.037,1.25046,1.2506,2.14,1.87
2016.05.03 06:14:14.139,1.25046,1.25059,1.82,1.87
2016.05.03 06:14:14.650,1.25045,1.25058,1.60,1.20
2016.05.03 06:14:14.701,1.25044,1.25058,1.39,1.82
2016.05.03 06:14:15.006,1.25043,1.25058,1.95,2.25
2016.05.03 06:14:15.345,1.25044,1.25058,1.69,1.95
2016.05.03 06:14:15.600,1.25048,1.25059,1.07,1.10
2016.05.03 06:14:16.107,1.25048,1.25059,1.00,1.07
2016.05.03 06:14:16.678,1.25047,1.2506,2.14,1.12
2016.05.03 06:14:17.187,1.25049,1.25061,1.37,1.12
2016.05.03 06:14:17.725,1.25049,1.25061,1.00,1.12
2016.05.03 06:14:18.498,1.25049,1.25063,1.20,2.32
2016.05.03 06:14:19.067,1.25049,1.25062,1.95,1.12
2016.05.03 06:14:19.321,1.25049,1.25061,1.57,1.00
2016.05.03 06:14:20.885,1.25048,1.25061,1.50,1.87
2016.05.03 06:14:21.702,1.25048,1.25058,1.22,1.00
2016.05.03 06:14:21.823,1.25045,1.25058,1.95,1.37
2016.05.03 06:14:22.027,1.25044,1.25054,2.06,1.00
2016.05.03 06:14:22.334,1.25038,1.25049,1.69,1.00
2016.05.03 06:14:24.303,1.25036,1.2505,2.44,1.37
2016.05.03 06:14:24.812,1.25036,1.2505,2.44,1.37
2016.05.03 06:14:26.631,1.25036,1.25049,1.31,1.50
2016.05.03 06:14:27.133,1.25036,1.25049,2.00,1.50
2016.05.03 06:14:30.402,1.25036,1.25047,1.12,1.12
2016.05.03 06:14:30.453,1.25034,1.25047,1.12,1.20
2016.05.03 06:14:30.505,1.25033,1.25044,1.12,1.00
2016.05.03 06:14:30.556,1.25033,1.25046,1.12,2.25
2016.05.03 06:14:30.709,1.25036,1.25048,1.37,1.87
2016.05.03 06:14:30.760,1.25036,1.25049,2.25,1.87
2016.05.03 06:14:31.310,1.25036,1.25049,1.50,2.25
2016.05.03 06:14:39.589,1.25037,1.2505,2.44,1.95
2016.05.03 06:14:40.135,1.25037,1.2505,1.69,1.87
2016.05.03 06:14:43.281,1.25038,1.25051,1.50,1.37
2016.05.03 06:14:44.194,1.25038,1.25051,1.12,1.12
2016.05.03 06:14:46.204,1.25038,1.2505,1.50,1.00
2016.05.03 06:14:48.170,1.25038,1.25052,1.12,1.85
2016.05.03 06:14:50.184,1.25038,1.2505,1.50,1.00
2016.05.03 06:14:52.207,1.25038,1.25051,1.12,1.12
2016.05.03 06:14:54.915,1.25039,1.2505,1.07,1.37
2016.05.03 06:14:58.186,1.25039,1.2505,1.07,1.57
2016.05.03 06:15:00.221,1.25039,1.25051,1.07,1.82
2016.05.03 06:15:06.307,1.25038,1.2505,2.06,1.85
2016.05.03 06:15:07.018,1.25038,1.25049,1.31,1.37
2016.05.03 06:15:07.120,1.25038,1.2505,1.25,1.87
2016.05.03 06:15:07.643,1.25038,1.25049,1.69,2.70
2016.05.03 06:15:08.369,1.25038,1.25049,1.00,2.70
2016.05.03 06:15:08.884,1.25038,1.25049,1.69,1.82
2016.05.03 06:15:08.986,1.25038,1.2505,1.00,2.25
2016.05.03 06:15:09.493,1.25038,1.2505,1.07,1.12
2016.05.03 06:15:10.983,1.2504,1.2505,1.00,1.12
2016.05.03 06:15:13.044,1.2504,1.25049,1.00,1.00
2016.05.03 06:15:16.951,1.25039,1.25049,1.10,1.00
2016.05.03 06:15:20.494,1.25039,1.25048,1.31,1.12
2016.05.03 06:15:20.900,1.25037,1.25048,1.25,1.50
2016.05.03 06:15:22.303,1.25037,1.25048,1.69,1.50
2016.05.03 06:15:22.829,1.25037,1.25048,1.69,1.20
2016.05.03 06:15:23.502,1.25037,1.25048,1.69,1.50
2016.05.03 06:15:27.227,1.25037,1.25048,1.25,1.20
2016.05.03 06:15:27.940,1.25037,1.25047,1.00,1.00
2016.05.03 06:15:27.993,1.25034,1.25047,1.57,1.12
2016.05.03 06:15:28.145,1.25033,1.25045,1.12,1.00
2016.05.03 06:15:28.298,1.25033,1.25045,1.12,2.70
2016.05.03 06:15:28.806,1.25034,1.25045,1.10,1.12
2016.05.03 06:15:29.205,1.25035,1.25045,1.19,1.50
2016.05.03 06:15:30.133,1.25034,1.25047,1.39,1.45
2016.05.03 06:15:30.488,1.25034,1.25042,1.29,1.00
2016.05.03 06:15:30.793,1.25026,1.25037,1.39,1.00
2016.05.03 06:15:30.895,1.25025,1.25036,2.51,1.57
2016.05.03 06:15:31.098,1.25025,1.25034,2.44,1.00
2016.05.03 06:15:32.192,1.25025,1.25033,2.44,1.00
2016.05.03 06:15:33.054,1.25025,1.25032,1.69,1.00
2016.05.03 06:15:33.461,1.25025,1.2503,1.19,1.00
2016.05.03 06:15:34.008,1.25025,1.25029,1.25,1.00
2016.05.03 06:15:35.003,1.2502,1.25029,1.94,1.00
2016.05.03 06:15:35.292,1.25016,1.25026,1.01,1.00
2016.05.03 06:15:35.807,1.25016,1.25027,1.39,1.10
2016.05.03 06:15:37.605,1.25021,1.25028,1.19,1.07
2016.05.03 06:15:37.657,1.25021,1.2503,1.19,1.20
2016.05.03 06:15:38.163,1.25022,1.2503,1.19,1.10
2016.05.03 06:15:38.708,1.25021,1.25031,1.94,1.00
2016.05.03 06:15:38.810,1.25025,1.25031,1.19,1.00
2016.05.03 06:15:39.325,1.25025,1.25033,1.19,1.07
2016.05.03 06:15:45.650,1.25025,1.2503,1.19,1.00
2016.05.03 06:15:46.532,1.25025,1.25032,1.19,1.10
2016.05.03 06:15:47.170,1.25022,1.25032,1.12,1.10
2016.05.03 06:15:48.184,1.25022,1.25032,1.75,1.10
2016.05.03 06:15:48.286,1.25018,1.25032,1.20,1.10
2016.05.03 06:15:48.623,1.25019,1.2503,1.20,1.00
2016.05.03 06:15:48.726,1.2502,1.25028,1.00,1.00
2016.05.03 06:15:49.646,1.25017,1.2503,1.12,2.32
2016.05.03 06:15:49.919,1.25018,1.25032,1.82,1.10
2016.05.03 06:15:50.680,1.25019,1.25032,1.50,1.20
2016.05.03 06:15:50.933,1.25022,1.25032,1.85,1.00
2016.05.03 06:15:51.123,1.2502,1.25032,1.12,1.00
2016.05.03 06:15:51.175,1.25019,1.2503,1.20,1.00
2016.05.03 06:15:51.480,1.25018,1.25022,1.00,1.00
2016.05.03 06:15:51.581,1.25013,1.25022,1.12,1.00
2016.05.03 06:15:52.200,1.25015,1.25024,1.00,1.00
2016.05.03 06:15:52.251,1.25012,1.2502,2.06,1.00
2016.05.03 06:15:52.404,1.25012,1.2502,1.69,1.50
2016.05.03 06:15:52.814,1.25012,1.25021,2.14,1.00
2016.05.03 06:15:52.867,1.25014,1.25026,1.31,1.07
2016.05.03 06:15:53.056,1.25021,1.25028,1.00,1.00
2016.05.03 06:15:53.124,1.25019,1.25031,1.01,1.00
2016.05.03 06:15:53.682,1.25022,1.25028,1.00,1.00
2016.05.03 06:15:54.488,1.25017,1.25028,1.50,1.00
2016.05.03 06:15:55.208,1.25018,1.25028,1.20,1.00
2016.05.03 06:15:55.543,1.25017,1.25025,1.12,1.00
2016.05.03 06:15:55.698,1.25015,1.25021,1.00,1.50
2016.05.03 06:15:55.904,1.25015,1.25025,5.44,1.20
2016.05.03 06:15:56.007,1.25017,1.25027,1.12,1.07
2016.05.03 06:15:56.552,1.25018,1.25027,1.94,1.00
2016.05.03 06:15:57.701,1.25018,1.25027,1.94,1.00
2016.05.03 06:15:58.432,1.25019,1.25031,1.19,1.57
2016.05.03 06:16:00.645,1.25019,1.25031,1.19,1.37
2016.05.03 06:16:01.154,1.25019,1.25031,1.00,1.37
2016.05.03 06:16:01.515,1.25017,1.25031,2.06,1.37
2016.05.03 06:16:02.879,1.25017,1.25031,2.06,1.50
2016.05.03 06:16:04.166,1.25017,1.25031,2.06,1.20
2016.05.03 06:16:04.685,1.25017,1.25031,1.94,1.57
2016.05.03 06:16:05.213,1.2502,1.25032,1.50,1.12
2016.05.03 06:16:05.315,1.2502,1.25032,1.50,1.00
2016.05.03 06:16:05.417,1.2502,1.25033,1.50,1.47
2016.05.03 06:16:05.929,1.2502,1.25033,1.50,1.85
2016.05.03 06:16:06.335,1.2502,1.25033,1.50,1.20
2016.05.03 06:16:06.836,1.2502,1.25032,1.50,1.00
2016.05.03 06:16:07.649,1.2502,1.25032,1.50,1.12
2016.05.03 06:16:08.156,1.2502,1.25033,1.50,1.20
2016.05.03 06:16:08.704,1.2502,1.25033,1.12,2.32
2016.05.03 06:16:09.448,1.2502,1.25033,1.12,2.70
2016.05.03 06:16:09.854,1.2502,1.25032,1.62,1.00
2016.05.03 06:16:11.306,1.25022,1.25033,1.31,1.47
2016.05.03 06:16:12.007,1.25021,1.25032,1.19,1.00
2016.05.03 06:16:12.536,1.25021,1.25032,1.25,1.00
2016.05.03 06:16:13.189,1.25022,1.25032,1.19,1.00
2016.05.03 06:16:13.645,1.2502,1.25034,1.31,1.82
2016.05.03 06:16:15.309,1.25023,1.25035,1.00,1.95
2016.05.03 06:16:15.564,1.2502,1.25034,1.76,1.57
2016.05.03 06:16:16.176,1.25021,1.25032,1.25,1.00
2016.05.03 06:16:16.713,1.25021,1.25034,1.31,1.57
2016.05.03 06:16:18.579,1.25021,1.25034,1.31,1.95
2016.05.03 06:16:18.680,1.25021,1.25034,1.69,1.20
2016.05.03 06:16:19.088,1.25021,1.25034,1.31,1.95
2016.05.03 06:16:19.490,1.25022,1.25034,1.69,1.95
2016.05.03 06:16:20.018,1.25022,1.25034,1.19,1.95
2016.05.03 06:16:22.852,1.2502,1.25033,1.62,1.57
2016.05.03 06:16:23.356,1.2502,1.25033,1.25,1.82
2016.05.03 06:16:23.559,1.25021,1.25034,1.19,2.25
2016.05.03 06:16:23.965,1.2502,1.25034,1.31,1.12
2016.05.03 06:16:24.404,1.25021,1.25031,1.19,1.00
2016.05.03 06:16:24.910,1.2502,1.25032,1.69,1.10
2016.05.03 06:16:25.223,1.25022,1.25032,1.19,1.10
2016.05.03 06:16:25.427,1.25022,1.25032,1.00,1.10
2016.05.03 06:16:25.640,1.25022,1.25032,1.19,1.10
2016.05.03 06:16:26.049,1.25019,1.25032,1.12,1.95
2016.05.03 06:16:26.557,1.25018,1.25031,2.44,2.32
2016.05.03 06:16:28.501,1.25019,1.25032,1.39,1.50
2016.05.03 06:16:29.109,1.25019,1.25033,1.76,1.20
2016.05.03 06:16:30.207,1.25021,1.25033,1.69,1.10
2016.05.03 06:16:30.309,1.25021,1.25034,1.31,1.95
2016.05.03 06:16:36.609,1.25021,1.25035,1.62,3.00
2016.05.03 06:16:37.830,1.25022,1.25035,1.31,2.25
2016.05.03 06:16:42.445,1.25028,1.25035,1.00,1.20
2016.05.03 06:16:42.598,1.2503,1.25036,1.69,1.00
2016.05.03 06:16:42.650,1.25034,1.25038,1.00,1.00
2016.05.03 06:16:42.702,1.25035,1.25042,1.25,1.00
2016.05.03 06:16:42.905,1.25033,1.25045,2.51,1.10
2016.05.03 06:16:43.412,1.25033,1.25048,2.51,2.70
2016.05.03 06:16:43.697,1.25035,1.25048,1.19,3.00
2016.05.03 06:16:44.103,1.25033,1.25045,1.12,1.50
2016.05.03 06:16:54.828,1.2503,1.2504,2.04,1.00
2016.05.03 06:16:55.032,1.25024,1.25035,1.20,1.10
2016.05.03 06:16:55.575,1.25023,1.25035,1.19,1.57
2016.05.03 06:16:56.082,1.25023,1.25035,1.25,2.32
2016.05.03 06:16:56.538,1.25023,1.25035,1.69,1.57
2016.05.03 06:16:56.971,1.25023,1.25035,1.25,2.32
2016.05.03 06:16:57.123,1.25023,1.25035,1.69,2.70
2016.05.03 06:16:57.633,1.25023,1.25035,1.00,2.70
2016.05.03 06:16:57.837,1.25028,1.25035,1.00,1.57
2016.05.03 06:16:58.171,1.25024,1.25038,1.39,1.07
2016.05.03 06:16:58.273,1.25023,1.25038,2.51,1.82
2016.05.03 06:16:58.632,1.25025,1.25039,1.19,3.00
2016.05.03 06:16:58.784,1.25026,1.25038,1.76,1.00
2016.05.03 06:16:58.886,1.25026,1.25041,2.04,3.37
2016.05.03 06:16:58.988,1.25027,1.25041,1.31,1.87
2016.05.03 06:16:59.224,1.25029,1.2504,1.25,1.07
2016.05.03 06:16:59.276,1.2503,1.25042,1.50,1.57
2016.05.03 06:16:59.378,1.25029,1.25044,2.89,1.50
2016.05.03 06:16:59.686,1.2503,1.25044,1.94,1.75
2016.05.03 06:17:00.193,1.2503,1.25044,1.94,1.75
2016.05.03 06:17:01.247,1.2503,1.25044,1.94,1.50
2016.05.03 06:17:01.754,1.25031,1.25043,1.19,1.07
2016.05.03 06:17:02.349,1.25031,1.25041,1.19,1.00
2016.05.03 06:17:03.197,1.25031,1.2504,1.19,1.00
2016.05.03 06:17:03.704,1.2503,1.25041,1.94,1.00
2016.05.03 06:17:05.110,1.25029,1.25041,1.01,1.00
2016.05.03 06:17:05.416,1.2503,1.25041,1.01,1.00
2016.05.03 06:17:06.608,1.25031,1.25041,1.25,1.10
2016.05.03 06:17:08.063,1.2503,1.25041,1.01,1.10
2016.05.03 06:17:08.572,1.25033,1.25043,1.00,1.12
2016.05.03 06:17:09.325,1.25033,1.25043,1.19,1.12
2016.05.03 06:17:10.550,1.25033,1.25043,1.00,1.12
2016.05.03 06:17:11.055,1.2503,1.25043,1.01,1.50
2016.05.03 06:17:12.627,1.2503,1.2504,1.01,1.00
2016.05.03 06:17:12.679,1.25028,1.25038,2.06,1.00
2016.05.03 06:17:12.935,1.25022,1.25033,2.51,1.00
2016.05.03 06:17:13.440,1.25022,1.25034,1.39,1.12
2016.05.03 06:17:14.802,1.25022,1.25034,1.39,1.12
2016.05.03 06:17:15.331,1.25024,1.25034,1.26,1.00
2016.05.03 06:17:16.020,1.25022,1.25034,1.31,1.10
2016.05.03 06:17:16.791,1.25022,1.25035,1.31,1.87
2016.05.03 06:17:17.329,1.25022,1.25035,1.01,1.20
2016.05.03 06:17:20.652,1.25022,1.25033,1.01,1.00
2016.05.03 06:17:20.855,1.2502,1.25032,1.32,1.50
2016.05.03 06:17:21.362,1.2502,1.25032,1.31,1.50
2016.05.03 06:17:23.956,1.2502,1.2503,1.31,1.00
2016.05.03 06:17:24.019,1.25018,1.2503,1.31,1.12
2016.05.03 06:17:24.425,1.25018,1.25027,2.06,1.00
2016.05.03 06:17:27.691,1.25019,1.25029,1.01,1.00
2016.05.03 06:17:35.159,1.25018,1.25029,2.04,1.00
2016.05.03 06:17:35.210,1.25018,1.25026,2.04,1.00
2016.05.03 06:17:35.515,1.25017,1.25026,1.01,1.00
2016.05.03 06:17:35.667,1.25017,1.25026,1.01,1.00
2016.05.03 06:17:36.205,1.25017,1.25027,1.01,1.00
2016.05.03 06:17:36.865,1.25018,1.25025,1.01,1.00
2016.05.03 06:17:37.476,1.25015,1.25025,1.01,1.00
2016.05.03 06:17:38.019,1.25015,1.25025,1.01,1.00
2016.05.03 06:17:38.172,1.25015,1.25027,1.01,1.10
2016.05.03 06:17:38.719,1.25016,1.25027,1.01,1.00
2016.05.03 06:17:41.197,1.25015,1.25027,1.01,1.00
2016.05.03 06:17:41.734,1.25017,1.25027,1.00,1.00
2016.05.03 06:17:42.178,1.25017,1.25027,1.12,1.00
2016.05.03 06:17:42.752,1.25017,1.25021,1.12,1.00
2016.05.03 06:17:42.854,1.25011,1.25019,1.94,1.50
2016.05.03 06:17:42.956,1.25011,1.25017,1.19,1.12
2016.05.03 06:17:43.109,1.25005,1.25014,1.19,1.00
2016.05.03 06:17:43.212,1.25003,1.25014,1.29,1.07
2016.05.03 06:17:43.724,1.25003,1.25014,1.76,1.50
2016.05.03 06:17:44.132,1.25003,1.25008,1.26,1.00
2016.05.03 06:17:44.286,1.24998,1.25006,1.19,1.37
2016.05.03 06:17:44.726,1.24998,1.25008,1.19,1.87
2016.05.03 06:17:44.777,1.24995,1.25002,1.12,1.00
2016.05.03 06:17:44.880,1.24985,1.24997,1.00,1.00
2016.05.03 06:17:44.931,1.2499,1.24999,1.25,1.95
2016.05.03 06:17:45.035,1.2499,1.24997,1.25,1.00
2016.05.03 06:17:45.493,1.24987,1.24995,1.20,1.00
2016.05.03 06:17:45.629,1.24972,1.24981,3.75,1.00
2016.05.03 06:17:45.681,1.24961,1.24967,1.12,1.50
2016.05.03 06:17:45.782,1.24966,1.24977,1.12,2.62
2016.05.03 06:17:45.834,1.2492,1.24928,3.82,16.12
2016.05.03 06:17:45.936,1.24918,1.24923,1.19,6.00
2016.05.03 06:17:46.038,1.24913,1.24923,1.69,1.00
2016.05.03 06:17:46.090,1.24913,1.2492,1.69,1.00
2016.05.03 06:17:46.141,1.24913,1.2492,1.00,1.00
2016.05.03 06:17:46.192,1.24912,1.24924,1.00,1.00
2016.05.03 06:17:46.334,1.24912,1.24924,2.14,1.00
2016.05.03 06:17:46.589,1.24917,1.24938,1.76,1.12
2016.05.03 06:17:46.843,1.24926,1.2494,1.50,3.00
2016.05.03 06:17:46.945,1.24916,1.24939,1.05,2.62
2016.05.03 06:17:46.996,1.24913,1.24934,1.76,1.00
2016.05.03 06:17:47.047,1.24913,1.24934,1.25,1.75
2016.05.03 06:17:47.223,1.24915,1.24936,2.14,1.00
2016.05.03 06:17:47.531,1.24917,1.24937,1.45,1.00
2016.05.03 06:17:47.912,1.24919,1.24935,1.70,1.00
2016.05.03 06:17:48.157,1.24912,1.24932,2.21,1.25
2016.05.03 06:17:48.261,1.24912,1.24932,1.34,1.25
2016.05.03 06:17:48.314,1.2491,1.2493,2.51,1.00
2016.05.03 06:17:48.365,1.2491,1.24933,2.51,1.37
2016.05.03 06:17:48.468,1.24914,1.24935,2.14,1.16
2016.05.03 06:17:48.520,1.24917,1.24935,1.45,1.05
2016.05.03 06:17:48.674,1.24921,1.24941,1.29,1.87
2016.05.03 06:17:48.863,1.24922,1.24941,1.19,1.75
2016.05.03 06:17:48.974,1.24925,1.24945,1.00,1.87
2016.05.03 06:17:49.025,1.2493,1.24943,1.95,3.75
2016.05.03 06:17:49.231,1.2494,1.2495,1.76,1.00
2016.05.03 06:17:49.283,1.24943,1.24961,1.07,1.50
2016.05.03 06:17:49.334,1.24943,1.24961,1.56,1.50
2016.05.03 06:17:49.622,1.2494,1.24957,1.69,1.10
2016.05.03 06:17:49.674,1.24937,1.24956,3.75,1.45
2016.05.03 06:17:49.725,1.24934,1.24956,1.69,1.12
2016.05.03 06:17:49.777,1.24934,1.24951,1.87,1.00
2016.05.03 06:17:49.981,1.24929,1.24948,1.56,1.00
2016.05.03 06:17:50.084,1.24933,1.24952,1.00,1.50
2016.05.03 06:17:50.136,1.24933,1.24952,1.70,1.00
2016.05.03 06:17:50.187,1.24937,1.24954,1.10,1.20
2016.05.03 06:17:50.238,1.24944,1.24954,2.14,1.00
2016.05.03 06:17:50.290,1.24947,1.24958,1.29,1.12
2016.05.03 06:17:50.341,1.24948,1.2496,1.39,1.37
2016.05.03 06:17:50.481,1.24951,1.24968,1.19,1.50
2016.05.03 06:17:50.688,1.24946,1.24969,1.69,2.32
2016.05.03 06:17:50.790,1.24945,1.24966,1.31,1.00
2016.05.03 06:17:51.299,1.24946,1.24968,1.36,1.00
2016.05.03 06:17:51.351,1.24946,1.24968,1.71,1.00
2016.05.03 06:17:51.689,1.24943,1.24957,1.01,1.00
2016.05.03 06:17:51.791,1.24942,1.24955,1.00,1.12
2016.05.03 06:17:51.842,1.24935,1.24952,1.29,1.00
2016.05.03 06:17:51.893,1.24934,1.24951,1.07,1.19
2016.05.03 06:17:52.097,1.24924,1.24945,1.69,1.62
2016.05.03 06:17:52.148,1.24927,1.24943,1.62,1.12
2016.05.03 06:17:52.454,1.24931,1.24947,1.12,1.47
2016.05.03 06:17:52.760,1.24931,1.24946,1.12,1.12
2016.05.03 06:17:53.015,1.24933,1.24945,1.00,1.12
2016.05.03 06:17:53.067,1.2493,1.24944,1.01,1.12
2016.05.03 06:17:53.119,1.2493,1.24943,1.01,1.75
2016.05.03 06:17:53.273,1.24928,1.2494,1.31,1.12
2016.05.03 06:17:53.558,1.24916,1.24927,2.59,1.07
2016.05.03 06:17:53.610,1.24916,1.2493,1.01,1.10
2016.05.03 06:17:54.069,1.24914,1.24931,5.81,1.62
2016.05.03 06:17:54.301,1.24897,1.2491,1.50,1.37
2016.05.03 06:17:54.616,1.24892,1.24911,5.44,1.07
2016.05.03 06:17:55.164,1.24893,1.24911,3.94,1.10
2016.05.03 06:17:55.267,1.24892,1.2491,2.44,1.37
2016.05.03 06:17:55.576,1.24892,1.24913,3.94,1.94
2016.05.03 06:17:56.114,1.24891,1.24913,3.94,2.25
2016.05.03 06:17:56.595,1.24893,1.24911,3.75,1.87
2016.05.03 06:17:57.350,1.24891,1.2491,3.75,1.10
2016.05.03 06:17:57.872,1.24897,1.24914,1.05,1.12
2016.05.03 06:17:58.179,1.24907,1.24922,1.20,1.60
2016.05.03 06:17:58.230,1.24906,1.24922,1.12,1.69
2016.05.03 06:17:58.766,1.24907,1.24919,1.07,1.00
2016.05.03 06:17:59.021,1.24907,1.24917,1.12,1.56
2016.05.03 06:17:59.226,1.24911,1.24922,1.07,1.12
2016.05.03 06:17:59.277,1.24911,1.24924,1.17,1.20
2016.05.03 06:17:59.328,1.24912,1.24927,1.12,1.31
2016.05.03 06:17:59.467,1.24917,1.24931,1.12,1.45
2016.05.03 06:17:59.569,1.24919,1.24932,1.56,1.75
2016.05.03 06:17:59.670,1.2492,1.24935,1.12,1.75
2016.05.03 06:17:59.773,1.24917,1.24932,1.69,1.92
2016.05.03 06:17:59.824,1.24915,1.2493,1.75,1.37
2016.05.03 06:17:59.876,1.24915,1.24927,1.07,1.00
2016.05.03 06:17:59.928,1.24913,1.24928,2.14,1.12
2016.05.03 06:18:00.084,1.24914,1.2493,1.60,1.20
2016.05.03 06:18:00.135,1.24914,1.24928,1.12,1.37
2016.05.03 06:18:01.136,1.24914,1.24929,1.87,1.20
2016.05.03 06:18:01.444,1.24922,1.24937,1.01,1.87
2016.05.03 06:18:01.635,1.24919,1.24935,1.31,1.82
2016.05.03 06:18:01.940,1.24918,1.24933,1.87,1.37
2016.05.03 06:18:02.196,1.24913,1.24929,1.12,3.37
2016.05.03 06:18:02.299,1.24911,1.24927,1.31,1.50
2016.05.03 06:18:02.350,1.24912,1.24926,1.07,1.20
2016.05.03 06:18:02.690,1.2491,1.24918,1.37,4.69
2016.05.03 06:18:03.000,1.24874,1.24886,1.50,1.19
2016.05.03 06:18:03.052,1.24874,1.24883,1.37,1.00
2016.05.03 06:18:03.104,1.24867,1.24883,3.75,1.12
2016.05.03 06:18:03.155,1.24867,1.24879,3.75,1.00
2016.05.03 06:18:03.308,1.24865,1.24882,1.87,2.25
2016.05.03 06:18:03.502,1.24865,1.24883,5.25,1.12
2016.05.03 06:18:03.655,1.24862,1.24883,1.31,1.87
2016.05.03 06:18:03.757,1.24863,1.24883,3.94,2.47
2016.05.03 06:18:04.317,1.24866,1.24883,1.37,1.54
2016.05.03 06:18:04.368,1.24863,1.24879,4.50,1.00
2016.05.03 06:18:04.677,1.24858,1.24869,1.19,1.25
2016.05.03 06:18:04.829,1.24858,1.24875,1.19,1.50
2016.05.03 06:18:04.881,1.24861,1.24875,1.19,1.00
2016.05.03 06:18:05.212,1.24862,1.24877,1.50,1.41
2016.05.03 06:18:05.364,1.24862,1.2488,1.50,1.16
2016.05.03 06:18:05.568,1.24858,1.2488,1.46,1.41
2016.05.03 06:18:05.924,1.24858,1.2488,1.76,1.41
2016.05.03 06:18:06.230,1.24865,1.24884,1.12,1.01
2016.05.03 06:18:06.534,1.24874,1.2489,1.39,1.00
2016.05.03 06:18:06.941,1.24874,1.24887,1.17,1.56
2016.05.03 06:18:07.094,1.24863,1.24876,1.00,1.56
2016.05.03 06:18:07.604,1.2486,1.24876,1.29,2.81
2016.05.03 06:18:07.807,1.24861,1.24876,3.94,1.69
2016.05.03 06:18:08.246,1.24867,1.24876,1.00,1.19
2016.05.03 06:18:08.297,1.24867,1.24877,1.69,1.12
2016.05.03 06:18:08.399,1.24862,1.24876,1.94,1.00
2016.05.03 06:18:08.451,1.24867,1.2488,3.75,1.00
2016.05.03 06:18:08.604,1.24867,1.24883,4.12,1.50
2016.05.03 06:18:08.656,1.24867,1.24878,4.12,1.00
2016.05.03 06:18:08.759,1.24866,1.24882,3.94,1.50
2016.05.03 06:18:08.810,1.2487,1.24882,3.75,1.12
2016.05.03 06:18:08.914,1.24866,1.24881,3.94,1.37
2016.05.03 06:18:09.016,1.24871,1.24882,1.75,1.79
2016.05.03 06:18:09.261,1.24867,1.24882,3.75,2.25
2016.05.03 06:18:09.314,1.24863,1.24882,1.69,2.25
2016.05.03 06:18:09.366,1.24861,1.24878,1.39,1.12
2016.05.03 06:18:09.672,1.24859,1.24877,1.62,1.50
2016.05.03 06:18:09.775,1.24865,1.24881,1.00,3.00
2016.05.03 06:18:09.929,1.24863,1.2488,1.50,1.50
2016.05.03 06:18:09.980,1.24859,1.24876,1.31,1.00
2016.05.03 06:18:10.327,1.24864,1.2488,1.31,1.12
2016.05.03 06:18:10.632,1.24868,1.2488,1.69,1.37
2016.05.03 06:18:10.937,1.2487,1.24883,2.14,1.37
2016.05.03 06:18:11.040,1.24871,1.24889,1.01,1.25
2016.05.03 06:18:11.091,1.24873,1.24879,1.00,1.00
2016.05.03 06:18:11.378,1.24861,1.24873,1.25,1.19
2016.05.03 06:18:11.989,1.2486,1.24878,1.66,3.19
2016.05.03 06:18:12.505,1.24862,1.24878,1.25,3.19
2016.05.03 06:18:12.678,1.24864,1.24877,1.00,1.12
2016.05.03 06:18:12.882,1.24864,1.2488,1.19,2.62
2016.05.03 06:18:12.984,1.24864,1.2488,1.56,1.87
2016.05.03 06:18:13.390,1.24871,1.24879,1.00,1.31
2016.05.03 06:18:13.442,1.24871,1.24882,1.00,3.00
2016.05.03 06:18:13.646,1.24871,1.24884,3.94,1.12
2016.05.03 06:18:13.697,1.24873,1.24889,1.12,4.01
2016.05.03 06:18:13.748,1.24874,1.24889,1.12,3.75
2016.05.03 06:18:13.951,1.24853,1.24869,4.69,1.97
2016.05.03 06:18:14.003,1.24853,1.2486,1.37,1.00
2016.05.03 06:18:14.106,1.24843,1.24855,1.12,1.00
2016.05.03 06:18:14.208,1.24816,1.24823,11.62,4.69
2016.05.03 06:18:14.260,1.24807,1.24814,1.56,1.00
2016.05.03 06:18:14.314,1.24804,1.24811,1.00,2.06
2016.05.03 06:18:14.365,1.24795,1.24805,1.31,1.00
2016.05.03 06:18:14.417,1.24795,1.24803,1.56,1.00
2016.05.03 06:18:14.469,1.24795,1.24805,1.56,1.00
2016.05.03 06:18:14.652,1.24792,1.24801,1.00,1.00
2016.05.03 06:18:14.704,1.24788,1.24802,1.00,2.25
2016.05.03 06:18:14.857,1.24788,1.24798,1.00,1.19
2016.05.03 06:18:14.959,1.24786,1.24798,1.00,1.19
2016.05.03 06:18:15.062,1.24783,1.24794,1.00,1.00
2016.05.03 06:18:15.114,1.24779,1.24785,1.50,1.19
2016.05.03 06:18:15.165,1.24777,1.24785,1.00,1.19
2016.05.03 06:18:15.217,1.24777,1.24787,1.00,1.31
2016.05.03 06:18:15.268,1.24771,1.24787,1.37,2.06
2016.05.03 06:18:15.491,1.24774,1.24792,1.00,1.50
2016.05.03 06:18:15.593,1.2478,1.24793,1.00,1.50
2016.05.03 06:18:15.798,1.2478,1.24797,1.00,1.25
2016.05.03 06:18:15.849,1.2478,1.24795,1.00,1.25
2016.05.03 06:18:15.951,1.2478,1.24798,1.00,1.62
2016.05.03 06:18:16.205,1.24783,1.24797,1.00,1.19
2016.05.03 06:18:16.511,1.24785,1.248,1.00,1.31
2016.05.03 06:18:17.323,1.24788,1.248,1.00,1.19
2016.05.03 06:18:17.628,1.248,1.24807,1.50,1.12
2016.05.03 06:18:17.730,1.24806,1.24818,1.00,1.87
2016.05.03 06:18:17.782,1.24812,1.2482,1.00,1.64
2016.05.03 06:18:17.833,1.24813,1.24824,1.00,2.62
2016.05.03 06:18:17.953,1.24816,1.24828,1.07,3.00
2016.05.03 06:18:18.007,1.24822,1.2483,1.00,1.19
2016.05.03 06:18:18.668,1.24818,1.2483,1.12,1.19
2016.05.03 06:18:18.720,1.24817,1.24826,1.50,1.19
2016.05.03 06:18:18.822,1.24808,1.24819,1.07,1.29
2016.05.03 06:18:19.002,1.24803,1.24818,1.27,1.31
2016.05.03 06:18:19.055,1.24799,1.24808,2.40,1.19
2016.05.03 06:18:19.266,1.24799,1.24807,1.37,1.19
2016.05.03 06:18:19.368,1.248,1.24812,1.12,1.19
2016.05.03 06:18:19.470,1.24802,1.24814,1.50,1.69
2016.05.03 06:18:19.724,1.24806,1.24818,1.10,1.31
2016.05.03 06:18:20.067,1.24808,1.24818,1.00,1.29
2016.05.03 06:18:20.780,1.24805,1.24818,1.12,1.19
2016.05.03 06:18:21.491,1.24805,1.2482,1.12,1.01
2016.05.03 06:18:21.542,1.24805,1.24823,1.50,2.04
2016.05.03 06:18:21.849,1.24818,1.24828,1.00,1.26
2016.05.03 06:18:22.800,1.2482,1.24828,1.00,1.29
2016.05.03 06:18:23.003,1.2482,1.24831,1.00,1.69
2016.05.03 06:18:23.508,1.24821,1.24831,1.00,1.69
2016.05.03 06:18:23.661,1.24821,1.24832,1.00,1.26
2016.05.03 06:18:24.118,1.24826,1.24837,1.00,1.31
2016.05.03 06:18:24.616,1.24819,1.24832,3.75,1.00
2016.05.03 06:18:24.668,1.24817,1.24828,1.00,1.10
2016.05.03 06:18:24.719,1.2481,1.24824,4.50,3.75
2016.05.03 06:18:24.771,1.2481,1.24824,1.50,3.75
2016.05.03 06:18:24.822,1.24811,1.24827,1.37,1.26
2016.05.03 06:18:24.874,1.24811,1.24827,1.75,1.10
2016.05.03 06:18:25.179,1.24811,1.24829,2.25,1.56
2016.05.03 06:18:25.535,1.24815,1.24831,1.07,1.60
2016.05.03 06:18:25.637,1.24815,1.24831,1.37,1.01
2016.05.03 06:18:26.144,1.24815,1.24832,1.50,1.50
2016.05.03 06:18:26.963,1.24817,1.24833,1.12,2.32
2016.05.03 06:18:27.475,1.24817,1.24832,1.37,1.20
2016.05.03 06:18:27.526,1.24817,1.24832,1.10,1.20
2016.05.03 06:18:27.729,1.24817,1.24833,1.12,1.50
2016.05.03 06:18:29.062,1.2482,1.24834,1.00,1.47
2016.05.03 06:18:29.165,1.24816,1.24836,3.75,1.52
2016.05.03 06:18:29.435,1.24816,1.24826,4.87,1.12
2016.05.03 06:18:29.486,1.24815,1.24826,1.75,1.20
2016.05.03 06:18:29.588,1.24816,1.24825,1.00,3.94
2016.05.03 06:18:29.741,1.24812,1.24823,1.00,2.12
2016.05.03 06:18:29.944,1.24812,1.24825,1.87,1.20
2016.05.03 06:18:30.046,1.24812,1.2483,2.62,3.19
2016.05.03 06:18:30.172,1.24812,1.24828,1.57,4.31
2016.05.03 06:18:30.479,1.24818,1.24828,1.00,4.12
2016.05.03 06:18:30.531,1.24823,1.2483,1.00,1.37
2016.05.03 06:18:30.635,1.24824,1.24836,1.00,2.14
2016.05.03 06:18:30.687,1.24821,1.24836,1.50,2.51
2016.05.03 06:18:30.738,1.24817,1.24833,1.12,2.25
2016.05.03 06:18:30.789,1.24816,1.24833,1.87,3.82
2016.05.03 06:18:31.124,1.24811,1.24819,1.00,1.12
2016.05.03 06:18:31.227,1.24808,1.2482,1.50,1.92
2016.05.03 06:18:31.330,1.24808,1.24821,1.50,1.50
2016.05.03 06:18:31.434,1.24806,1.24822,1.37,1.20
2016.05.03 06:18:31.485,1.24806,1.24824,1.37,1.50
2016.05.03 06:18:32.075,1.24807,1.24825,1.12,1.09
2016.05.03 06:18:32.746,1.24803,1.24822,2.06,1.57
2016.05.03 06:18:32.849,1.24806,1.24821,1.00,1.75
2016.05.03 06:18:33.357,1.24807,1.2482,1.25,1.45
2016.05.03 06:18:33.822,1.24807,1.2482,1.62,1.47
2016.05.03 06:18:34.252,1.24806,1.2482,1.69,1.00
2016.05.03 06:18:34.518,1.24809,1.24824,1.75,1.85
2016.05.03 06:18:34.570,1.24808,1.24823,4.50,1.00
2016.05.03 06:18:34.773,1.24808,1.24819,1.75,1.00
2016.05.03 06:18:34.926,1.24808,1.24819,1.12,1.00
2016.05.03 06:18:35.027,1.24804,1.24819,1.10,1.50
2016.05.03 06:18:35.370,1.24805,1.24817,1.07,1.07
2016.05.03 06:18:35.677,1.24804,1.24813,1.12,1.00
2016.05.03 06:18:36.339,1.248,1.24813,1.12,1.50
2016.05.03 06:18:36.526,1.24796,1.24807,1.00,1.50
2016.05.03 06:18:36.628,1.24794,1.24807,1.10,1.57
2016.05.03 06:18:36.679,1.24796,1.24804,1.00,1.12
2016.05.03 06:18:37.137,1.24796,1.24807,1.00,1.75
2016.05.03 06:18:37.240,1.24793,1.24807,1.00,1.12
2016.05.03 06:18:37.425,1.24794,1.24809,1.07,1.37
2016.05.03 06:18:37.937,1.24792,1.24809,1.07,1.37
2016.05.03 06:18:38.090,1.24795,1.24811,1.00,1.20
2016.05.03 06:18:38.244,1.24801,1.24813,1.00,1.10
2016.05.03 06:18:38.295,1.24806,1.24814,1.00,4.12
2016.05.03 06:18:38.830,1.24807,1.24817,1.00,1.37
2016.05.03 06:18:39.287,1.24805,1.24817,1.57,1.31
2016.05.03 06:18:39.429,1.24805,1.24816,1.00,1.56
2016.05.03 06:18:39.582,1.24803,1.24816,1.00,1.56
2016.05.03 06:18:39.685,1.2481,1.24817,1.00,1.69
2016.05.03 06:18:39.787,1.24814,1.24822,1.10,2.62
2016.05.03 06:18:39.889,1.24815,1.24822,1.37,1.50
2016.05.03 06:18:39.940,1.24816,1.24825,1.12,1.00
2016.05.03 06:18:39.992,1.24816,1.24827,1.37,1.50
2016.05.03 06:18:40.094,1.24816,1.2483,1.37,2.51
2016.05.03 06:18:40.615,1.24816,1.24831,1.37,1.01
2016.05.03 06:18:42.848,1.24817,1.24832,1.10,1.69
2016.05.03 06:18:43.245,1.24811,1.24821,1.20,1.56
2016.05.03 06:18:43.400,1.24797,1.24806,1.00,1.26
2016.05.03 06:18:43.451,1.24797,1.24805,1.00,1.29
2016.05.03 06:18:43.503,1.24789,1.24805,1.00,1.69
2016.05.03 06:18:44.045,1.24789,1.24805,1.00,1.12
2016.05.03 06:18:44.201,1.24789,1.24807,1.00,2.51
2016.05.03 06:18:44.708,1.24789,1.24806,1.00,1.01
2016.05.03 06:18:44.912,1.24788,1.24806,1.00,2.14
2016.05.03 06:18:45.190,1.24785,1.24805,2.25,1.19
2016.05.03 06:18:45.292,1.24785,1.24804,1.00,1.31
2016.05.03 06:18:45.801,1.24784,1.24804,2.25,1.39
2016.05.03 06:18:45.903,1.24784,1.24804,2.25,1.76
2016.05.03 06:18:46.005,1.24784,1.24804,2.25,1.57
2016.05.03 06:18:46.108,1.24787,1.24804,1.00,1.76
2016.05.03 06:18:46.446,1.24787,1.24804,1.12,2.06
2016.05.03 06:18:46.752,1.24785,1.24802,1.87,1.31
2016.05.03 06:18:48.270,1.24785,1.24804,2.25,7.42
2016.05.03 06:18:48.373,1.24801,1.24806,1.00,1.50
2016.05.03 06:18:48.593,1.24802,1.2482,1.37,1.31
2016.05.03 06:18:48.645,1.24802,1.24815,1.37,1.19
2016.05.03 06:18:48.697,1.248,1.24814,3.37,4.76
2016.05.03 06:18:48.850,1.24798,1.24816,1.87,2.81
2016.05.03 06:18:49.156,1.24801,1.24817,1.10,4.31
2016.05.03 06:18:49.754,1.24808,1.24817,1.00,3.94
2016.05.03 06:18:49.806,1.24808,1.2482,1.00,5.55
2016.05.03 06:18:49.908,1.24807,1.24817,1.75,3.75
2016.05.03 06:18:50.010,1.24799,1.24816,3.56,1.12
2016.05.03 06:18:50.062,1.24804,1.24817,1.00,6.19
2016.05.03 06:18:50.163,1.24802,1.24818,1.00,4.50
2016.05.03 06:18:50.215,1.24802,1.2482,2.62,1.31
2016.05.03 06:18:50.451,1.24805,1.24822,1.45,1.31
2016.05.03 06:18:50.553,1.24805,1.24823,1.12,1.31
2016.05.03 06:18:50.858,1.24803,1.24822,1.37,2.44
2016.05.03 06:18:51.214,1.24803,1.24822,1.12,1.56
2016.05.03 06:18:51.713,1.24803,1.24823,4.12,1.69
2016.05.03 06:18:52.221,1.24803,1.24823,4.12,2.44
2016.05.03 06:18:52.810,1.24806,1.24821,1.56,1.12
2016.05.03 06:18:52.861,1.24811,1.24821,1.00,1.50
2016.05.03 06:18:52.964,1.24809,1.24821,1.00,1.50
2016.05.03 06:18:53.066,1.24805,1.24824,1.50,1.12
2016.05.03 06:18:53.422,1.24804,1.24819,1.57,1.07
2016.05.03 06:18:53.525,1.24803,1.24817,1.07,2.25
2016.05.03 06:18:53.835,1.24814,1.24825,1.00,3.82
2016.05.03 06:18:53.886,1.24814,1.24826,1.07,1.00
2016.05.03 06:18:53.988,1.24816,1.24828,1.10,1.10
2016.05.03 06:18:55.043,1.24819,1.24831,1.00,1.12
2016.05.03 06:18:55.349,1.24829,1.24839,1.00,2.32
2016.05.03 06:18:55.400,1.24829,1.24838,1.07,1.50
2016.05.03 06:18:55.901,1.24829,1.24841,1.57,1.10
2016.05.03 06:18:56.157,1.24829,1.24843,1.10,1.37
2016.05.03 06:18:56.462,1.24822,1.24837,2.44,1.20
2016.05.03 06:18:56.787,1.24821,1.24827,1.50,1.10
2016.05.03 06:18:57.095,1.24815,1.24828,1.10,1.45
2016.05.03 06:18:57.198,1.24813,1.24828,2.96,1.87
2016.05.03 06:18:57.483,1.24813,1.24827,3.26,1.10
2016.05.03 06:18:57.689,1.24813,1.24827,2.02,1.00
2016.05.03 06:18:58.197,1.24812,1.24827,4.46,1.12
2016.05.03 06:18:58.548,1.24823,1.24833,1.19,1.37
2016.05.03 06:18:58.600,1.24824,1.24834,1.29,1.20
2016.05.03 06:18:58.703,1.24822,1.24837,1.07,1.12
2016.05.03 06:18:58.808,1.24822,1.24832,1.87,1.12
2016.05.03 06:18:58.911,1.24813,1.24831,1.69,1.50
2016.05.03 06:18:59.115,1.24814,1.24831,1.57,1.37
2016.05.03 06:18:59.303,1.24813,1.24831,1.62,1.37
2016.05.03 06:18:59.842,1.24811,1.24829,2.06,1.07
2016.05.03 06:19:00.381,1.24811,1.2483,4.87,2.25
2016.05.03 06:19:00.482,1.24812,1.2483,4.12,1.95
2016.05.03 06:19:01.556,1.24811,1.2483,2.25,3.00
2016.05.03 06:19:02.198,1.24812,1.24831,2.25,2.62
2016.05.03 06:19:02.856,1.24823,1.24834,1.19,4.87
2016.05.03 06:19:03.010,1.24823,1.24834,1.19,1.12
2016.05.03 06:19:03.112,1.24823,1.24834,1.19,4.50
2016.05.03 06:19:03.368,1.24818,1.24831,1.50,1.87
2016.05.03 06:19:03.471,1.24812,1.24829,1.39,1.75
2016.05.03 06:19:03.522,1.24812,1.2483,2.81,1.12
2016.05.03 06:19:03.624,1.24813,1.24832,1.07,5.25
2016.05.03 06:19:03.868,1.24813,1.2483,1.62,1.50
2016.05.03 06:19:04.881,1.24813,1.24831,2.00,1.12
2016.05.03 06:19:05.188,1.24813,1.24832,1.75,1.12
2016.05.03 06:19:05.393,1.24823,1.24833,1.19,1.39
2016.05.03 06:19:05.712,1.24827,1.24841,1.31,3.75
2016.05.03 06:19:05.765,1.24829,1.24846,3.94,1.25
2016.05.03 06:19:06.428,1.24829,1.24846,2.44,1.22
2016.05.03 06:19:06.770,1.24825,1.24836,1.19,1.50
2016.05.03 06:19:07.280,1.24826,1.24838,2.06,1.25
2016.05.03 06:19:07.781,1.24827,1.24838,1.31,1.25
2016.05.03 06:19:08.136,1.24828,1.24841,4.12,1.19
2016.05.03 06:19:09.530,1.24834,1.24843,1.19,1.00
2016.05.03 06:19:09.581,1.24835,1.24848,1.26,2.44
2016.05.03 06:19:09.683,1.24836,1.24848,3.94,1.19
2016.05.03 06:19:09.785,1.24838,1.24853,1.12,1.31
2016.05.03 06:19:10.040,1.24838,1.24855,1.75,2.89
2016.05.03 06:19:10.244,1.24839,1.24856,2.06,1.10
2016.05.03 06:19:11.960,1.24848,1.24857,1.00,1.45
2016.05.03 06:19:12.407,1.24846,1.24855,1.00,1.00
2016.05.03 06:19:12.459,1.24844,1.24855,1.00,1.50
2016.05.03 06:19:12.561,1.2484,1.24852,1.25,1.45
2016.05.03 06:19:12.666,1.2484,1.24851,1.25,1.22
2016.05.03 06:19:12.871,1.24837,1.24849,1.00,1.76
2016.05.03 06:19:13.007,1.2484,1.24851,1.00,1.66
2016.05.03 06:19:13.322,1.24849,1.24859,4.50,1.00
2016.05.03 06:19:13.425,1.24848,1.24858,2.06,1.00
2016.05.03 06:19:13.865,1.24848,1.24865,1.37,1.12
2016.05.03 06:19:14.174,1.24855,1.24866,1.00,1.12
2016.05.03 06:19:14.277,1.24853,1.24867,1.10,1.31
2016.05.03 06:19:14.816,1.2485,1.24867,1.31,2.06
2016.05.03 06:19:15.274,1.2485,1.24864,1.64,1.50
2016.05.03 06:19:15.581,1.24849,1.24861,1.12,1.59
2016.05.03 06:19:15.734,1.24851,1.24863,1.00,1.39
2016.05.03 06:19:15.785,1.24849,1.24858,1.20,3.37
2016.05.03 06:19:15.999,1.24851,1.24866,1.22,1.20
2016.05.03 06:19:16.538,1.24852,1.24866,1.10,1.20
2016.05.03 06:19:17.096,1.24853,1.24866,1.00,1.20
2016.05.03 06:19:17.981,1.24854,1.24866,1.00,1.20
2016.05.03 06:19:18.036,1.24854,1.24864,3.94,1.00
2016.05.03 06:19:18.087,1.24855,1.24865,1.75,1.00
2016.05.03 06:19:18.190,1.24856,1.2487,1.75,1.12
2016.05.03 06:19:18.282,1.24858,1.24873,1.50,2.04
2016.05.03 06:19:18.333,1.24857,1.24868,1.75,1.00
2016.05.03 06:19:18.590,1.24851,1.24866,1.57,1.39
2016.05.03 06:19:19.592,1.24853,1.24868,1.12,1.75
2016.05.03 06:19:19.696,1.24855,1.24869,1.12,1.50
2016.05.03 06:19:19.798,1.24854,1.24869,1.12,1.87
2016.05.03 06:19:20.813,1.24855,1.24868,1.12,1.12
2016.05.03 06:19:21.525,1.24855,1.24869,1.12,1.56
2016.05.03 06:19:21.576,1.24855,1.24867,1.00,2.00
2016.05.03 06:19:21.679,1.2485,1.24865,1.82,1.20
2016.05.03 06:19:23.539,1.24851,1.24865,1.12,1.20
2016.05.03 06:19:23.590,1.24853,1.24865,1.10,1.57
2016.05.03 06:19:24.118,1.24853,1.24865,1.07,1.50
2016.05.03 06:19:24.664,1.24853,1.24865,1.00,1.57
2016.05.03 06:19:24.766,1.24853,1.24865,1.00,1.37
2016.05.03 06:19:25.273,1.24849,1.24864,1.76,1.12
2016.05.03 06:19:27.341,1.24853,1.24865,1.00,1.20
2016.05.03 06:19:27.392,1.24853,1.24865,1.76,1.00
2016.05.03 06:19:27.900,1.24853,1.24867,1.76,1.45
2016.05.03 06:19:28.305,1.24855,1.24867,1.00,1.50
2016.05.03 06:19:28.821,1.24855,1.24868,1.12,1.82
2016.05.03 06:19:29.127,1.24856,1.24872,1.12,1.95
2016.05.03 06:19:30.205,1.24862,1.24872,1.00,1.20
2016.05.03 06:19:30.307,1.24862,1.24871,1.00,1.00
2016.05.03 06:19:30.821,1.2486,1.24873,1.07,1.12
2016.05.03 06:19:31.573,1.24859,1.24873,1.57,1.20
2016.05.03 06:19:32.131,1.24861,1.24873,1.00,1.20
2016.05.03 06:19:32.327,1.24861,1.24875,1.57,1.20
2016.05.03 06:19:32.533,1.24862,1.24873,1.00,1.12
2016.05.03 06:19:32.636,1.24862,1.24875,1.00,1.20
2016.05.03 06:19:33.018,1.24866,1.24876,1.10,1.75
2016.05.03 06:19:33.330,1.24869,1.24876,1.00,1.12
2016.05.03 06:19:33.840,1.24869,1.24881,1.50,2.14
2016.05.03 06:19:34.282,1.24874,1.24881,1.00,1.69
2016.05.03 06:19:34.333,1.24876,1.24888,2.32,1.57
2016.05.03 06:19:34.385,1.24878,1.24889,1.12,1.50
2016.05.03 06:19:34.438,1.24878,1.24889,1.57,1.00
2016.05.03 06:19:34.490,1.24881,1.2489,1.00,1.00
2016.05.03 06:19:35.153,1.24882,1.24895,1.00,1.50
2016.05.03 06:19:35.743,1.24883,1.24895,1.00,1.20
2016.05.03 06:19:36.253,1.24884,1.24897,1.10,1.50
2016.05.03 06:19:36.799,1.24882,1.24898,1.12,1.37
2016.05.03 06:19:37.403,1.24882,1.24898,1.37,1.12
2016.05.03 06:19:37.758,1.24882,1.24898,1.07,1.37
2016.05.03 06:19:38.265,1.24883,1.24897,1.00,3.45
2016.05.03 06:19:38.317,1.24883,1.24897,1.00,3.82
2016.05.03 06:19:38.721,1.24883,1.24897,1.10,5.70
2016.05.03 06:19:38.874,1.24883,1.24897,1.12,4.57
2016.05.03 06:19:38.976,1.24883,1.24897,1.10,3.75
2016.05.03 06:19:39.592,1.24881,1.24896,1.10,3.45
2016.05.03 06:19:40.103,1.24881,1.24896,1.00,3.37
2016.05.03 06:19:41.717,1.24881,1.24897,1.07,5.32
2016.05.03 06:19:43.023,1.2488,1.24897,1.07,4.57
2016.05.03 06:19:44.182,1.24881,1.2489,1.10,1.87
2016.05.03 06:19:44.793,1.24879,1.24889,1.07,1.87
2016.05.03 06:19:45.302,1.24875,1.24888,4.50,1.62
2016.05.03 06:19:45.354,1.24876,1.24887,1.00,2.32
2016.05.03 06:19:45.408,1.2488,1.24887,1.00,1.95
2016.05.03 06:19:45.608,1.24881,1.24898,1.12,2.44
2016.05.03 06:19:45.871,1.24881,1.24898,1.07,2.81
2016.05.03 06:19:47.930,1.24882,1.24896,1.10,1.97
2016.05.03 06:19:48.240,1.24842,1.24855,1.37,1.50
2016.05.03 06:19:48.393,1.24834,1.24849,1.00,2.06
2016.05.03 06:19:48.506,1.24834,1.2485,1.00,2.14
2016.05.03 06:19:48.557,1.24832,1.2485,1.00,2.14
2016.05.03 06:19:48.609,1.24833,1.24852,1.19,3.00
2016.05.03 06:19:48.661,1.24833,1.24852,2.06,2.62
2016.05.03 06:19:48.815,1.24835,1.24855,1.39,1.12
2016.05.03 06:19:48.968,1.24835,1.24857,1.84,1.50
2016.05.03 06:19:49.483,1.24838,1.24857,1.20,1.00
2016.05.03 06:19:49.987,1.24838,1.24861,1.65,1.69
2016.05.03 06:19:50.342,1.24842,1.24861,1.00,2.06
2016.05.03 06:19:50.646,1.24848,1.24862,1.69,1.26
2016.05.03 06:19:51.171,1.24848,1.24863,1.00,1.50
2016.05.03 06:19:51.222,1.24842,1.24863,1.69,2.25
2016.05.03 06:19:51.273,1.24842,1.24862,1.57,1.12
2016.05.03 06:19:51.833,1.24839,1.24861,2.06,1.87
2016.05.03 06:19:52.139,1.24848,1.24856,1.00,1.31
2016.05.03 06:19:52.277,1.24841,1.24856,2.06,1.31
2016.05.03 06:19:52.685,1.24841,1.2486,1.10,3.75
2016.05.03 06:19:53.042,1.24841,1.2486,1.10,2.25
2016.05.03 06:19:53.298,1.24846,1.2486,1.00,1.50
2016.05.03 06:19:53.350,1.24846,1.24864,1.10,5.06
2016.05.03 06:19:53.402,1.24849,1.24864,1.00,5.06
2016.05.03 06:19:53.505,1.24846,1.24865,4.50,1.50
2016.05.03 06:19:54.216,1.24846,1.24866,1.37,1.50
2016.05.03 06:19:54.554,1.24844,1.24866,2.44,1.50
2016.05.03 06:19:54.859,1.24851,1.24866,1.00,1.50
2016.05.03 06:19:55.012,1.24852,1.24869,1.01,1.50
2016.05.03 06:19:55.115,1.24848,1.24867,2.06,1.75
2016.05.03 06:19:55.577,1.24847,1.24865,1.94,1.07
2016.05.03 06:19:56.086,1.24847,1.24866,1.69,1.87
2016.05.03 06:19:56.936,1.24845,1.24864,2.81,1.12
2016.05.03 06:19:57.089,1.24845,1.24864,2.44,1.37
2016.05.03 06:19:57.654,1.24844,1.24864,1.69,1.75
2016.05.03 06:19:58.121,1.24844,1.24856,1.19,1.82
2016.05.03 06:19:58.172,1.2484,1.24851,1.00,1.10
2016.05.03 06:19:58.223,1.2484,1.24851,1.00,1.12
2016.05.03 06:19:58.274,1.24836,1.24851,2.06,1.87
2016.05.03 06:19:58.326,1.24836,1.24851,1.69,1.87
2016.05.03 06:19:58.631,1.24836,1.24848,1.00,1.75
2016.05.03 06:19:59.201,1.24835,1.24847,1.12,1.12
2016.05.03 06:19:59.509,1.24835,1.24847,1.12,1.12
2016.05.03 06:20:00.320,1.24835,1.24847,1.00,1.20
2016.05.03 06:20:00.863,1.24836,1.24847,1.00,1.20
2016.05.03 06:20:01.117,1.24836,1.24848,1.00,1.12
2016.05.03 06:20:01.220,1.24837,1.24848,1.37,1.12
2016.05.03 06:20:01.373,1.24844,1.24857,1.87,2.25
2016.05.03 06:20:01.424,1.24847,1.24857,1.47,1.37
2016.05.03 06:20:01.477,1.24847,1.24861,1.47,2.70
2016.05.03 06:20:02.004,1.24847,1.24861,1.57,1.12
2016.05.03 06:20:02.259,1.24849,1.2486,1.19,1.01
2016.05.03 06:20:02.953,1.24849,1.24862,1.39,1.01
2016.05.03 06:20:03.258,1.24843,1.24853,1.31,1.94
2016.05.03 06:20:03.310,1.24843,1.24852,1.25,1.69
2016.05.03 06:20:03.412,1.24836,1.24849,1.87,1.50
2016.05.03 06:20:03.514,1.24836,1.24847,1.00,1.50
2016.05.03 06:20:04.049,1.24835,1.24847,1.50,1.50
2016.05.03 06:20:04.607,1.24835,1.24849,1.50,1.50
2016.05.03 06:20:04.899,1.24835,1.24847,1.50,1.20
2016.05.03 06:20:05.459,1.24835,1.24846,1.50,1.12
2016.05.03 06:20:05.715,1.24833,1.24846,1.39,1.12
2016.05.03 06:20:05.767,1.24832,1.24845,1.20,4.95
2016.05.03 06:20:06.311,1.24832,1.24843,1.00,1.12
2016.05.03 06:20:06.719,1.2483,1.24843,1.31,1.50
2016.05.03 06:20:06.821,1.24833,1.24843,1.00,1.50
2016.05.03 06:20:08.019,1.2483,1.24843,1.12,1.50
2016.05.03 06:20:08.121,1.24826,1.24841,3.19,1.87
2016.05.03 06:20:08.173,1.24826,1.24839,1.31,1.20
2016.05.03 06:20:08.224,1.24825,1.24838,1.00,1.12
2016.05.03 06:20:08.771,1.24823,1.24837,2.32,1.01
2016.05.03 06:20:08.875,1.24826,1.24837,1.19,1.10
2016.05.03 06:20:09.188,1.24831,1.24844,1.37,2.06
2016.05.03 06:20:09.290,1.24831,1.24845,1.50,1.12
2016.05.03 06:20:09.476,1.2483,1.24843,1.10,1.01
2016.05.03 06:20:09.986,1.24829,1.24842,1.75,1.12
2016.05.03 06:20:10.291,1.24834,1.24846,1.00,1.31
2016.05.03 06:20:10.635,1.24836,1.24847,1.37,1.12
2016.05.03 06:20:10.737,1.24834,1.24848,2.44,1.20
2016.05.03 06:20:11.320,1.24834,1.24848,2.62,1.12
2016.05.03 06:20:11.919,1.24835,1.24848,1.50,1.12
