2010.08.25 21:00:18.581,1.0595,1.0601,1.00,1.00
2010.08.25 21:00:26.082,1.0595,1.06005,1.00,1.00
2010.08.25 21:00:36.173,1.0595,1.06005,1.00,3.80
2010.08.25 21:00:38.793,1.0591,1.0598,1.30,3.20
2010.08.25 21:00:38.982,1.05935,1.0598,1.00,3.20
2010.08.25 21:00:39.173,1.05935,1.0598,1.00,1.60
2010.08.25 21:00:39.753,1.0591,1.0599,1.30,1.20
2010.08.25 21:00:40.093,1.0591,1.0598,1.30,1.50
2010.08.25 21:00:40.262,1.0591,1.0598,1.30,1.50
2010.08.25 21:00:40.432,1.0591,1.0598,1.30,1.30
2010.08.25 21:00:41.003,1.0592,1.0598,1.00,1.30
2010.08.25 21:00:41.182,1.05915,1.0598,1.30,1.30
2010.08.25 21:00:41.362,1.05915,1.05975,1.30,1.30
2010.08.25 21:00:45.733,1.05915,1.0597,1.30,1.20
2010.08.25 21:00:46.073,1.05915,1.0597,1.30,2.40
2010.08.25 21:00:47.008,1.05915,1.05975,1.20,1.20
2010.08.25 21:01:03.253,1.05915,1.05975,1.30,1.20
2010.08.25 21:01:10.702,1.05915,1.05975,1.20,1.20
2010.08.25 21:01:19.563,1.05925,1.05975,1.20,1.20
2010.08.25 21:01:20.202,1.05925,1.0598,1.20,1.00
2010.08.25 21:01:32.588,1.05925,1.0598,1.30,1.00
2010.08.25 21:01:55.403,1.0593,1.0598,1.20,1.00
2010.08.25 21:01:55.753,1.0593,1.05985,1.30,1.00
2010.08.25 21:01:59.833,1.05925,1.0598,1.30,1.00
2010.08.25 21:02:02.332,1.0593,1.0598,1.20,1.00
2010.08.25 21:02:02.672,1.0593,1.05985,1.30,1.00
2010.08.25 21:02:05.692,1.0593,1.05985,1.30,8.10
2010.08.25 21:02:07.056,1.0593,1.05985,1.30,10.50
2010.08.25 21:02:15.118,1.0593,1.05985,1.30,11.20
2010.08.25 21:02:16.820,1.05925,1.05985,1.20,3.00
2010.08.25 21:02:17.577,1.0593,1.06005,3.30,3.20
2010.08.25 21:02:37.315,1.05945,1.06,1.00,3.20
2010.08.25 21:02:37.584,1.05945,1.0601,2.90,1.60
2010.08.25 21:02:48.364,1.0594,1.0602,3.20,3.30
2010.08.25 21:02:48.704,1.05965,1.0602,1.00,1.00
2010.08.25 21:02:48.974,1.05965,1.06015,1.00,1.00
2010.08.25 21:02:52.303,1.0597,1.06005,8.00,1.20
2010.08.25 21:02:52.883,1.05945,1.06005,1.10,1.20
2010.08.25 21:02:55.043,1.0595,1.06005,1.00,1.20
2010.08.25 21:02:55.193,1.0596,1.06025,3.30,1.00
2010.08.25 21:03:01.325,1.0596,1.06025,3.30,3.30
2010.08.25 21:03:26.172,1.0596,1.06015,1.00,10.40
2010.08.25 21:03:26.815,1.05955,1.06015,1.30,11.00
2010.08.25 21:03:30.943,1.05955,1.06015,1.30,11.20
2010.08.25 21:03:33.973,1.05955,1.0601,1.30,1.00
2010.08.25 21:03:36.126,1.05955,1.06005,1.20,1.30
2010.08.25 21:03:36.424,1.05955,1.06,1.00,1.20
2010.08.25 21:03:36.713,1.0595,1.06005,3.10,1.00
2010.08.25 21:03:37.056,1.0595,1.06005,1.00,1.00
2010.08.25 21:03:40.064,1.0595,1.0601,1.00,11.20
2010.08.25 21:03:57.916,1.05945,1.05995,1.00,1.20
2010.08.25 21:03:58.157,1.0594,1.05995,9.30,1.20
2010.08.25 21:03:58.395,1.0595,1.0601,1.00,1.00
2010.08.25 21:03:58.635,1.0595,1.06015,1.00,11.20
2010.08.25 21:03:59.330,1.0595,1.06015,1.70,11.20
2010.08.25 21:04:03.456,1.0595,1.06,1.10,10.40
2010.08.25 21:04:03.676,1.05945,1.05995,1.30,1.20
2010.08.25 21:04:03.894,1.0595,1.06015,1.00,11.20
2010.08.25 21:05:03.633,1.0595,1.0601,1.00,3.00
2010.08.25 21:05:10.106,1.0595,1.06005,1.00,1.00
2010.08.25 21:05:10.884,1.0595,1.0601,1.00,3.20
2010.08.25 21:05:29.198,1.0595,1.0602,3.30,3.20
2010.08.25 21:06:05.926,1.0595,1.0602,3.20,3.20
2010.08.25 21:06:06.125,1.0595,1.06025,3.20,3.20
2010.08.25 21:06:07.593,1.0595,1.06025,2.40,3.20
2010.08.25 21:06:07.940,1.0595,1.06015,1.00,2.40
2010.08.25 21:07:33.224,1.05945,1.0601,2.40,2.40
2010.08.25 21:07:48.040,1.05955,1.0601,1.00,2.40
2010.08.25 21:07:48.380,1.0595,1.0601,1.00,2.40
2010.08.25 21:08:26.269,1.05955,1.0601,1.00,2.40
2010.08.25 21:08:26.702,1.0595,1.0601,1.00,2.40
2010.08.25 21:08:30.716,1.05955,1.0601,1.00,2.40
2010.08.25 21:08:43.874,1.0595,1.0601,1.00,2.40
2010.08.25 21:08:47.304,1.05955,1.06,1.00,1.00
2010.08.25 21:08:47.646,1.05935,1.05995,1.00,1.00
2010.08.25 21:08:49.458,1.0594,1.0599,1.60,1.00
2010.08.25 21:09:44.103,1.0594,1.0599,1.00,1.00
2010.08.25 21:09:47.775,1.05935,1.06015,1.00,2.40
2010.08.25 21:10:04.544,1.05935,1.0601,1.00,2.50
2010.08.25 21:10:05.237,1.05945,1.05995,1.00,1.00
2010.08.25 21:10:54.556,1.0595,1.0599,2.10,1.00
2010.08.25 21:11:05.274,1.0595,1.06,1.30,1.20
2010.08.25 21:11:12.087,1.0595,1.05995,1.00,1.20
2010.08.25 21:11:12.255,1.05945,1.05995,1.30,1.20
2010.08.25 21:12:10.967,1.05945,1.05985,2.10,1.00
2010.08.25 21:12:11.095,1.05945,1.05985,1.00,1.00
2010.08.25 21:12:13.758,1.0595,1.05985,1.00,1.00
2010.08.25 21:12:20.017,1.05945,1.05985,1.00,1.00
2010.08.25 21:12:25.987,1.05945,1.05985,1.00,1.00
2010.08.25 21:12:44.248,1.05945,1.05975,1.00,1.00
2010.08.25 21:12:44.500,1.05955,1.05975,1.00,1.00
2010.08.25 21:12:44.978,1.05955,1.05985,1.00,1.00
2010.08.25 21:12:45.436,1.05955,1.05985,1.00,1.00
2010.08.25 21:12:46.186,1.05965,1.0599,1.60,1.00
2010.08.25 21:12:51.729,1.05955,1.0598,1.60,1.00
2010.08.25 21:12:52.747,1.05955,1.0599,1.60,3.00
2010.08.25 21:12:53.068,1.05965,1.0599,1.60,2.00
2010.08.25 21:12:53.386,1.05965,1.0599,1.60,1.00
2010.08.25 21:13:53.016,1.05965,1.05995,1.60,1.80
2010.08.25 21:13:55.803,1.05965,1.05995,1.00,2.70
2010.08.25 21:14:03.954,1.05965,1.05995,1.60,2.70
2010.08.25 21:14:04.619,1.05965,1.05995,1.60,2.60
2010.08.25 21:15:05.686,1.05965,1.05995,1.60,2.70
2010.08.25 21:15:05.928,1.0596,1.05995,1.60,2.70
2010.08.25 21:15:06.945,1.05965,1.05995,1.00,2.70
2010.08.25 21:15:08.796,1.05965,1.05995,1.00,2.60
2010.08.25 21:15:26.339,1.05965,1.05985,1.00,1.60
2010.08.25 21:15:28.237,1.05965,1.0599,1.00,1.60
2010.08.25 21:15:28.308,1.0597,1.0599,1.00,1.60
2010.08.25 21:15:31.179,1.0598,1.0601,1.60,1.40
2010.08.25 21:15:31.410,1.05995,1.0603,1.00,1.40
2010.08.25 21:15:31.639,1.05995,1.0603,1.00,1.00
2010.08.25 21:15:31.867,1.05995,1.0604,1.00,1.40
2010.08.25 21:15:32.748,1.06,1.06035,2.40,1.40
2010.08.25 21:15:33.138,1.0601,1.0604,1.60,1.40
2010.08.25 21:15:34.306,1.0601,1.0604,2.40,1.40
2010.08.25 21:15:34.500,1.06025,1.0604,1.00,1.00
2010.08.25 21:15:34.970,1.06015,1.06065,1.00,1.60
2010.08.25 21:15:37.146,1.06035,1.0606,1.00,1.60
2010.08.25 21:15:40.037,1.0604,1.06065,1.00,1.60
2010.08.25 21:15:40.148,1.0604,1.0607,1.00,3.00
2010.08.25 21:15:42.499,1.06035,1.0607,2.40,1.60
2010.08.25 21:15:43.305,1.0604,1.0607,2.40,1.60
2010.08.25 21:15:44.099,1.0604,1.06075,1.60,3.00
2010.08.25 21:15:44.407,1.06035,1.06075,1.60,3.00
2010.08.25 21:15:44.718,1.06035,1.0607,1.60,1.40
2010.08.25 21:15:49.218,1.06015,1.06055,1.60,1.00
2010.08.25 21:15:49.468,1.06015,1.0605,1.60,1.00
2010.08.25 21:15:49.718,1.0601,1.0605,1.60,1.00
2010.08.25 21:15:49.967,1.0601,1.06045,1.60,1.60
2010.08.25 21:15:51.958,1.06015,1.0604,1.60,2.40
2010.08.25 21:15:52.158,1.0601,1.0603,3.20,1.00
2010.08.25 21:15:52.358,1.06005,1.06025,1.60,1.00
2010.08.25 21:15:52.559,1.0596,1.06005,2.40,1.00
2010.08.25 21:15:52.757,1.05945,1.06005,1.00,1.00
2010.08.25 21:15:52.957,1.05955,1.06005,1.60,1.00
2010.08.25 21:15:55.650,1.05975,1.0602,1.00,1.20
2010.08.25 21:15:55.859,1.0597,1.0601,2.80,1.00
2010.08.25 21:15:55.967,1.0598,1.0601,1.60,1.00
2010.08.25 21:15:56.276,1.0598,1.06,1.60,1.00
2010.08.25 21:15:56.889,1.05955,1.0599,1.60,1.00
2010.08.25 21:15:57.660,1.05955,1.0599,1.60,2.40
2010.08.25 21:16:08.967,1.0596,1.05985,1.60,1.00
2010.08.25 21:16:09.147,1.0596,1.05975,1.60,1.40
2010.08.25 21:16:09.327,1.0595,1.05975,1.60,1.40
2010.08.25 21:16:12.337,1.0595,1.05975,2.40,1.40
2010.08.25 21:16:13.027,1.0595,1.05975,2.40,1.00
2010.08.25 21:16:19.415,1.05955,1.05975,1.00,1.00
2010.08.25 21:16:20.499,1.05955,1.0598,1.00,1.00
2010.08.25 21:16:20.700,1.05955,1.0598,2.40,1.00
2010.08.25 21:16:20.798,1.0596,1.0598,1.60,1.00
2010.08.25 21:16:35.877,1.05955,1.0598,1.60,1.00
2010.08.25 21:16:36.404,1.05955,1.0598,1.60,1.40
2010.08.25 21:17:00.261,1.05935,1.0596,3.20,1.90
2010.08.25 21:17:02.152,1.05932,1.05957,7.60,4.40
2010.08.25 21:17:02.504,1.05927,1.05957,7.20,1.60
2010.08.25 21:17:03.281,1.05929,1.05954,2.40,1.90
2010.08.25 21:17:03.448,1.05928,1.05953,7.20,1.60
2010.08.25 21:17:08.624,1.05925,1.0595,4.00,1.60
2010.08.25 21:17:13.043,1.05922,1.05948,5.60,1.60
2010.08.25 21:17:30.943,1.05924,1.05949,3.20,1.90
2010.08.25 21:17:31.152,1.05927,1.05952,2.40,2.80
2010.08.25 21:17:31.904,1.05932,1.05957,4.00,1.90
2010.08.25 21:17:31.993,1.05937,1.05962,3.20,1.90
2010.08.25 21:17:32.085,1.05942,1.05967,2.40,2.80
2010.08.25 21:17:32.252,1.05944,1.0597,2.40,2.80
2010.08.25 21:18:57.824,1.0595,1.0598,2.40,3.00
2010.08.25 21:18:57.972,1.0595,1.05975,1.60,1.00
2010.08.25 21:18:59.747,1.0595,1.0598,2.40,3.00
2010.08.25 21:19:05.856,1.0595,1.0598,3.20,3.00
2010.08.25 21:19:06.382,1.0595,1.0598,4.00,1.00
2010.08.25 21:19:06.487,1.05955,1.0598,1.60,1.00
2010.08.25 21:19:07.858,1.05955,1.05985,3.20,3.00
2010.08.25 21:19:08.039,1.05955,1.05985,4.00,1.00
2010.08.25 21:19:08.557,1.0596,1.05985,1.60,1.00
2010.08.25 21:19:21.326,1.05965,1.05985,1.00,1.00
2010.08.25 21:19:21.628,1.05975,1.05995,1.00,1.60
2010.08.25 21:19:22.232,1.0598,1.06015,2.40,3.00
2010.08.25 21:19:23.058,1.0598,1.06015,3.20,2.30
2010.08.25 21:19:23.953,1.0598,1.0601,3.20,2.20
2010.08.25 21:19:31.506,1.0598,1.0601,3.20,2.30
2010.08.25 21:19:31.606,1.0598,1.0601,3.20,3.10
2010.08.25 21:19:32.102,1.0598,1.0601,3.20,3.90
2010.08.25 21:19:32.368,1.05985,1.0601,1.00,2.50
2010.08.25 21:19:32.628,1.05985,1.0601,1.00,1.70
2010.08.25 21:19:32.888,1.05985,1.0601,1.00,1.60
2010.08.25 21:19:33.595,1.05985,1.0601,1.60,1.60
2010.08.25 21:20:35.069,1.05985,1.06015,1.60,2.30
2010.08.25 21:20:35.467,1.05985,1.06015,3.20,2.30
2010.08.25 21:20:37.115,1.05985,1.06015,3.20,3.10
2010.08.25 21:21:03.586,1.05985,1.0601,3.20,1.00
2010.08.25 21:21:28.164,1.05985,1.0601,3.20,1.30
2010.08.25 21:21:28.508,1.05985,1.0601,1.60,1.30
2010.08.25 21:21:28.848,1.05985,1.06005,1.60,1.00
2010.08.25 21:21:29.190,1.05985,1.06,1.60,1.00
2010.08.25 21:21:29.529,1.05985,1.06,1.00,1.00
2010.08.25 21:21:29.868,1.0598,1.06,1.60,1.00
2010.08.25 21:21:31.167,1.0597,1.06,1.60,1.00
2010.08.25 21:21:39.349,1.0597,1.06,1.60,8.80
2010.08.25 21:21:39.519,1.0596,1.0599,3.20,1.00
2010.08.25 21:21:40.069,1.0596,1.05985,1.00,1.00
2010.08.25 21:21:40.183,1.05955,1.05985,1.60,2.40
2010.08.25 21:21:46.352,1.05955,1.05985,1.60,2.40
2010.08.25 21:21:46.399,1.05955,1.0598,1.60,1.00
2010.08.25 21:21:46.719,1.0596,1.05985,1.00,2.40
2010.08.25 21:21:47.173,1.0596,1.0598,1.00,1.60
2010.08.25 21:21:48.850,1.0596,1.0599,1.00,1.00
2010.08.25 21:21:50.039,1.0596,1.0599,1.60,1.40
2010.08.25 21:21:50.103,1.0596,1.05985,1.60,1.00
2010.08.25 21:21:50.207,1.0596,1.05985,1.60,2.40
2010.08.25 21:21:51.010,1.0596,1.05985,1.60,1.60
2010.08.25 21:21:51.230,1.0596,1.05985,1.60,2.40
2010.08.25 21:22:51.372,1.0596,1.05985,1.60,1.60
2010.08.25 21:23:44.149,1.0596,1.05975,1.60,1.00
2010.08.25 21:23:44.367,1.0595,1.05975,1.60,1.00
2010.08.25 21:23:44.584,1.0596,1.05985,1.60,1.60
2010.08.25 21:23:44.801,1.0596,1.0599,1.60,3.00
2010.08.25 21:23:45.011,1.05965,1.05985,1.00,1.60
2010.08.25 21:23:45.510,1.0596,1.05985,1.60,2.40
2010.08.25 21:23:46.192,1.0596,1.0598,1.60,1.60
2010.08.25 21:23:46.619,1.05965,1.0598,1.00,1.60
2010.08.25 21:23:47.598,1.0596,1.05985,1.60,2.40
2010.08.25 21:23:47.944,1.05965,1.05985,1.00,1.60
2010.08.25 21:23:48.291,1.0596,1.05985,1.60,1.00
2010.08.25 21:23:48.527,1.0596,1.05985,1.60,2.40
2010.08.25 21:23:48.999,1.0596,1.05985,1.60,1.00
2010.08.25 21:23:49.249,1.0596,1.0598,1.60,1.00
2010.08.25 21:23:49.491,1.05955,1.0598,1.60,2.40
2010.08.25 21:24:00.887,1.05955,1.05975,1.60,1.60
2010.08.25 21:24:03.846,1.05965,1.05985,1.00,1.00
2010.08.25 21:24:04.333,1.05965,1.0599,1.00,2.40
2010.08.25 21:24:05.783,1.0596,1.05985,1.60,1.00
2010.08.25 21:24:06.780,1.0596,1.05985,1.60,2.40
2010.08.25 21:24:08.568,1.0596,1.05985,1.60,1.60
2010.08.25 21:24:09.028,1.05965,1.05985,1.00,1.60
2010.08.25 21:24:09.167,1.0596,1.05985,1.60,1.00
2010.08.25 21:24:09.301,1.0596,1.05985,1.60,1.60
2010.08.25 21:24:09.430,1.0596,1.0599,1.60,2.40
2010.08.25 21:24:09.562,1.0596,1.05985,1.60,1.00
2010.08.25 21:24:09.690,1.05965,1.05985,1.00,1.00
2010.08.25 21:24:09.819,1.0596,1.05985,1.60,1.00
2010.08.25 21:24:10.619,1.05965,1.05985,1.00,2.40
2010.08.25 21:24:10.936,1.0596,1.05985,1.60,2.40
2010.08.25 21:24:11.552,1.0596,1.0599,1.60,2.40
2010.08.25 21:24:11.832,1.0596,1.05985,1.60,1.00
2010.08.25 21:24:12.109,1.0596,1.0599,1.60,2.40
2010.08.25 21:24:12.388,1.0596,1.05985,1.60,2.40
2010.08.25 21:24:13.470,1.0596,1.05985,1.60,1.60
2010.08.25 21:24:13.690,1.0596,1.05985,1.60,2.40
2010.08.25 21:24:14.131,1.0596,1.0599,1.60,2.40
2010.08.25 21:24:14.401,1.05965,1.0599,1.00,2.40
2010.08.25 21:24:14.670,1.0596,1.05985,1.60,1.00
2010.08.25 21:24:14.938,1.0596,1.05985,1.60,2.40
2010.08.25 21:24:15.350,1.0596,1.0598,1.60,1.00
2010.08.25 21:24:15.848,1.05955,1.0598,1.60,1.00
2010.08.25 21:24:15.995,1.05955,1.0598,1.60,2.40
2010.08.25 21:24:30.657,1.05955,1.05975,1.60,1.60
2010.08.25 21:24:57.502,1.0595,1.05975,1.60,2.40
2010.08.25 21:24:57.558,1.0595,1.0597,1.60,1.60
2010.08.25 21:24:57.608,1.05955,1.0597,1.60,1.60
2010.08.25 21:24:58.004,1.05955,1.05975,1.60,1.60
2010.08.25 21:25:02.576,1.05965,1.05975,1.00,1.60
2010.08.25 21:25:02.823,1.0596,1.05985,1.60,2.40
2010.08.25 21:25:03.070,1.0596,1.0598,1.60,1.60
2010.08.25 21:25:05.608,1.0596,1.05985,1.60,1.60
2010.08.25 21:25:05.932,1.0596,1.05985,1.60,1.00
2010.08.25 21:25:06.193,1.0596,1.0599,1.60,2.40
2010.08.25 21:25:06.451,1.05965,1.0599,1.00,2.40
2010.08.25 21:25:06.698,1.05965,1.05985,1.00,1.00
2010.08.25 21:25:06.948,1.0596,1.05985,1.60,1.00
2010.08.25 21:25:07.218,1.0596,1.05985,1.60,2.40
2010.08.25 21:25:07.489,1.0596,1.0598,1.60,1.00
2010.08.25 21:25:07.760,1.0596,1.0598,1.60,2.40
2010.08.25 21:25:08.148,1.0596,1.0598,1.00,2.40
2010.08.25 21:25:08.629,1.05955,1.0598,1.60,2.40
2010.08.25 21:25:08.690,1.05955,1.05975,1.60,1.00
2010.08.25 21:25:08.828,1.0595,1.05975,1.00,1.00
2010.08.25 21:25:08.900,1.0595,1.05975,1.00,1.60
2010.08.25 21:25:09.028,1.0595,1.05975,1.60,1.60
2010.08.25 21:25:09.349,1.0595,1.0597,1.60,1.60
2010.08.25 21:25:12.601,1.0595,1.05955,1.60,2.40
2010.08.25 21:25:13.141,1.05925,1.05955,2.40,2.40
2010.08.25 21:25:13.394,1.05935,1.05965,1.60,1.60
2010.08.25 21:25:15.920,1.05945,1.0596,1.60,1.60
2010.08.25 21:25:16.428,1.0594,1.0596,1.60,1.60
2010.08.25 21:25:23.264,1.0594,1.0596,1.00,1.60
2010.08.25 21:25:24.406,1.05935,1.0596,1.60,1.60
2010.08.25 21:25:30.463,1.05935,1.0596,1.60,1.70
2010.08.25 21:25:31.010,1.05935,1.0596,1.60,1.60
2010.08.25 21:25:36.819,1.05935,1.0596,1.60,1.70
2010.08.25 21:25:39.678,1.05935,1.0596,1.60,2.50
2010.08.25 21:25:40.362,1.05935,1.0596,1.00,4.90
2010.08.25 21:25:40.683,1.05935,1.05955,1.00,1.60
2010.08.25 21:25:50.840,1.05935,1.05955,1.00,1.70
2010.08.25 21:26:35.781,1.0593,1.05955,1.00,1.70
2010.08.25 21:26:36.090,1.05925,1.0595,2.40,1.00
2010.08.25 21:26:37.275,1.05915,1.0594,1.00,1.60
2010.08.25 21:26:39.250,1.0592,1.05935,1.00,1.60
2010.08.25 21:26:40.050,1.0592,1.0594,1.60,1.60
2010.08.25 21:26:41.849,1.0592,1.0594,1.00,1.60
2010.08.25 21:26:50.197,1.0592,1.05945,1.00,1.60
2010.08.25 21:26:51.105,1.05915,1.0594,1.60,1.60
2010.08.25 21:27:04.009,1.05915,1.05945,1.60,1.60
2010.08.25 21:27:04.140,1.0592,1.05945,1.00,1.60
2010.08.25 21:27:04.875,1.0592,1.0595,1.00,3.10
2010.08.25 21:27:05.127,1.0592,1.0595,2.40,3.10
2010.08.25 21:27:08.293,1.0592,1.0595,3.20,2.30
2010.08.25 21:27:08.478,1.05925,1.0595,1.00,1.60
2010.08.25 21:27:08.848,1.0593,1.0595,1.00,1.60
2010.08.25 21:27:16.079,1.0593,1.05955,1.00,3.20
2010.08.25 21:27:16.533,1.0593,1.05955,1.60,2.40
2010.08.25 21:27:23.036,1.0593,1.05955,1.60,2.40
2010.08.25 21:27:23.342,1.0593,1.05955,1.70,2.40
2010.08.25 21:27:23.643,1.0593,1.05955,1.60,2.40
2010.08.25 21:27:23.953,1.05935,1.05965,1.60,2.20
2010.08.25 21:27:24.691,1.05935,1.05965,3.20,1.60
2010.08.25 21:27:25.032,1.0594,1.05965,1.00,1.60
2010.08.25 21:27:26.341,1.0594,1.05965,1.00,1.70
2010.08.25 21:27:53.868,1.0594,1.05965,1.00,2.50
2010.08.25 21:27:54.060,1.05935,1.0596,1.00,1.60
2010.08.25 21:27:54.199,1.05935,1.0596,1.00,3.20
2010.08.25 21:27:54.340,1.0593,1.0596,1.60,5.60
2010.08.25 21:27:54.618,1.0593,1.05955,1.60,1.60
2010.08.25 21:27:55.150,1.0593,1.0595,1.60,2.40
2010.08.25 21:27:55.410,1.05925,1.0595,1.60,4.80
2010.08.25 21:27:56.108,1.05925,1.0595,1.60,6.40
2010.08.25 21:27:57.950,1.0593,1.0595,1.00,4.00
2010.08.25 21:27:58.149,1.0593,1.05955,1.00,1.60
2010.08.25 21:27:59.630,1.05935,1.0596,1.00,2.20
2010.08.25 21:27:59.788,1.05935,1.0596,1.60,1.60
2010.08.25 21:28:28.239,1.05935,1.0596,1.60,2.40
2010.08.25 21:28:28.442,1.0593,1.0595,1.00,1.60
2010.08.25 21:28:28.828,1.0593,1.0595,1.00,3.20
2010.08.25 21:28:30.443,1.0593,1.05955,1.60,1.60
2010.08.25 21:28:38.643,1.05935,1.05955,1.00,1.60
2010.08.25 21:28:39.228,1.05935,1.0596,1.00,1.60
2010.08.25 21:28:40.001,1.05935,1.05965,1.60,2.40
2010.08.25 21:28:40.190,1.05935,1.05965,3.20,2.40
2010.08.25 21:29:03.906,1.05935,1.05965,3.30,2.40
2010.08.25 21:29:14.389,1.0594,1.05965,1.00,2.40
2010.08.25 21:29:16.076,1.05935,1.05965,4.40,2.40
2010.08.25 21:29:16.119,1.05935,1.05965,3.30,2.40
2010.08.25 21:29:52.858,1.0594,1.05965,1.00,2.40
2010.08.25 21:29:59.873,1.05935,1.05965,4.50,2.40
2010.08.25 21:30:00.039,1.05935,1.05965,3.30,2.40
2010.08.25 21:30:01.344,1.0594,1.05965,1.00,2.40
2010.08.25 21:30:01.607,1.05935,1.05965,4.50,2.40
2010.08.25 21:30:02.261,1.05935,1.05965,3.30,2.40
2010.08.25 21:30:03.428,1.05935,1.05965,1.60,2.40
2010.08.25 21:30:03.640,1.05935,1.05965,1.00,3.80
2010.08.25 21:30:04.048,1.05935,1.0596,1.00,1.60
2010.08.25 21:30:29.905,1.05935,1.05965,1.00,3.80
2010.08.25 21:30:30.113,1.05935,1.05965,2.40,3.80
2010.08.25 21:30:34.988,1.05935,1.05965,3.60,3.80
2010.08.25 21:30:35.138,1.0594,1.05965,1.00,2.20
2010.08.25 21:30:35.617,1.0594,1.05965,1.00,1.40
2010.08.25 21:30:35.778,1.05945,1.05975,1.00,3.00
2010.08.25 21:30:36.088,1.05945,1.0597,1.00,1.60
2010.08.25 21:30:39.164,1.05945,1.0597,1.60,1.60
2010.08.25 21:30:39.548,1.05945,1.05975,1.60,1.40
2010.08.25 21:30:39.738,1.0595,1.05975,1.60,1.40
2010.08.25 21:30:54.055,1.05955,1.05975,1.00,1.00
2010.08.25 21:30:54.158,1.05955,1.0598,1.60,1.60
2010.08.25 21:30:59.418,1.0596,1.0598,1.00,1.60
2010.08.25 21:30:59.781,1.0596,1.0598,1.60,1.60
2010.08.25 21:30:59.868,1.0596,1.05985,1.60,2.40
2010.08.25 21:31:09.630,1.05965,1.05985,1.00,2.40
2010.08.25 21:31:14.791,1.05965,1.05985,1.00,2.50
2010.08.25 21:31:17.617,1.05965,1.05985,1.00,2.40
2010.08.25 21:31:44.093,1.05965,1.05985,1.00,2.50
2010.08.25 21:32:13.916,1.05965,1.05985,1.00,2.40
2010.08.25 21:33:10.587,1.05965,1.0599,1.00,4.00
2010.08.25 21:33:10.679,1.05965,1.0599,1.60,4.00
2010.08.25 21:33:10.708,1.0597,1.0599,1.00,4.00
2010.08.25 21:33:13.833,1.0597,1.0599,1.00,2.40
2010.08.25 21:33:13.869,1.0597,1.0599,1.00,1.00
2010.08.25 21:33:13.887,1.0597,1.0599,1.60,1.00
2010.08.25 21:33:13.957,1.0597,1.05995,1.60,1.60
2010.08.25 21:33:23.969,1.0597,1.0599,1.00,1.00
2010.08.25 21:33:24.090,1.0597,1.0599,1.00,1.60
2010.08.25 21:33:24.319,1.0597,1.0599,1.00,3.20
2010.08.25 21:33:32.749,1.0597,1.0599,1.00,2.40
2010.08.25 21:33:32.949,1.0597,1.0599,1.00,1.60
2010.08.25 21:33:33.150,1.05975,1.05995,1.00,1.60
2010.08.25 21:33:35.600,1.05965,1.05995,3.20,1.60
2010.08.25 21:33:35.719,1.05965,1.05995,3.20,2.40
2010.08.25 21:33:36.228,1.05965,1.05995,1.60,2.40
2010.08.25 21:33:37.201,1.05965,1.0599,1.60,1.60
2010.08.25 21:33:38.917,1.05965,1.0599,1.60,2.80
2010.08.25 21:33:39.818,1.05965,1.0599,1.60,1.20
2010.08.25 21:33:39.889,1.05965,1.0599,2.00,1.20
2010.08.25 21:33:40.426,1.0597,1.05985,1.00,1.00
2010.08.25 21:33:44.229,1.0597,1.0599,1.00,2.00
2010.08.25 21:33:44.807,1.0597,1.0599,1.60,1.20
2010.08.25 21:33:45.130,1.0597,1.0599,1.60,1.50
2010.08.25 21:33:45.791,1.0597,1.0599,2.00,1.10
2010.08.25 21:33:46.499,1.0597,1.0599,1.60,1.10
2010.08.25 21:33:46.969,1.05975,1.0599,2.40,1.10
2010.08.25 21:33:47.069,1.05985,1.0599,1.00,1.00
2010.08.25 21:33:47.620,1.0599,1.06,1.00,1.00
2010.08.25 21:33:47.689,1.06,1.06005,1.00,1.40
2010.08.25 21:33:47.741,1.05995,1.0604,1.00,1.40
2010.08.25 21:33:47.840,1.05995,1.0604,1.00,3.00
2010.08.25 21:33:47.930,1.06,1.0604,1.00,2.20
2010.08.25 21:33:48.273,1.06005,1.0604,1.60,1.60
2010.08.25 21:33:48.613,1.06005,1.0604,1.00,3.20
2010.08.25 21:33:48.951,1.06005,1.0603,1.00,4.10
2010.08.25 21:33:49.791,1.06005,1.0603,1.00,4.00
2010.08.25 21:33:50.273,1.0601,1.0603,1.60,3.20
2010.08.25 21:33:50.393,1.0601,1.0603,1.60,1.60
2010.08.25 21:33:50.509,1.0601,1.0603,1.00,1.60
2010.08.25 21:33:51.870,1.0601,1.0603,1.00,2.00
2010.08.25 21:33:56.408,1.06005,1.06025,1.00,2.00
2010.08.25 21:33:57.086,1.05985,1.0602,5.20,1.00
2010.08.25 21:33:57.644,1.05985,1.0601,3.20,1.00
2010.08.25 21:33:57.732,1.0598,1.06005,2.40,1.00
2010.08.25 21:33:58.152,1.05985,1.06005,2.40,1.20
2010.08.25 21:33:58.904,1.05985,1.06005,1.60,1.20
2010.08.25 21:33:59.256,1.0598,1.06005,3.20,1.00
2010.08.25 21:33:59.632,1.0598,1.06,3.20,1.00
2010.08.25 21:34:00.631,1.0598,1.06,1.60,1.00
2010.08.25 21:34:00.850,1.05975,1.06,1.60,1.00
2010.08.25 21:34:09.245,1.0598,1.06,1.60,1.00
2010.08.25 21:34:09.490,1.0598,1.06005,1.60,1.60
2010.08.25 21:34:27.418,1.0598,1.06005,1.00,3.20
2010.08.25 21:34:27.468,1.05975,1.06,1.60,1.00
2010.08.25 21:34:27.635,1.05975,1.06,1.60,1.00
2010.08.25 21:34:30.080,1.0597,1.06,3.20,1.00
2010.08.25 21:34:30.678,1.0597,1.06,3.20,2.60
2010.08.25 21:34:36.849,1.0597,1.06,3.20,2.70
2010.08.25 21:34:49.878,1.0597,1.06,1.60,2.70
2010.08.25 21:34:50.030,1.0597,1.06,1.60,4.20
2010.08.25 21:34:50.682,1.0597,1.05995,1.00,1.60
2010.08.25 21:34:58.721,1.0597,1.0599,1.00,1.00
2010.08.25 21:34:59.104,1.05965,1.0598,1.60,1.00
2010.08.25 21:34:59.886,1.05945,1.0598,2.40,1.40
2010.08.25 21:35:00.526,1.0595,1.0598,1.60,1.40
2010.08.25 21:35:10.188,1.0595,1.0598,2.40,1.40
2010.08.25 21:35:10.618,1.0595,1.0598,2.40,3.00
2010.08.25 21:35:22.101,1.05955,1.0598,1.00,3.00
2010.08.25 21:35:22.220,1.05955,1.0598,2.40,1.60
2010.08.25 21:35:22.340,1.05955,1.05985,2.40,1.00
2010.08.25 21:35:25.001,1.05955,1.05985,13.60,1.00
2010.08.25 21:35:25.101,1.0597,1.05995,1.00,1.60
2010.08.25 21:35:25.301,1.0597,1.06,1.60,1.60
2010.08.25 21:35:25.671,1.05975,1.06,1.00,1.60
2010.08.25 21:35:40.118,1.05985,1.06005,1.00,2.00
2010.08.25 21:36:28.781,1.0598,1.06,1.00,1.00
2010.08.25 21:36:29.452,1.0598,1.06,1.00,2.00
2010.08.25 21:36:51.471,1.0598,1.06,1.00,2.10
2010.08.25 21:37:05.790,1.0598,1.06,1.00,3.70
2010.08.25 21:37:06.080,1.0598,1.06,1.00,4.50
2010.08.25 21:37:06.370,1.0598,1.05995,1.00,1.00
2010.08.25 21:37:06.939,1.0598,1.05995,1.00,2.00
2010.08.25 21:37:07.090,1.05975,1.05995,1.00,2.00
2010.08.25 21:37:07.904,1.05975,1.0599,1.00,1.00
2010.08.25 21:37:08.215,1.05965,1.05985,2.40,1.00
2010.08.25 21:37:08.830,1.05965,1.05985,1.00,1.00
2010.08.25 21:37:10.742,1.05965,1.05985,1.00,1.20
2010.08.25 21:37:10.894,1.05955,1.05985,3.20,1.80
2010.08.25 21:37:11.051,1.05955,1.05985,3.20,2.60
2010.08.25 21:37:11.261,1.05955,1.0598,3.20,1.00
2010.08.25 21:37:15.820,1.05955,1.05975,3.20,1.00
2010.08.25 21:37:16.162,1.05955,1.0597,1.60,1.00
2010.08.25 21:37:16.916,1.05945,1.05975,2.40,4.20
2010.08.25 21:37:17.122,1.05945,1.05975,3.20,4.20
2010.08.25 21:37:17.329,1.05945,1.0597,3.20,1.00
2010.08.25 21:37:30.180,1.05945,1.0597,1.60,1.00
2010.08.25 21:37:30.535,1.05945,1.0597,1.60,2.00
2010.08.25 21:37:35.510,1.05945,1.0597,1.60,2.80
2010.08.25 21:37:36.009,1.05945,1.0597,1.60,4.40
2010.08.25 21:37:36.263,1.05945,1.05965,1.00,1.60
2010.08.25 21:37:37.219,1.05945,1.05965,1.00,2.00
2010.08.25 21:37:43.087,1.05945,1.05965,1.60,2.00
2010.08.25 21:37:43.239,1.05955,1.05965,1.00,2.00
2010.08.25 21:37:43.390,1.05955,1.05965,1.00,1.00
2010.08.25 21:37:43.622,1.05955,1.0599,1.00,3.00
2010.08.25 21:37:45.288,1.0596,1.05985,1.00,3.00
2010.08.25 21:37:45.410,1.0597,1.05985,1.00,2.20
2010.08.25 21:37:45.470,1.05975,1.05985,1.00,1.60
2010.08.25 21:37:45.590,1.05975,1.0599,1.00,2.00
2010.08.25 21:37:45.693,1.05975,1.0599,1.00,1.00
2010.08.25 21:37:45.821,1.0598,1.0599,1.00,1.00
2010.08.25 21:37:45.901,1.0598,1.0599,1.60,1.00
2010.08.25 21:37:46.580,1.0598,1.06,1.60,1.60
2010.08.25 21:37:47.827,1.0598,1.06,1.60,2.40
2010.08.25 21:37:47.932,1.0598,1.06,1.00,2.40
2010.08.25 21:37:48.040,1.05975,1.06,1.00,2.40
2010.08.25 21:37:48.230,1.05975,1.06,1.00,1.60
2010.08.25 21:37:48.382,1.0598,1.06,1.00,1.60
2010.08.25 21:37:54.759,1.05985,1.06,1.00,1.60
2010.08.25 21:37:58.019,1.05985,1.06005,1.00,1.60
2010.08.25 21:38:03.171,1.0598,1.06005,1.00,2.40
2010.08.25 21:38:03.341,1.0598,1.06,1.00,1.00
2010.08.25 21:38:05.847,1.0599,1.0601,1.00,1.60
2010.08.25 21:38:15.651,1.0599,1.06015,1.00,2.00
2010.08.25 21:38:15.821,1.0599,1.06015,1.60,2.10
2010.08.25 21:38:23.522,1.0599,1.06015,2.40,2.10
2010.08.25 21:38:28.891,1.0599,1.06015,2.40,2.80
2010.08.25 21:38:29.009,1.0599,1.06015,2.40,3.60
2010.08.25 21:38:29.351,1.0599,1.0601,1.00,3.60
2010.08.25 21:38:37.329,1.0599,1.06,1.00,1.00
2010.08.25 21:38:37.523,1.0598,1.06,1.60,1.00
2010.08.25 21:38:38.026,1.0598,1.06,1.00,1.00
2010.08.25 21:38:38.205,1.05975,1.05995,2.40,1.00
2010.08.25 21:38:38.385,1.05975,1.05995,2.40,2.00
2010.08.25 21:38:38.560,1.05975,1.05995,1.00,2.00
2010.08.25 21:38:38.730,1.0597,1.0599,1.00,1.00
2010.08.25 21:38:41.680,1.0597,1.0599,1.00,1.20
2010.08.25 21:38:41.831,1.0597,1.0599,1.00,14.80
2010.08.25 21:38:41.980,1.0597,1.0598,1.00,1.00
2010.08.25 21:38:42.131,1.0595,1.05975,1.60,2.20
2010.08.25 21:38:42.381,1.0594,1.05965,2.40,1.00
2010.08.25 21:38:42.631,1.0594,1.0597,2.40,1.00
2010.08.25 21:38:44.285,1.0594,1.0597,2.40,4.20
2010.08.25 21:38:44.453,1.0594,1.05965,1.60,1.00
2010.08.25 21:38:44.612,1.0594,1.05965,1.60,3.20
2010.08.25 21:38:44.774,1.05935,1.0596,3.30,1.00
2010.08.25 21:38:44.942,1.05935,1.0596,3.20,1.00
2010.08.25 21:38:56.575,1.0594,1.0596,1.00,1.00
2010.08.25 21:38:56.821,1.0594,1.05965,1.00,3.00
2010.08.25 21:38:57.063,1.05945,1.0597,1.00,3.40
2010.08.25 21:38:57.607,1.05945,1.0597,1.00,2.60
2010.08.25 21:38:59.461,1.0595,1.0597,1.00,2.60
2010.08.25 21:38:59.744,1.0596,1.0597,1.00,1.00
2010.08.25 21:39:00.433,1.05965,1.05975,1.60,1.60
2010.08.25 21:39:00.512,1.0597,1.05995,1.00,2.00
2010.08.25 21:39:05.339,1.0597,1.0599,1.00,1.60
2010.08.25 21:39:10.094,1.0597,1.0599,1.00,2.00
2010.08.25 21:39:15.354,1.0597,1.05975,1.00,1.00
2010.08.25 21:39:15.692,1.0593,1.05975,1.00,1.00
2010.08.25 21:39:15.864,1.0593,1.05975,1.00,2.80
2010.08.25 21:39:16.430,1.0593,1.05965,1.00,3.60
2010.08.25 21:39:30.113,1.0595,1.05965,1.00,3.60
2010.08.25 21:39:30.278,1.05955,1.05965,1.00,1.60
2010.08.25 21:39:30.433,1.0596,1.05965,1.00,1.60
2010.08.25 21:39:30.592,1.05955,1.05965,1.60,1.60
2010.08.25 21:39:30.752,1.05955,1.05965,1.00,1.60
2010.08.25 21:39:30.912,1.05955,1.0597,1.00,1.60
2010.08.25 21:39:31.070,1.0596,1.05975,1.00,1.60
2010.08.25 21:39:31.876,1.0596,1.0598,1.00,1.60
2010.08.25 21:39:32.873,1.05965,1.0598,1.00,1.60
2010.08.25 21:39:32.952,1.05965,1.0598,1.60,1.60
2010.08.25 21:39:37.071,1.05945,1.0598,3.20,2.40
2010.08.25 21:39:37.302,1.05945,1.0598,1.60,1.00
2010.08.25 21:39:37.421,1.05945,1.05985,1.60,1.20
2010.08.25 21:39:37.541,1.0595,1.05985,1.60,1.20
2010.08.25 21:39:37.660,1.0595,1.05985,1.60,2.80
2010.08.25 21:39:37.781,1.0595,1.05985,1.00,4.20
2010.08.25 21:39:38.278,1.05955,1.05975,1.60,1.00
2010.08.25 21:39:38.486,1.05955,1.05975,1.00,1.00
2010.08.25 21:39:39.372,1.0595,1.05975,2.40,1.00
2010.08.25 21:39:41.151,1.0596,1.05985,1.60,1.60
2010.08.25 21:39:41.442,1.0596,1.0598,1.60,1.60
2010.08.25 21:39:42.021,1.0596,1.05985,1.60,1.60
2010.08.25 21:39:43.817,1.0596,1.0598,1.60,1.00
2010.08.25 21:39:44.068,1.05955,1.05975,1.60,1.00
2010.08.25 21:39:44.563,1.0595,1.05975,1.60,1.00
2010.08.25 21:39:44.811,1.0595,1.05975,3.20,1.00
2010.08.25 21:39:45.651,1.0595,1.05975,1.60,1.00
2010.08.25 21:39:48.357,1.0596,1.05975,1.00,1.00
2010.08.25 21:39:48.571,1.0596,1.05985,1.00,1.60
2010.08.25 21:39:51.898,1.0595,1.05975,1.60,1.00
2010.08.25 21:39:52.241,1.0595,1.05975,3.20,1.00
2010.08.25 21:39:53.222,1.0595,1.05975,2.40,1.00
2010.08.25 21:39:53.402,1.0595,1.05975,1.60,1.80
2010.08.25 21:39:53.490,1.05945,1.05975,3.20,1.80
2010.08.25 21:39:53.671,1.05945,1.05975,3.20,2.60
2010.08.25 21:39:54.123,1.05945,1.05975,3.20,4.20
2010.08.25 21:39:54.213,1.05945,1.0597,2.40,1.00
2010.08.25 21:39:56.781,1.05945,1.0597,2.40,2.00
2010.08.25 21:39:56.952,1.0594,1.05965,1.60,1.00
2010.08.25 21:39:57.122,1.05935,1.05965,3.30,2.00
2010.08.25 21:39:57.290,1.05935,1.05965,3.30,3.60
2010.08.25 21:39:57.460,1.05935,1.05965,3.30,2.80
2010.08.25 21:39:57.699,1.05935,1.05965,3.30,3.60
2010.08.25 21:39:58.630,1.05935,1.05965,3.20,3.60
2010.08.25 21:39:58.751,1.05935,1.05965,3.20,2.00
2010.08.25 21:39:59.376,1.05935,1.05965,3.20,1.00
2010.08.25 21:39:59.706,1.0594,1.05965,1.60,1.00
2010.08.25 21:39:59.944,1.0594,1.0596,1.60,1.20
2010.08.25 21:40:00.181,1.05935,1.0596,1.60,2.80
2010.08.25 21:40:00.410,1.05935,1.0596,1.00,4.40
2010.08.25 21:40:01.032,1.0593,1.0596,3.30,4.40
2010.08.25 21:40:05.767,1.0593,1.0596,3.20,4.40
2010.08.25 21:40:05.881,1.0593,1.0596,3.30,4.40
2010.08.25 21:40:07.742,1.0593,1.0596,4.00,3.60
2010.08.25 21:40:08.055,1.05935,1.0596,1.60,1.00
2010.08.25 21:40:08.371,1.05935,1.05965,3.20,2.00
2010.08.25 21:40:11.061,1.05935,1.05955,2.40,1.00
2010.08.25 21:40:11.282,1.05925,1.0595,3.30,1.60
2010.08.25 21:40:13.862,1.0593,1.0595,1.00,1.60
2010.08.25 21:40:13.914,1.05935,1.0595,1.00,1.00
2010.08.25 21:40:13.961,1.05935,1.05955,1.00,1.00
2010.08.25 21:40:14.065,1.05935,1.05955,1.60,1.00
2010.08.25 21:40:14.127,1.05935,1.0596,1.60,1.60
2010.08.25 21:40:15.822,1.0594,1.0596,1.00,1.60
2010.08.25 21:40:15.931,1.0594,1.05965,1.00,1.00
2010.08.25 21:40:16.357,1.05945,1.05965,1.00,1.00
2010.08.25 21:40:16.393,1.05945,1.0597,1.00,1.60
2010.08.25 21:40:19.950,1.05945,1.0597,1.00,2.40
2010.08.25 21:40:20.364,1.05945,1.0597,1.00,3.20
2010.08.25 21:40:20.470,1.0594,1.0597,2.40,3.80
2010.08.25 21:40:20.680,1.0594,1.05965,2.40,1.00
2010.08.25 21:40:22.244,1.0594,1.05965,12.00,1.00
2010.08.25 21:40:22.490,1.0595,1.05965,1.60,1.00
2010.08.25 21:40:22.732,1.0595,1.05975,1.60,1.40
2010.08.25 21:40:22.970,1.0595,1.0598,3.20,6.60
2010.08.25 21:40:25.731,1.0595,1.0598,3.20,6.00
2010.08.25 21:40:29.762,1.0595,1.0597,1.60,1.20
2010.08.25 21:40:30.101,1.05945,1.0597,1.60,1.20
2010.08.25 21:40:40.240,1.0594,1.0597,3.20,1.20
2010.08.25 21:40:40.573,1.0594,1.0597,3.20,2.80
2010.08.25 21:41:29.441,1.0594,1.0597,3.20,2.00
2010.08.25 21:41:44.349,1.0594,1.0597,3.20,1.60
2010.08.25 21:42:06.993,1.05927,1.05947,1.60,3.50
2010.08.25 21:42:08.278,1.05924,1.05944,6.40,3.50
2010.08.25 21:42:08.489,1.05918,1.05943,1.00,2.70
2010.08.25 21:42:12.151,1.05918,1.05938,8.40,3.50
2010.08.25 21:42:12.218,1.05913,1.05933,2.40,1.10
2010.08.25 21:42:12.928,1.05907,1.05932,2.80,1.10
2010.08.25 21:42:13.108,1.05909,1.05929,6.40,3.50
2010.08.25 21:42:16.269,1.05911,1.05936,10.00,5.10
2010.08.25 21:42:16.331,1.05917,1.05942,1.00,5.10
2010.08.25 21:42:16.388,1.05921,1.05946,6.40,3.50
2010.08.25 21:42:16.739,1.05921,1.05946,5.20,3.50
2010.08.25 21:42:16.919,1.0592,1.05945,1.00,1.90
2010.08.25 21:42:16.981,1.0592,1.05945,6.80,1.00
2010.08.25 21:42:17.195,1.05919,1.05949,1.20,1.10
2010.08.25 21:42:19.469,1.0592,1.0595,9.20,5.10
2010.08.25 21:42:22.809,1.05925,1.0595,9.20,5.10
2010.08.25 21:42:23.163,1.05924,1.05954,1.60,3.50
2010.08.25 21:42:23.972,1.05927,1.05957,4.40,3.50
2010.08.25 21:42:24.120,1.0593,1.0596,1.20,3.50
2010.08.25 21:42:33.891,1.05929,1.05959,8.40,3.50
2010.08.25 21:42:33.950,1.05924,1.05954,1.00,1.90
2010.08.25 21:42:34.262,1.05921,1.05951,7.60,3.50
2010.08.25 21:42:43.372,1.05919,1.05949,6.80,3.50
2010.08.25 21:42:44.050,1.05918,1.05948,1.60,1.90
2010.08.25 21:42:45.089,1.05919,1.05949,2.40,1.10
2010.08.25 21:42:45.268,1.05921,1.05951,9.20,3.50
2010.08.25 21:42:45.448,1.05922,1.05952,8.40,1.00
2010.08.25 21:42:56.771,1.05926,1.05951,2.40,1.10
2010.08.25 21:43:06.085,1.05945,1.0597,1.60,1.60
2010.08.25 21:43:07.111,1.05945,1.0597,1.00,1.60
2010.08.25 21:43:07.191,1.0594,1.0597,3.20,1.60
2010.08.25 21:43:07.492,1.05945,1.0597,1.60,1.60
2010.08.25 21:43:15.011,1.05945,1.0597,1.00,1.60
2010.08.25 21:43:15.351,1.05945,1.0597,1.60,1.60
2010.08.25 21:43:17.401,1.05945,1.0597,1.00,1.60
2010.08.25 21:43:17.661,1.0594,1.0597,4.40,1.60
2010.08.25 21:43:18.108,1.05945,1.0597,1.00,1.60
2010.08.25 21:43:18.436,1.05945,1.0597,1.60,1.60
2010.08.25 21:43:20.362,1.05945,1.0597,1.60,2.40
2010.08.25 21:43:21.154,1.05945,1.0597,1.60,1.60
2010.08.25 21:43:22.302,1.05945,1.0597,1.60,2.40
2010.08.25 21:43:22.564,1.05945,1.0597,1.60,1.60
2010.08.25 21:43:22.833,1.0594,1.0597,4.40,1.60
2010.08.25 21:43:23.092,1.05945,1.0597,1.60,1.60
2010.08.25 21:43:23.782,1.05945,1.0597,1.60,2.40
2010.08.25 21:43:23.938,1.05945,1.0597,1.60,1.60
2010.08.25 21:43:24.393,1.05945,1.0597,1.60,2.40
2010.08.25 21:43:24.735,1.0594,1.0597,3.20,1.60
2010.08.25 21:43:25.509,1.05945,1.0597,1.60,2.40
2010.08.25 21:43:25.645,1.05945,1.05975,3.20,3.80
2010.08.25 21:43:26.582,1.05945,1.0597,2.40,1.00
2010.08.25 21:43:26.833,1.05945,1.05975,3.20,3.80
2010.08.25 21:43:27.580,1.05945,1.0597,3.20,1.00
2010.08.25 21:43:27.831,1.05945,1.05975,3.20,3.80
2010.08.25 21:43:29.092,1.05945,1.0597,3.20,1.00
2010.08.25 21:43:29.402,1.05945,1.05975,3.20,3.80
2010.08.25 21:43:29.713,1.05945,1.0597,1.00,2.40
2010.08.25 21:43:30.023,1.05945,1.0597,1.00,1.60
2010.08.25 21:43:30.200,1.05945,1.0597,1.60,1.60
2010.08.25 21:43:31.251,1.05945,1.0597,1.60,2.40
2010.08.25 21:43:31.611,1.05945,1.0597,1.00,1.60
2010.08.25 21:43:32.142,1.05945,1.0597,1.60,1.60
2010.08.25 21:43:40.210,1.05945,1.05975,1.60,3.90
2010.08.25 21:43:40.410,1.05945,1.05975,3.20,3.90
2010.08.25 21:43:51.392,1.05945,1.0597,3.20,1.00
2010.08.25 21:43:51.562,1.05945,1.0597,2.40,1.00
2010.08.25 21:44:00.481,1.05945,1.0597,1.00,2.40
2010.08.25 21:44:00.820,1.05945,1.0597,1.00,2.50
2010.08.25 21:44:00.919,1.05945,1.0597,1.00,3.70
2010.08.25 21:44:30.602,1.05945,1.0597,1.00,2.90
2010.08.25 21:44:30.780,1.05945,1.0597,1.60,2.90
2010.08.25 21:44:37.879,1.05945,1.05965,1.60,1.00
2010.08.25 21:45:30.500,1.0596,1.0597,1.00,1.60
2010.08.25 21:45:30.807,1.05975,1.0601,1.60,1.40
2010.08.25 21:45:31.942,1.0598,1.06,1.60,1.50
2010.08.25 21:45:33.764,1.0598,1.05995,1.60,1.00
2010.08.25 21:45:34.129,1.0598,1.06,1.60,2.70
2010.08.25 21:45:34.320,1.0598,1.06,1.60,1.50
2010.08.25 21:45:34.510,1.0598,1.05995,1.60,1.00
2010.08.25 21:45:44.869,1.0598,1.05995,1.60,1.00
2010.08.25 21:45:45.020,1.0598,1.05995,1.60,1.00
2010.08.25 21:45:45.890,1.0598,1.06,1.60,2.70
2010.08.25 21:45:46.040,1.0598,1.0599,1.60,1.00
2010.08.25 21:45:46.599,1.0598,1.0599,1.60,2.00
2010.08.25 21:45:46.631,1.0596,1.0599,2.40,2.00
2010.08.25 21:45:55.089,1.05965,1.0599,2.40,2.10
2010.08.25 21:46:00.127,1.05965,1.0599,1.00,2.10
2010.08.25 21:46:00.457,1.05965,1.0599,1.00,3.70
2010.08.25 21:46:26.636,1.05965,1.0599,1.00,3.60
2010.08.25 21:46:26.890,1.05965,1.0599,1.00,2.40
2010.08.25 21:46:42.008,1.05965,1.0598,1.00,1.00
2010.08.25 21:46:42.202,1.05965,1.05975,1.00,1.00
2010.08.25 21:46:42.725,1.05955,1.05975,1.60,1.00
2010.08.25 21:46:43.080,1.05955,1.0598,1.60,1.60
2010.08.25 21:46:43.426,1.05955,1.0598,1.60,2.00
2010.08.25 21:46:51.573,1.05955,1.05985,1.60,2.60
2010.08.25 21:46:52.091,1.05955,1.05985,1.60,2.20
2010.08.25 21:46:52.221,1.0596,1.05985,1.00,1.60
2010.08.25 21:47:00.203,1.0596,1.0599,1.00,5.10
2010.08.25 21:47:00.619,1.0596,1.0599,2.40,5.10
2010.08.25 21:47:01.303,1.0596,1.0599,2.40,3.80
2010.08.25 21:47:07.410,1.0596,1.0599,2.40,3.90
2010.08.25 21:47:07.755,1.0596,1.0599,2.40,3.80
2010.08.25 21:47:35.439,1.0596,1.0599,1.00,3.80
2010.08.25 21:47:35.626,1.0596,1.05985,1.00,1.60
2010.08.25 21:48:09.178,1.0596,1.0599,1.00,3.00
2010.08.25 21:48:09.388,1.0596,1.0599,2.40,3.00
2010.08.25 21:49:01.265,1.05938,1.05963,4.00,4.30
2010.08.25 21:49:01.566,1.05938,1.05963,8.40,3.50
2010.08.25 21:49:01.862,1.0594,1.0596,8.40,3.50
2010.08.25 21:49:02.163,1.05938,1.05963,1.60,3.50
2010.08.25 21:49:02.838,1.05935,1.05965,2.00,1.20
2010.08.25 21:49:03.066,1.05935,1.05965,1.60,2.70
2010.08.25 21:49:03.085,1.05935,1.05965,8.40,3.50
2010.08.25 21:49:03.255,1.05935,1.05965,2.40,1.00
2010.08.25 21:49:04.405,1.05935,1.05965,2.40,1.90
2010.08.25 21:49:05.765,1.05935,1.05965,7.20,1.60
2010.08.25 21:49:07.065,1.05938,1.05963,2.40,1.90
2010.08.25 21:49:07.243,1.05938,1.05963,1.60,3.50
2010.08.25 21:49:07.416,1.05938,1.05963,4.80,1.00
2010.08.25 21:49:07.756,1.05938,1.05963,1.00,4.30
2010.08.25 21:49:12.268,1.05938,1.05963,10.00,3.50
2010.08.25 21:49:17.797,1.05938,1.05963,4.00,1.90
2010.08.25 21:49:18.798,1.05938,1.05963,1.00,4.30
2010.08.25 21:49:18.849,1.0594,1.0596,1.60,2.70
2010.08.25 21:49:18.897,1.0594,1.0596,3.20,1.90
2010.08.25 21:49:18.949,1.0594,1.0596,2.40,1.10
2010.08.25 21:49:19.107,1.0594,1.0596,1.60,1.90
2010.08.25 21:49:19.819,1.05938,1.05963,3.20,1.90
2010.08.25 21:49:21.706,1.05938,1.05963,3.20,5.90
2010.08.25 21:49:21.927,1.05938,1.05963,4.00,1.00
2010.08.25 21:49:23.079,1.05938,1.05963,1.00,2.70
2010.08.25 21:49:23.209,1.05938,1.05963,1.00,2.70
2010.08.25 21:49:23.348,1.05938,1.05963,1.00,4.30
2010.08.25 21:49:25.524,1.05938,1.05963,1.00,2.70
2010.08.25 21:49:25.659,1.05938,1.05963,3.20,1.90
2010.08.25 21:49:27.818,1.05938,1.05963,2.40,1.90
2010.08.25 21:49:29.302,1.05938,1.05963,4.00,10.30
2010.08.25 21:49:33.329,1.05938,1.05963,3.20,2.70
2010.08.25 21:49:34.106,1.05938,1.05963,2.40,3.50
2010.08.25 21:49:36.348,1.05938,1.05963,4.00,1.90
2010.08.25 21:49:36.646,1.05935,1.05965,5.60,5.10
2010.08.25 21:49:37.376,1.05935,1.05965,1.60,1.90
2010.08.25 21:49:37.498,1.05938,1.05963,3.20,1.00
2010.08.25 21:49:37.927,1.05938,1.05963,3.20,5.90
2010.08.25 21:49:38.060,1.05938,1.05963,5.60,5.10
2010.08.25 21:49:39.136,1.05935,1.05965,1.00,5.10
2010.08.25 21:49:40.076,1.05938,1.05963,3.20,3.50
2010.08.25 21:49:40.418,1.05938,1.05963,5.60,5.10
2010.08.25 21:49:42.239,1.05938,1.05963,1.60,1.00
2010.08.25 21:49:43.136,1.05935,1.05965,1.60,1.00
2010.08.25 21:49:43.317,1.05938,1.05963,3.20,1.90
2010.08.25 21:49:43.564,1.05938,1.05963,1.60,2.70
2010.08.25 21:49:43.987,1.0594,1.0596,4.00,9.50
2010.08.25 21:49:44.049,1.05938,1.05963,1.00,4.30
2010.08.25 21:49:44.107,1.05938,1.05963,2.40,1.00
2010.08.25 21:49:47.027,1.05938,1.05963,4.00,1.10
2010.08.25 21:49:47.866,1.05938,1.05963,4.00,1.90
2010.08.25 21:49:48.605,1.05938,1.05963,6.80,5.10
2010.08.25 21:49:48.748,1.05938,1.05963,8.40,1.60
2010.08.25 21:49:49.116,1.05938,1.05963,4.00,3.50
2010.08.25 21:49:49.355,1.05938,1.05963,1.00,2.70
2010.08.25 21:49:51.968,1.05938,1.05963,1.00,1.90
2010.08.25 21:49:54.009,1.05935,1.05965,4.80,1.00
2010.08.25 21:49:56.710,1.05938,1.05963,3.20,1.90
2010.08.25 21:49:56.846,1.05938,1.05963,3.20,2.70
2010.08.25 21:50:04.272,1.0594,1.05965,4.80,3.50
2010.08.25 21:50:08.191,1.05942,1.05967,1.60,4.30
2010.08.25 21:50:08.741,1.05943,1.05968,4.00,7.10
2010.08.25 21:50:12.940,1.05944,1.05969,10.00,3.50
2010.08.25 21:50:13.190,1.05948,1.05968,4.80,3.50
2010.08.25 21:50:13.319,1.05949,1.05969,3.20,4.30
2010.08.25 21:50:13.575,1.0595,1.0597,1.60,2.70
2010.08.25 21:50:13.704,1.05957,1.05967,1.00,2.40
2010.08.25 21:50:14.415,1.05954,1.05969,2.40,1.90
2010.08.25 21:50:21.570,1.05948,1.05973,4.00,1.00
2010.08.25 21:50:23.436,1.05948,1.05973,4.00,1.90
2010.08.25 21:50:26.192,1.05948,1.05973,3.20,7.50
2010.08.25 21:50:32.048,1.05949,1.05974,2.40,3.50
2010.08.25 21:50:33.191,1.05949,1.05974,3.20,1.90
2010.08.25 21:50:33.374,1.05946,1.05976,1.00,2.40
2010.08.25 21:50:33.454,1.05947,1.05972,3.20,1.90
2010.08.25 21:50:38.771,1.05945,1.0597,3.20,1.60
2010.08.25 21:50:43.459,1.05945,1.0597,1.00,2.40
2010.08.25 21:50:43.682,1.05945,1.0597,4.00,1.00
2010.08.25 21:50:44.498,1.05943,1.05973,1.00,4.30
2010.08.25 21:50:44.665,1.05944,1.05974,4.00,4.30
2010.08.25 21:50:44.829,1.05948,1.05973,1.60,2.40
2010.08.25 21:50:44.995,1.05949,1.05974,2.40,1.90
2010.08.25 21:50:45.166,1.05949,1.05974,4.00,10.30
2010.08.25 21:50:48.005,1.05951,1.05976,3.20,3.50
2010.08.25 21:50:48.091,1.05952,1.05977,3.20,1.90
2010.08.25 21:50:57.560,1.05954,1.05979,5.60,1.00
2010.08.25 21:50:57.815,1.05958,1.05978,3.20,5.90
2010.08.25 21:51:22.209,1.0596,1.05985,2.40,1.00
2010.08.25 21:51:22.351,1.0596,1.05985,1.60,2.20
2010.08.25 21:51:22.522,1.05955,1.05985,3.20,2.20
2010.08.25 21:51:23.301,1.05955,1.05985,3.20,3.80
2010.08.25 21:51:27.855,1.05955,1.05985,3.20,3.90
2010.08.25 21:52:22.579,1.05955,1.05985,3.20,3.10
2010.08.25 21:52:37.099,1.05955,1.05985,3.20,3.00
2010.08.25 21:53:13.989,1.05935,1.05955,1.00,1.60
2010.08.25 21:53:14.227,1.05927,1.05952,4.00,1.00
2010.08.25 21:53:14.915,1.05927,1.05947,2.40,1.60
2010.08.25 21:53:15.245,1.05926,1.05946,3.20,1.60
2010.08.25 21:53:16.612,1.05924,1.05949,4.80,1.60
2010.08.25 21:53:16.910,1.05928,1.05948,1.00,5.10
2010.08.25 21:53:17.301,1.05926,1.05946,6.40,1.60
2010.08.25 21:53:17.360,1.05925,1.05945,2.40,1.60
2010.08.25 21:53:17.422,1.05925,1.05945,2.40,1.60
2010.08.25 21:53:21.763,1.05924,1.05949,2.40,3.50
2010.08.25 21:53:21.868,1.05925,1.0595,1.00,1.60
2010.08.25 21:53:22.679,1.05923,1.05953,1.20,1.00
2010.08.25 21:53:22.909,1.05925,1.0595,1.00,5.10
2010.08.25 21:53:26.145,1.05924,1.05949,1.00,5.60
2010.08.25 21:53:30.024,1.05925,1.0595,2.40,1.60
2010.08.25 21:53:30.332,1.05928,1.05948,1.20,1.00
2010.08.25 21:53:31.306,1.05923,1.05953,1.20,1.00
2010.08.25 21:53:31.468,1.05923,1.05953,1.20,1.00
2010.08.25 21:53:31.628,1.05923,1.05953,2.40,3.50
2010.08.25 21:53:31.949,1.05919,1.05954,1.00,5.10
2010.08.25 21:53:32.120,1.0592,1.0595,3.20,1.60
2010.08.25 21:53:32.929,1.05928,1.05938,3.20,1.60
2010.08.25 21:53:35.339,1.05921,1.05947,1.00,1.00
2010.08.25 21:53:45.289,1.05925,1.05945,2.40,3.50
2010.08.25 21:53:46.191,1.05926,1.05946,1.00,5.60
2010.08.25 21:53:47.089,1.05927,1.05947,4.00,5.10
2010.08.25 21:53:47.201,1.05923,1.05948,4.80,1.60
2010.08.25 21:53:47.310,1.05921,1.05946,4.80,1.60
2010.08.25 21:53:47.618,1.0592,1.05945,3.20,1.60
2010.08.25 21:53:53.879,1.05919,1.05949,1.00,3.20
2010.08.25 21:53:54.151,1.05922,1.05947,4.00,6.00
2010.08.25 21:53:54.420,1.05929,1.05944,1.00,3.20
2010.08.25 21:53:55.116,1.05931,1.05946,4.00,3.20
2010.08.25 21:53:55.314,1.05931,1.05951,1.20,1.00
2010.08.25 21:53:59.359,1.05937,1.05952,1.00,5.10
2010.08.25 21:53:59.535,1.05942,1.05952,2.40,1.60
2010.08.25 21:54:19.400,1.0596,1.05985,1.00,2.40
2010.08.25 21:54:21.600,1.0596,1.05975,1.00,1.00
2010.08.25 21:54:21.936,1.05955,1.0597,1.00,1.60
2010.08.25 21:54:22.603,1.0595,1.0597,1.00,1.60
2010.08.25 21:54:22.704,1.0595,1.0597,1.00,1.00
2010.08.25 21:54:22.803,1.0595,1.05975,1.00,1.60
2010.08.25 21:54:23.003,1.05955,1.05975,1.00,1.60
2010.08.25 21:54:23.103,1.05955,1.0598,1.00,1.60
2010.08.25 21:54:23.781,1.05955,1.0598,1.60,1.60
2010.08.25 21:55:17.744,1.05955,1.0598,1.60,1.70
2010.08.25 21:55:20.311,1.05955,1.0598,1.60,1.60
2010.08.25 21:55:27.613,1.05955,1.0598,1.60,1.70
2010.08.25 21:55:44.520,1.05955,1.05975,1.60,1.00
2010.08.25 21:55:45.783,1.05955,1.0598,1.60,2.90
2010.08.25 21:55:45.991,1.05955,1.0598,1.60,1.70
2010.08.25 21:55:46.771,1.0596,1.0598,1.00,1.70
2010.08.25 21:55:47.033,1.0596,1.0598,1.00,1.60
2010.08.25 21:55:50.817,1.0596,1.0598,1.00,1.70
2010.08.25 21:55:55.877,1.0595,1.0597,1.00,1.00
2010.08.25 21:55:55.962,1.0595,1.0597,1.00,1.60
2010.08.25 21:55:56.983,1.05955,1.05975,1.00,1.60
2010.08.25 21:55:59.234,1.05955,1.05975,1.00,3.20
2010.08.25 21:55:59.882,1.0595,1.05975,1.00,3.20
2010.08.25 21:56:04.841,1.0595,1.05975,1.00,3.30
2010.08.25 21:56:42.121,1.0595,1.05975,1.00,3.20
2010.08.25 21:56:42.251,1.0595,1.05975,1.00,2.50
2010.08.25 21:56:42.383,1.05955,1.05975,1.00,1.70
2010.08.25 21:56:43.287,1.05955,1.05975,1.00,1.00
2010.08.25 21:56:48.551,1.05955,1.0598,1.00,4.10
2010.08.25 21:56:49.761,1.05955,1.0597,1.00,1.00
2010.08.25 21:56:49.810,1.05955,1.0597,1.00,1.60
2010.08.25 21:56:49.862,1.0595,1.0597,2.40,1.60
2010.08.25 21:56:49.914,1.0595,1.0597,1.60,1.60
2010.08.25 21:56:49.973,1.05945,1.0597,1.00,1.60
2010.08.25 21:56:50.022,1.05945,1.0597,1.00,2.80
2010.08.25 21:56:50.121,1.05945,1.0597,1.00,2.80
2010.08.25 21:56:50.193,1.05945,1.0597,1.00,4.40
2010.08.25 21:56:50.772,1.05945,1.0597,1.00,3.60
2010.08.25 21:56:50.903,1.05945,1.0597,1.00,2.80
2010.08.25 21:56:51.031,1.0595,1.0597,1.00,2.80
2010.08.25 21:56:51.162,1.0595,1.0597,1.00,1.60
2010.08.25 21:56:51.833,1.0595,1.0596,1.00,1.60
2010.08.25 21:56:52.515,1.05945,1.0596,1.00,3.20
2010.08.25 21:56:53.042,1.0594,1.0596,1.00,3.20
2010.08.25 21:56:54.612,1.0594,1.0596,1.00,4.00
2010.08.25 21:56:54.981,1.0594,1.0596,1.00,5.60
2010.08.25 21:56:55.041,1.0594,1.0596,1.00,6.40
2010.08.25 21:56:55.161,1.05935,1.0596,1.00,6.40
2010.08.25 21:57:03.874,1.05935,1.0596,1.00,6.50
2010.08.25 21:57:08.089,1.05935,1.05955,1.00,1.00
2010.08.25 21:57:09.138,1.05935,1.0596,1.00,3.30
2010.08.25 21:57:09.486,1.05935,1.0596,3.20,3.30
2010.08.25 21:57:09.831,1.0594,1.0596,1.00,3.30
2010.08.25 21:57:14.024,1.0594,1.0596,1.00,3.20
2010.08.25 21:57:14.061,1.0594,1.0596,1.00,1.60
2010.08.25 21:57:14.197,1.0594,1.0597,1.00,3.10
2010.08.25 21:57:14.321,1.0594,1.0597,2.40,3.10
2010.08.25 21:57:14.735,1.05945,1.0597,1.00,2.30
2010.08.25 21:57:14.771,1.0595,1.0597,1.00,1.70
2010.08.25 21:57:18.891,1.0595,1.0597,1.00,2.50
2010.08.25 21:57:18.981,1.0595,1.0597,1.00,3.20
2010.08.25 21:57:19.071,1.05945,1.0597,1.00,4.00
2010.08.25 21:57:19.243,1.05945,1.0597,1.00,4.80
2010.08.25 21:57:26.191,1.05945,1.0597,1.00,4.90
2010.08.25 21:58:18.860,1.05945,1.0597,1.00,4.10
2010.08.25 21:58:20.960,1.05945,1.05965,1.00,1.00
2010.08.25 21:58:21.203,1.05945,1.0597,1.00,5.30
2010.08.25 21:58:21.841,1.05945,1.0597,1.00,4.10
2010.08.25 21:58:35.081,1.05945,1.05965,1.00,1.00
2010.08.25 21:58:38.310,1.05945,1.0597,1.00,4.10
2010.08.25 21:58:53.559,1.05945,1.0596,1.00,1.00
2010.08.25 21:58:53.634,1.0594,1.0596,3.20,1.00
2010.08.25 21:58:53.650,1.0594,1.0596,3.20,1.60
2010.08.25 21:58:53.682,1.0594,1.0596,2.40,1.60
2010.08.25 21:58:53.699,1.0594,1.0596,1.00,1.60
2010.08.25 21:59:00.954,1.05945,1.0597,1.00,4.90
2010.08.25 21:59:02.601,1.05945,1.0596,1.00,1.60
2010.08.25 21:59:03.038,1.0594,1.0596,2.40,1.60
2010.08.25 21:59:03.093,1.0594,1.0596,1.00,1.60
2010.08.25 21:59:06.453,1.05945,1.05965,1.00,1.70
2010.08.25 21:59:07.282,1.05945,1.05965,1.00,1.00
2010.08.25 21:59:10.096,1.05945,1.05965,1.00,1.00
2010.08.25 21:59:10.115,1.0594,1.0596,1.00,1.20
2010.08.25 21:59:30.222,1.0594,1.0596,1.00,1.30
