2015.11.26 23:00:00.387,1.32924,1.32946,1.07,1.00
2015.11.26 23:00:00.927,1.32924,1.32942,1.07,1.00
2015.11.26 23:00:01.181,1.32922,1.32942,1.07,1.00
2015.11.26 23:00:01.585,1.32935,1.32953,1.50,1.57
2015.11.26 23:00:01.637,1.32935,1.32961,3.00,1.00
2015.11.26 23:00:01.739,1.32938,1.32962,1.00,1.00
2015.11.26 23:00:02.147,1.32941,1.32968,1.00,1.00
2015.11.26 23:00:02.300,1.32945,1.32969,1.00,1.00
2015.11.26 23:00:02.907,1.32951,1.32975,1.00,1.00
2015.11.26 23:00:02.958,1.32945,1.32978,1.00,1.50
2015.11.26 23:00:03.009,1.32949,1.32978,3.37,1.00
2015.11.26 23:00:03.180,1.32944,1.32977,1.50,1.12
2015.11.26 23:00:03.685,1.32943,1.32977,1.00,1.00
2015.11.26 23:00:04.951,1.32941,1.32973,1.00,1.00
2015.11.26 23:00:05.154,1.32937,1.3297,1.00,1.00
2015.11.26 23:00:05.384,1.32932,1.32968,1.07,1.50
2015.11.26 23:00:08.593,1.32932,1.32967,1.07,1.00
2015.11.26 23:00:08.897,1.32932,1.32967,1.07,1.00
2015.11.26 23:00:10.139,1.32932,1.32968,1.07,2.25
2015.11.26 23:00:10.352,1.32928,1.32965,1.12,1.00
2015.11.26 23:00:11.514,1.32928,1.32965,1.37,1.00
2015.11.26 23:00:12.871,1.32933,1.32961,1.07,1.00
2015.11.26 23:00:15.194,1.32933,1.32961,1.07,1.37
2015.11.26 23:00:15.697,1.32933,1.32961,1.07,1.12
2015.11.26 23:00:16.249,1.32929,1.3296,1.87,1.12
2015.11.26 23:00:17.478,1.32926,1.32958,2.25,1.00
2015.11.26 23:00:18.002,1.32929,1.32957,1.07,1.00
2015.11.26 23:00:18.601,1.32926,1.32955,2.25,1.00
2015.11.26 23:00:18.940,1.32925,1.32952,2.25,1.00
2015.11.26 23:00:21.003,1.32924,1.32952,1.20,1.50
2015.11.26 23:00:21.104,1.32924,1.3295,1.20,1.00
2015.11.26 23:00:23.521,1.32925,1.32951,1.07,1.00
2015.11.26 23:00:24.027,1.32922,1.3295,2.25,1.00
2015.11.26 23:00:24.638,1.32921,1.32947,1.87,1.00
2015.11.26 23:00:24.982,1.32921,1.32949,1.75,1.00
2015.11.26 23:00:26.060,1.32921,1.32949,1.57,1.00
2015.11.26 23:00:26.484,1.32922,1.3295,1.75,1.00
2015.11.26 23:00:27.023,1.32921,1.32949,1.87,1.00
2015.11.26 23:00:30.254,1.32925,1.32951,1.50,1.50
2015.11.26 23:00:35.531,1.32923,1.32949,1.75,1.00
2015.11.26 23:00:36.292,1.32923,1.32951,1.75,1.00
2015.11.26 23:00:36.833,1.32922,1.3295,1.75,1.00
2015.11.26 23:00:41.470,1.32922,1.32948,1.75,1.00
2015.11.26 23:00:41.674,1.32922,1.32948,1.57,1.00
2015.11.26 23:00:45.494,1.32921,1.32948,1.82,1.00
2015.11.26 23:00:45.792,1.32924,1.3295,1.47,1.50
2015.11.26 23:00:45.843,1.32924,1.3295,1.75,1.50
2015.11.26 23:00:46.148,1.32923,1.32949,1.87,1.00
2015.11.26 23:00:46.199,1.32923,1.32949,1.87,1.00
2015.11.26 23:00:48.830,1.32922,1.32948,1.75,1.00
2015.11.26 23:00:49.345,1.32923,1.32949,1.20,1.00
2015.11.26 23:00:50.004,1.32923,1.32949,1.50,1.00
2015.11.26 23:00:50.959,1.32923,1.32951,1.87,1.50
2015.11.26 23:00:51.213,1.32923,1.3295,1.12,1.00
2015.11.26 23:00:51.366,1.32923,1.3295,1.12,1.00
2015.11.26 23:00:52.897,1.32924,1.3295,1.37,1.00
2015.11.26 23:00:53.406,1.32923,1.32951,1.50,1.50
2015.11.26 23:00:54.763,1.32925,1.32951,1.07,1.50
2015.11.26 23:00:55.747,1.32923,1.32951,1.75,1.00
2015.11.26 23:00:57.762,1.32924,1.3295,1.37,1.00
2015.11.26 23:00:58.510,1.32925,1.32951,1.37,1.00
2015.11.26 23:01:00.204,1.32924,1.3295,1.50,1.00
2015.11.26 23:01:00.357,1.32924,1.3295,1.87,1.00
2015.11.26 23:01:01.201,1.32924,1.32951,1.87,1.00
2015.11.26 23:01:01.354,1.32924,1.32951,1.87,1.00
2015.11.26 23:01:06.446,1.32924,1.32952,1.50,1.00
2015.11.26 23:01:08.551,1.32924,1.3295,1.50,1.00
2015.11.26 23:01:10.983,1.32925,1.32951,1.75,1.00
2015.11.26 23:01:16.049,1.32924,1.32952,1.37,1.00
2015.11.26 23:01:18.161,1.32924,1.3295,1.37,1.00
2015.11.26 23:01:19.231,1.32922,1.32949,1.37,1.00
2015.11.26 23:01:19.418,1.32921,1.32949,1.75,1.00
2015.11.26 23:01:20.034,1.32922,1.3295,1.50,1.50
2015.11.26 23:01:20.644,1.32922,1.32948,1.37,1.00
2015.11.26 23:01:21.212,1.32923,1.32949,1.37,1.00
2015.11.26 23:01:21.755,1.32922,1.32948,1.37,1.00
2015.11.26 23:01:24.189,1.32922,1.3295,1.50,1.87
2015.11.26 23:01:25.576,1.3292,1.32948,1.75,1.00
2015.11.26 23:01:26.118,1.32921,1.32949,1.75,1.12
2015.11.26 23:01:26.608,1.32921,1.32947,1.50,1.00
2015.11.26 23:01:27.152,1.32921,1.32949,1.50,1.37
2015.11.26 23:01:27.820,1.32923,1.3295,1.75,1.00
2015.11.26 23:01:27.871,1.32923,1.3295,1.87,1.00
2015.11.26 23:01:28.176,1.32924,1.32952,1.75,1.00
2015.11.26 23:01:28.995,1.32925,1.32953,1.75,1.00
2015.11.26 23:01:33.961,1.32925,1.32953,1.07,1.00
2015.11.26 23:01:35.470,1.32924,1.32952,1.12,1.00
2015.11.26 23:01:41.709,1.32922,1.3295,1.37,1.00
2015.11.26 23:01:44.514,1.32923,1.32951,1.50,1.00
2015.11.26 23:01:45.022,1.32922,1.3295,1.75,1.00
2015.11.26 23:01:45.533,1.32923,1.32951,1.50,1.00
2015.11.26 23:01:46.062,1.32922,1.3295,1.75,1.00
2015.11.26 23:01:46.577,1.32921,1.32949,1.75,1.00
2015.11.26 23:01:48.805,1.32922,1.3295,1.37,1.00
2015.11.26 23:01:49.008,1.32922,1.3295,1.07,1.00
2015.11.26 23:01:49.143,1.32922,1.32948,1.07,1.00
2015.11.26 23:01:51.244,1.32923,1.32949,1.07,1.50
2015.11.26 23:01:51.548,1.32923,1.32949,1.37,1.50
2015.11.26 23:01:52.066,1.32921,1.32949,1.07,1.50
2015.11.26 23:01:54.229,1.32921,1.32949,1.45,1.50
2015.11.26 23:01:54.634,1.32922,1.32949,1.87,1.00
2015.11.26 23:01:54.937,1.32922,1.3295,1.75,1.00
2015.11.26 23:01:55.349,1.32921,1.32949,1.45,1.00
2015.11.26 23:01:57.238,1.32921,1.32949,1.75,1.00
2015.11.26 23:01:57.513,1.32923,1.32951,1.45,1.00
2015.11.26 23:01:57.563,1.32923,1.32951,1.75,1.00
2015.11.26 23:01:57.716,1.32922,1.3295,1.50,1.00
2015.11.26 23:01:58.263,1.32921,1.32949,1.75,1.00
2015.11.26 23:01:58.879,1.32921,1.32949,1.75,1.00
2015.11.26 23:02:00.589,1.32924,1.32951,1.07,1.50
2015.11.26 23:02:00.640,1.32924,1.32951,1.37,1.50
2015.11.26 23:02:00.806,1.32924,1.32951,1.07,1.50
2015.11.26 23:02:00.908,1.32923,1.32949,1.07,1.00
2015.11.26 23:02:01.416,1.32924,1.3295,1.07,1.00
2015.11.26 23:02:03.043,1.32922,1.3295,1.87,1.00
2015.11.26 23:02:03.774,1.32922,1.32948,1.50,1.00
2015.11.26 23:02:04.351,1.32923,1.32949,1.37,1.00
2015.11.26 23:02:06.981,1.32923,1.32951,1.37,1.50
2015.11.26 23:02:07.285,1.32923,1.32949,1.37,1.00
2015.11.26 23:02:07.833,1.32921,1.32949,1.37,1.00
2015.11.26 23:02:09.899,1.32922,1.3295,1.12,1.00
2015.11.26 23:02:10.509,1.32922,1.3295,1.37,1.00
2015.11.26 23:02:10.813,1.32921,1.32949,1.50,1.00
2015.11.26 23:02:11.016,1.32923,1.32951,1.50,1.50
2015.11.26 23:02:11.810,1.32922,1.3295,1.12,1.00
2015.11.26 23:02:11.911,1.32922,1.3295,1.37,1.00
2015.11.26 23:02:12.576,1.32923,1.32951,1.37,1.00
2015.11.26 23:02:14.438,1.32922,1.3295,1.37,1.00
2015.11.26 23:02:14.871,1.32924,1.3295,1.37,1.00
2015.11.26 23:02:15.428,1.32923,1.32951,1.37,1.00
2015.11.26 23:02:15.872,1.32923,1.32951,1.50,1.00
2015.11.26 23:02:16.977,1.32924,1.32952,1.75,1.00
2015.11.26 23:02:17.281,1.32924,1.3295,1.75,1.00
2015.11.26 23:02:17.635,1.32924,1.32952,1.37,1.00
2015.11.26 23:02:18.715,1.32924,1.3295,1.37,1.00
2015.11.26 23:02:19.381,1.32923,1.32949,1.37,1.00
2015.11.26 23:02:19.717,1.32923,1.32951,1.37,1.00
2015.11.26 23:02:20.476,1.32924,1.32952,1.50,1.00
2015.11.26 23:02:23.666,1.32924,1.3295,1.75,1.00
2015.11.26 23:02:26.728,1.32924,1.32952,1.37,1.00
2015.11.26 23:02:27.509,1.32923,1.32951,1.37,1.00
2015.11.26 23:02:28.176,1.32924,1.32952,1.37,1.00
2015.11.26 23:02:28.751,1.32923,1.32951,1.37,1.00
2015.11.26 23:02:28.962,1.32923,1.32951,1.07,1.00
2015.11.26 23:02:29.625,1.32923,1.32951,1.37,1.00
2015.11.26 23:02:30.185,1.32922,1.3295,1.37,1.00
2015.11.26 23:02:30.403,1.32924,1.32952,1.37,1.00
2015.11.26 23:02:30.909,1.32924,1.3295,1.37,1.00
2015.11.26 23:02:31.936,1.32923,1.32951,1.37,1.00
2015.11.26 23:02:37.662,1.32924,1.3295,1.37,1.00
2015.11.26 23:02:38.195,1.32923,1.32949,1.10,1.00
2015.11.26 23:02:38.397,1.32924,1.3295,1.37,1.00
2015.11.26 23:02:38.954,1.32924,1.32952,1.37,1.50
2015.11.26 23:02:39.268,1.32924,1.3295,1.37,1.00
2015.11.26 23:02:42.261,1.32926,1.32952,1.07,1.00
2015.11.26 23:02:42.363,1.3293,1.32956,1.10,1.50
2015.11.26 23:02:42.514,1.3293,1.32958,1.10,1.00
2015.11.26 23:02:42.616,1.32932,1.32958,1.00,1.00
2015.11.26 23:02:42.717,1.32935,1.32963,1.00,1.50
2015.11.26 23:02:43.377,1.32935,1.32965,1.00,1.00
2015.11.26 23:02:43.479,1.32938,1.32966,1.00,1.00
2015.11.26 23:02:43.917,1.32936,1.32966,1.00,1.00
2015.11.26 23:02:44.454,1.32937,1.32966,1.00,1.00
2015.11.26 23:02:45.468,1.32936,1.32966,1.00,1.00
2015.11.26 23:02:46.007,1.32937,1.32966,1.00,1.00
2015.11.26 23:02:48.113,1.32938,1.32966,1.00,1.50
2015.11.26 23:02:48.739,1.32938,1.32967,1.00,1.00
2015.11.26 23:02:49.245,1.32939,1.32966,1.00,1.00
2015.11.26 23:02:49.398,1.32938,1.32968,1.00,1.50
2015.11.26 23:02:49.767,1.32938,1.32965,1.00,1.00
2015.11.26 23:02:50.309,1.32938,1.32964,1.00,1.00
2015.11.26 23:02:50.819,1.32938,1.32965,1.00,1.00
2015.11.26 23:03:00.307,1.32937,1.32965,1.00,1.00
2015.11.26 23:03:00.736,1.32939,1.32967,1.00,1.50
2015.11.26 23:03:01.263,1.3294,1.32967,1.00,1.50
2015.11.26 23:03:03.115,1.3294,1.32968,1.00,1.00
2015.11.26 23:03:08.543,1.3294,1.32967,1.00,1.00
2015.11.26 23:03:09.081,1.32941,1.32968,1.00,1.00
2015.11.26 23:03:13.057,1.32941,1.32967,1.00,1.00
2015.11.26 23:03:13.505,1.3294,1.32969,1.00,1.50
2015.11.26 23:03:14.012,1.3294,1.32968,1.00,1.00
2015.11.26 23:03:21.291,1.32942,1.32969,1.00,1.00
2015.11.26 23:03:22.215,1.32942,1.3297,1.00,1.00
2015.11.26 23:03:22.520,1.32946,1.32972,1.00,1.50
2015.11.26 23:03:23.026,1.32947,1.32972,1.00,1.00
2015.11.26 23:03:24.948,1.32948,1.32976,1.00,1.50
2015.11.26 23:03:26.154,1.32947,1.32975,1.00,1.00
2015.11.26 23:03:26.796,1.32949,1.32975,1.00,1.00
2015.11.26 23:03:28.108,1.32947,1.32975,1.00,1.00
2015.11.26 23:03:28.759,1.32948,1.32976,1.00,1.87
2015.11.26 23:03:29.686,1.32947,1.32976,1.00,1.50
2015.11.26 23:03:29.978,1.32948,1.32974,1.00,1.00
2015.11.26 23:03:30.231,1.32948,1.32979,1.00,1.00
2015.11.26 23:03:30.639,1.32951,1.32978,1.00,1.00
2015.11.26 23:03:31.337,1.3295,1.3298,1.00,1.50
2015.11.26 23:03:31.628,1.3295,1.32978,1.00,1.00
2015.11.26 23:03:31.790,1.32948,1.32979,1.00,1.00
2015.11.26 23:03:32.201,1.32951,1.3298,1.00,1.50
2015.11.26 23:03:32.871,1.3295,1.32978,1.00,1.00
2015.11.26 23:03:33.406,1.3295,1.32979,1.00,1.00
2015.11.26 23:03:34.137,1.3295,1.32978,1.00,1.00
2015.11.26 23:03:35.377,1.32949,1.32977,1.00,1.00
2015.11.26 23:03:35.878,1.3295,1.32977,1.00,1.00
2015.11.26 23:03:36.390,1.3295,1.32978,1.00,1.00
2015.11.26 23:03:36.894,1.3295,1.32977,1.00,1.00
2015.11.26 23:03:37.422,1.3295,1.32978,1.00,1.00
2015.11.26 23:03:38.934,1.32951,1.32978,1.00,1.00
2015.11.26 23:03:39.266,1.32949,1.32978,1.00,1.00
2015.11.26 23:03:39.368,1.32951,1.32979,1.00,1.00
2015.11.26 23:03:39.876,1.3295,1.32979,1.00,1.00
2015.11.26 23:03:43.888,1.32951,1.32978,1.00,1.00
2015.11.26 23:03:44.179,1.32949,1.3298,1.00,1.87
2015.11.26 23:03:48.677,1.32951,1.32979,1.00,1.00
2015.11.26 23:03:49.065,1.32949,1.32978,1.00,1.00
2015.11.26 23:03:49.744,1.32949,1.32977,1.00,1.00
2015.11.26 23:03:50.190,1.32952,1.3298,1.00,1.12
2015.11.26 23:03:50.457,1.3295,1.3298,1.00,1.50
2015.11.26 23:03:50.727,1.3295,1.32978,1.00,1.00
2015.11.26 23:03:50.930,1.32947,1.32976,1.00,1.00
2015.11.26 23:03:51.285,1.32949,1.32977,1.00,1.00
2015.11.26 23:03:51.825,1.32949,1.32976,1.00,1.00
2015.11.26 23:03:51.919,1.32947,1.32975,1.00,1.00
2015.11.26 23:03:52.718,1.32947,1.32973,1.00,1.00
2015.11.26 23:03:52.920,1.32945,1.32976,1.00,1.00
2015.11.26 23:03:53.274,1.32948,1.32974,1.00,1.00
2015.11.26 23:03:53.717,1.32947,1.32977,1.00,1.00
2015.11.26 23:03:53.921,1.32949,1.32977,1.00,1.00
2015.11.26 23:03:56.458,1.32949,1.32976,1.00,1.00
2015.11.26 23:03:57.090,1.32948,1.32976,1.00,1.00
2015.11.26 23:03:59.198,1.32948,1.32974,1.00,1.00
2015.11.26 23:03:59.707,1.32949,1.32975,1.00,1.00
2015.11.26 23:04:00.215,1.32947,1.32975,1.00,1.00
2015.11.26 23:04:00.317,1.32948,1.32977,1.00,1.00
2015.11.26 23:04:01.279,1.32947,1.32977,1.00,1.00
2015.11.26 23:04:01.619,1.32949,1.32976,1.00,1.00
2015.11.26 23:04:02.129,1.32949,1.32975,1.00,1.00
2015.11.26 23:04:02.286,1.32947,1.32975,1.00,1.00
2015.11.26 23:04:03.089,1.32946,1.32974,1.00,1.00
2015.11.26 23:04:03.366,1.32948,1.32976,1.00,1.00
2015.11.26 23:04:04.243,1.32948,1.32974,1.00,1.00
2015.11.26 23:04:05.146,1.32947,1.32973,1.00,1.00
2015.11.26 23:04:06.042,1.32946,1.32975,1.00,1.00
2015.11.26 23:04:06.551,1.32946,1.32974,1.00,1.00
2015.11.26 23:04:08.116,1.32946,1.32972,1.00,1.00
2015.11.26 23:04:08.419,1.32946,1.32974,1.00,1.00
2015.11.26 23:04:08.926,1.32947,1.32975,1.00,1.00
2015.11.26 23:04:08.977,1.32947,1.32973,1.00,1.00
2015.11.26 23:04:11.978,1.32947,1.32974,1.00,1.00
2015.11.26 23:04:12.488,1.32946,1.32974,1.00,1.00
2015.11.26 23:04:13.628,1.32946,1.32972,1.00,1.00
2015.11.26 23:04:15.030,1.32946,1.32974,1.00,1.50
2015.11.26 23:04:17.595,1.32947,1.32974,1.00,1.00
2015.11.26 23:04:18.102,1.32948,1.32974,1.00,1.50
2015.11.26 23:04:18.690,1.32946,1.32974,1.00,1.50
2015.11.26 23:04:20.015,1.32948,1.32974,1.00,1.50
2015.11.26 23:04:20.535,1.32946,1.32974,1.00,1.00
2015.11.26 23:04:24.605,1.32946,1.32975,1.00,1.00
2015.11.26 23:04:25.181,1.32948,1.32974,1.00,1.00
2015.11.26 23:04:25.388,1.32946,1.32974,1.00,1.00
2015.11.26 23:04:25.970,1.32945,1.32973,1.00,1.00
2015.11.26 23:04:26.251,1.32947,1.32973,1.00,1.00
2015.11.26 23:04:27.463,1.32946,1.32972,1.00,1.00
2015.11.26 23:04:27.666,1.32942,1.3297,1.00,1.00
2015.11.26 23:04:27.768,1.32942,1.32964,1.00,1.37
2015.11.26 23:04:28.074,1.32933,1.32957,1.12,1.13
2015.11.26 23:04:28.603,1.32933,1.3296,1.12,1.34
2015.11.26 23:04:29.111,1.3293,1.32958,1.37,1.63
2015.11.26 23:04:30.988,1.32937,1.32965,1.07,1.50
2015.11.26 23:04:31.545,1.32939,1.32965,1.00,1.00
2015.11.26 23:04:32.422,1.32937,1.32963,1.07,1.00
2015.11.26 23:04:32.524,1.32939,1.32965,1.00,1.50
2015.11.26 23:04:32.626,1.32935,1.32963,1.07,1.00
2015.11.26 23:04:33.212,1.32938,1.32964,1.10,1.00
2015.11.26 23:04:33.810,1.32938,1.32965,1.10,1.00
2015.11.26 23:04:34.316,1.32939,1.32965,1.00,1.00
2015.11.26 23:04:34.889,1.32939,1.32967,1.00,1.00
2015.11.26 23:04:35.419,1.3294,1.32968,1.00,1.00
2015.11.26 23:04:35.956,1.3294,1.32969,1.00,1.50
2015.11.26 23:04:36.174,1.32941,1.32967,1.00,1.00
2015.11.26 23:04:44.960,1.3294,1.32966,1.00,1.00
2015.11.26 23:04:46.953,1.3294,1.32968,1.00,1.50
2015.11.26 23:04:48.822,1.32939,1.32967,1.00,1.00
2015.11.26 23:04:55.500,1.3294,1.32967,1.00,1.00
2015.11.26 23:04:57.043,1.3294,1.32968,1.00,1.00
2015.11.26 23:04:58.846,1.32946,1.3297,1.00,1.00
2015.11.26 23:04:59.505,1.32947,1.3297,1.00,1.00
2015.11.26 23:05:00.159,1.32948,1.3297,1.00,1.00
2015.11.26 23:05:01.015,1.32947,1.3297,1.00,1.00
2015.11.26 23:05:03.508,1.32947,1.32973,1.00,1.00
2015.11.26 23:05:22.504,1.32947,1.32974,1.00,1.20
2015.11.26 23:05:24.630,1.32947,1.32974,1.00,1.45
2015.11.26 23:05:27.507,1.32949,1.32974,1.00,1.45
2015.11.26 23:05:27.862,1.32947,1.32974,1.00,1.45
2015.11.26 23:05:28.408,1.32947,1.32974,1.00,1.35
2015.11.26 23:05:30.846,1.32948,1.32974,1.00,2.10
2015.11.26 23:05:31.358,1.32949,1.32974,1.00,1.20
2015.11.26 23:05:31.999,1.32948,1.32974,1.00,1.95
2015.11.26 23:05:33.730,1.32948,1.32973,1.00,1.00
2015.11.26 23:05:35.787,1.32946,1.32972,1.00,1.00
2015.11.26 23:05:36.432,1.32947,1.32973,1.00,1.50
2015.11.26 23:05:52.930,1.32946,1.32972,1.00,1.00
2015.11.26 23:05:55.914,1.32946,1.32972,1.07,1.50
2015.11.26 23:06:02.496,1.32947,1.32973,1.10,1.50
2015.11.26 23:06:03.053,1.32946,1.32972,1.07,1.00
2015.11.26 23:06:38.038,1.32945,1.3297,1.07,1.00
2015.11.26 23:06:39.249,1.32946,1.3297,1.07,1.00
2015.11.26 23:06:39.778,1.32946,1.3297,1.07,1.00
2015.11.26 23:06:43.035,1.32946,1.32972,1.07,1.50
2015.11.26 23:06:44.749,1.32946,1.32972,1.12,1.50
2015.11.26 23:06:50.369,1.32945,1.32973,1.37,1.20
2015.11.26 23:06:54.891,1.32945,1.32973,1.07,1.00
2015.11.26 23:06:55.413,1.32946,1.32972,1.07,1.00
2015.11.26 23:06:56.835,1.32945,1.32973,1.07,1.00
2015.11.26 23:07:07.269,1.32945,1.32972,1.07,1.00
2015.11.26 23:07:07.851,1.32942,1.32972,1.12,1.00
2015.11.26 23:07:07.953,1.32944,1.3297,1.07,1.00
2015.11.26 23:07:08.601,1.32944,1.3297,1.07,1.57
2015.11.26 23:07:09.109,1.32944,1.3297,1.07,1.57
2015.11.26 23:07:09.616,1.32944,1.3297,1.07,1.57
2015.11.26 23:07:11.486,1.32942,1.3297,1.07,1.57
2015.11.26 23:07:11.852,1.32944,1.3297,1.07,1.50
2015.11.26 23:07:12.398,1.32943,1.3297,1.12,1.00
2015.11.26 23:07:14.435,1.32944,1.32971,1.07,1.00
2015.11.26 23:07:26.436,1.32944,1.32972,1.07,1.50
2015.11.26 23:07:34.480,1.32944,1.3297,1.07,1.00
2015.11.26 23:07:42.186,1.32947,1.32975,1.07,1.50
2015.11.26 23:07:42.734,1.3295,1.32975,1.00,1.00
2015.11.26 23:07:43.268,1.32951,1.32975,1.00,1.00
2015.11.26 23:07:47.482,1.32951,1.32977,1.00,1.50
2015.11.26 23:07:49.252,1.32951,1.32979,1.00,1.00
2015.11.26 23:07:49.777,1.32952,1.3298,1.00,1.50
2015.11.26 23:07:50.297,1.32953,1.3298,1.00,1.00
2015.11.26 23:07:52.866,1.32952,1.3298,1.00,1.50
2015.11.26 23:07:53.511,1.32953,1.3298,1.00,1.00
2015.11.26 23:07:54.185,1.32953,1.32979,1.00,1.00
2015.11.26 23:07:54.709,1.32952,1.32979,1.00,1.00
2015.11.26 23:08:13.767,1.32951,1.32979,1.00,1.00
2015.11.26 23:08:13.868,1.32947,1.32979,1.57,1.00
2015.11.26 23:08:14.121,1.32947,1.32979,1.57,1.37
2015.11.26 23:08:14.426,1.3295,1.32979,1.00,1.87
2015.11.26 23:08:14.578,1.3295,1.32979,1.00,1.50
2015.11.26 23:08:15.104,1.32951,1.32979,1.00,1.50
2015.11.26 23:08:16.056,1.32948,1.32979,1.10,1.50
2015.11.26 23:08:16.732,1.32948,1.32978,1.10,1.00
2015.11.26 23:08:19.224,1.32949,1.32978,1.00,1.00
2015.11.26 23:08:19.750,1.3295,1.32977,1.00,1.00
2015.11.26 23:08:20.271,1.32949,1.32977,1.00,1.00
2015.11.26 23:08:27.276,1.32949,1.32978,1.00,1.00
2015.11.26 23:08:30.941,1.32947,1.32977,1.07,1.00
2015.11.26 23:08:31.448,1.32949,1.32977,1.00,1.00
2015.11.26 23:08:31.983,1.32948,1.32978,1.10,1.00
2015.11.26 23:08:32.795,1.32948,1.32977,1.10,1.00
2015.11.26 23:08:33.541,1.32948,1.32978,1.10,1.00
2015.11.26 23:08:34.118,1.32948,1.32979,1.10,1.50
2015.11.26 23:08:34.296,1.32949,1.32977,1.00,1.00
2015.11.26 23:08:35.403,1.32948,1.32978,1.10,1.50
2015.11.26 23:08:35.949,1.32949,1.32977,1.00,1.00
2015.11.26 23:08:36.454,1.32947,1.32977,1.07,1.00
2015.11.26 23:08:38.043,1.32949,1.32977,1.00,1.00
2015.11.26 23:08:39.050,1.32949,1.32976,1.00,1.00
2015.11.26 23:08:39.152,1.32947,1.32978,1.07,1.50
2015.11.26 23:08:39.811,1.32947,1.32977,1.07,1.00
2015.11.26 23:08:40.370,1.32948,1.32978,1.10,1.00
2015.11.26 23:08:41.802,1.32948,1.32977,1.10,1.00
2015.11.26 23:08:42.328,1.32948,1.32978,1.10,1.50
2015.11.26 23:08:42.886,1.32949,1.32977,1.00,1.00
2015.11.26 23:08:44.074,1.32947,1.32978,1.07,1.00
2015.11.26 23:08:45.663,1.32949,1.32977,1.00,1.00
2015.11.26 23:08:46.167,1.32948,1.32976,1.10,1.00
2015.11.26 23:08:46.754,1.32949,1.32977,1.00,1.00
2015.11.26 23:08:48.483,1.32948,1.32976,1.10,1.00
2015.11.26 23:08:50.843,1.32949,1.32977,1.00,1.50
2015.11.26 23:08:51.497,1.32949,1.32975,1.00,1.00
2015.11.26 23:08:52.110,1.3295,1.32976,1.00,1.00
2015.11.26 23:08:52.657,1.32949,1.32977,1.00,1.50
2015.11.26 23:08:53.336,1.32949,1.32975,1.00,1.00
2015.11.26 23:08:54.215,1.32949,1.32977,1.00,1.50
2015.11.26 23:09:07.227,1.32949,1.32975,1.00,1.00
2015.11.26 23:09:07.874,1.3295,1.32976,1.00,1.00
2015.11.26 23:09:08.282,1.32948,1.32976,1.10,1.00
2015.11.26 23:09:08.948,1.3295,1.32976,1.00,1.00
2015.11.26 23:09:09.754,1.32951,1.32977,1.00,1.00
2015.11.26 23:09:10.059,1.32949,1.32977,1.00,1.00
2015.11.26 23:09:18.101,1.32948,1.32976,1.10,1.00
2015.11.26 23:09:20.239,1.32948,1.32976,1.00,1.07
2015.11.26 23:09:20.290,1.3295,1.32976,1.00,1.07
2015.11.26 23:09:20.936,1.32948,1.32976,1.10,1.07
2015.11.26 23:09:21.481,1.32948,1.32976,1.00,1.07
2015.11.26 23:09:23.807,1.32947,1.32975,1.10,1.07
2015.11.26 23:09:24.336,1.32947,1.32975,1.10,1.10
2015.11.26 23:09:24.387,1.32947,1.32975,1.10,1.07
2015.11.26 23:09:24.894,1.32946,1.32974,1.07,1.07
2015.11.26 23:09:25.046,1.32946,1.32974,1.07,1.00
2015.11.26 23:09:25.554,1.32947,1.32973,1.10,1.00
2015.11.26 23:09:26.089,1.32947,1.32975,1.07,1.57
2015.11.26 23:09:26.619,1.32947,1.32975,1.10,1.57
2015.11.26 23:09:28.193,1.32944,1.32972,1.07,1.00
2015.11.26 23:09:28.498,1.32944,1.3297,1.07,1.00
2015.11.26 23:09:29.004,1.32941,1.32969,1.37,1.00
2015.11.26 23:09:29.529,1.3294,1.32968,1.37,1.00
2015.11.26 23:09:30.502,1.32941,1.32967,1.37,1.00
2015.11.26 23:09:31.612,1.32941,1.32969,1.37,1.00
2015.11.26 23:09:32.273,1.32941,1.32967,1.37,1.00
2015.11.26 23:09:32.806,1.32942,1.32968,1.37,1.00
2015.11.26 23:09:34.875,1.32942,1.32968,1.12,1.00
2015.11.26 23:09:35.420,1.32941,1.32967,1.37,1.00
2015.11.26 23:09:43.482,1.3294,1.32968,1.50,1.00
2015.11.26 23:09:45.278,1.32939,1.32967,1.50,1.00
2015.11.26 23:09:45.799,1.32938,1.32966,1.75,1.00
2015.11.26 23:09:46.336,1.32937,1.32965,2.62,1.00
2015.11.26 23:09:46.510,1.32939,1.32967,1.75,1.00
2015.11.26 23:09:47.351,1.3294,1.32966,1.50,1.00
2015.11.26 23:09:47.887,1.32937,1.32965,1.37,1.00
2015.11.26 23:09:48.394,1.32937,1.32965,1.50,1.00
2015.11.26 23:09:48.908,1.32938,1.32966,1.37,1.00
2015.11.26 23:09:49.465,1.32939,1.32965,1.50,1.00
2015.11.26 23:09:50.030,1.32939,1.32965,1.50,1.00
2015.11.26 23:09:58.462,1.3294,1.32966,1.50,1.00
2015.11.26 23:09:58.971,1.32938,1.32966,1.75,1.00
2015.11.26 23:09:59.486,1.32938,1.32967,1.75,1.50
2015.11.26 23:10:00.100,1.32938,1.32966,1.75,1.00
2015.11.26 23:10:00.744,1.32939,1.32967,1.50,1.50
2015.11.26 23:10:00.896,1.32939,1.32965,1.50,1.00
2015.11.26 23:10:01.721,1.32939,1.32965,1.50,1.00
2015.11.26 23:10:02.187,1.32939,1.32967,1.50,1.50
2015.11.26 23:10:03.201,1.32939,1.32965,1.50,1.00
2015.11.26 23:10:03.727,1.32939,1.32965,1.37,1.00
2015.11.26 23:10:05.370,1.32939,1.32965,1.07,1.00
2015.11.26 23:10:05.501,1.32939,1.32965,1.37,1.00
2015.11.26 23:10:05.805,1.32938,1.32964,1.37,1.00
2015.11.26 23:10:06.261,1.32938,1.32966,1.37,1.00
2015.11.26 23:10:11.440,1.32938,1.32966,1.37,1.00
2015.11.26 23:10:11.835,1.32938,1.32966,1.37,1.00
2015.11.26 23:10:12.294,1.32939,1.32967,1.37,1.87
2015.11.26 23:10:14.069,1.32938,1.32966,1.37,1.00
2015.11.26 23:10:14.578,1.3294,1.32966,1.37,1.00
2015.11.26 23:10:17.339,1.3294,1.32966,1.12,1.00
2015.11.26 23:10:17.441,1.3294,1.32966,1.37,1.00
2015.11.26 23:10:17.801,1.3294,1.32966,1.37,1.00
2015.11.26 23:10:18.309,1.32938,1.32965,1.37,1.00
2015.11.26 23:10:21.793,1.3294,1.32968,1.37,1.50
2015.11.26 23:10:22.559,1.3294,1.32966,1.37,1.00
2015.11.26 23:10:24.927,1.3294,1.32962,1.37,1.00
2015.11.26 23:10:25.232,1.32935,1.32959,1.37,1.50
2015.11.26 23:10:25.977,1.32932,1.32958,1.50,1.00
2015.11.26 23:10:26.699,1.32932,1.32959,1.50,1.00
2015.11.26 23:10:28.101,1.32932,1.32959,1.87,1.12
2015.11.26 23:10:28.217,1.32932,1.32957,1.12,1.00
2015.11.26 23:10:28.522,1.32932,1.32958,1.50,1.00
2015.11.26 23:10:28.573,1.32932,1.32958,1.50,1.00
2015.11.26 23:10:28.884,1.3293,1.32958,1.75,1.00
2015.11.26 23:10:29.747,1.3293,1.32958,1.37,1.00
2015.11.26 23:10:30.084,1.3293,1.32958,1.37,1.12
2015.11.26 23:10:30.338,1.3293,1.32957,1.37,1.00
2015.11.26 23:10:30.896,1.3293,1.32956,1.37,1.00
2015.11.26 23:10:31.405,1.3293,1.32957,1.37,1.00
2015.11.26 23:10:31.946,1.32929,1.32957,2.25,1.50
2015.11.26 23:10:32.402,1.3293,1.32957,2.62,1.00
2015.11.26 23:10:32.505,1.3293,1.32957,1.75,1.00
2015.11.26 23:10:33.624,1.3293,1.32957,1.37,1.00
2015.11.26 23:10:34.166,1.32929,1.32957,1.50,1.50
2015.11.26 23:10:36.342,1.32929,1.32956,1.87,1.00
2015.11.26 23:10:36.931,1.3293,1.32956,1.37,1.00
2015.11.26 23:10:37.465,1.3293,1.32956,1.50,1.00
2015.11.26 23:10:37.568,1.32931,1.32956,1.37,1.00
2015.11.26 23:10:37.772,1.32931,1.32956,1.37,1.00
2015.11.26 23:10:38.102,1.3293,1.32956,1.50,1.00
2015.11.26 23:10:38.620,1.3293,1.32956,2.62,1.00
2015.11.26 23:10:40.095,1.32931,1.32956,1.12,1.00
2015.11.26 23:10:40.867,1.32931,1.32956,1.12,1.00
2015.11.26 23:10:41.740,1.32931,1.32955,1.12,1.00
2015.11.26 23:10:42.846,1.3293,1.32955,1.87,1.00
2015.11.26 23:10:44.310,1.3293,1.32955,1.50,1.00
2015.11.26 23:10:44.513,1.3293,1.32955,1.75,1.00
2015.11.26 23:10:44.650,1.3293,1.32955,1.75,1.00
2015.11.26 23:10:45.057,1.3293,1.32955,1.75,1.00
2015.11.26 23:10:45.159,1.32933,1.32955,1.12,1.00
2015.11.26 23:10:45.363,1.32931,1.32951,1.12,1.00
2015.11.26 23:10:45.518,1.32927,1.32951,1.50,1.00
2015.11.26 23:10:45.620,1.32927,1.32951,1.50,1.00
2015.11.26 23:10:45.874,1.32926,1.32948,1.75,1.00
2015.11.26 23:10:54.724,1.32924,1.32948,1.50,1.00
2015.11.26 23:10:54.937,1.32925,1.32948,1.37,1.00
2015.11.26 23:10:55.495,1.32925,1.32948,1.12,1.00
2015.11.26 23:10:55.938,1.32924,1.32948,1.50,1.00
2015.11.26 23:10:56.318,1.32925,1.32948,1.37,1.00
2015.11.26 23:10:56.726,1.32924,1.32948,1.50,1.00
2015.11.26 23:10:56.827,1.32924,1.32948,1.50,1.00
2015.11.26 23:10:57.384,1.32926,1.32948,1.12,1.00
2015.11.26 23:10:58.134,1.32926,1.32948,1.37,1.00
2015.11.26 23:10:58.917,1.32926,1.32948,1.12,1.00
2015.11.26 23:11:00.275,1.32925,1.32951,1.37,1.00
2015.11.26 23:11:00.326,1.32925,1.32951,1.37,1.00
2015.11.26 23:11:00.631,1.32927,1.32952,1.37,1.00
2015.11.26 23:11:01.122,1.32927,1.32952,1.37,1.00
2015.11.26 23:11:01.654,1.32926,1.32952,1.37,1.50
2015.11.26 23:11:02.010,1.32926,1.32952,1.37,1.00
2015.11.26 23:11:02.113,1.32926,1.32952,1.37,1.00
2015.11.26 23:11:02.644,1.32927,1.32952,1.37,1.00
2015.11.26 23:11:03.755,1.32927,1.32952,1.37,1.00
2015.11.26 23:11:04.525,1.32927,1.32952,1.75,1.00
2015.11.26 23:11:05.288,1.32927,1.32953,1.75,1.00
2015.11.26 23:11:05.506,1.32928,1.32956,1.37,1.00
2015.11.26 23:11:05.980,1.32931,1.32957,1.75,1.50
2015.11.26 23:11:06.133,1.32933,1.32959,1.37,1.50
2015.11.26 23:11:06.660,1.32933,1.32959,1.37,1.50
2015.11.26 23:11:06.711,1.32933,1.32959,1.37,1.50
2015.11.26 23:11:07.486,1.32935,1.32959,1.37,1.00
2015.11.26 23:11:08.016,1.32934,1.32959,1.37,1.00
2015.11.26 23:11:08.218,1.32934,1.32959,1.37,1.00
2015.11.26 23:11:11.145,1.32934,1.32959,1.37,1.00
2015.11.26 23:11:11.267,1.32934,1.32961,1.37,1.00
2015.11.26 23:11:12.170,1.32932,1.3296,1.87,1.00
2015.11.26 23:11:12.222,1.32932,1.3296,1.87,1.00
2015.11.26 23:11:12.677,1.32933,1.32961,1.37,1.50
2015.11.26 23:11:12.794,1.32933,1.32961,1.37,1.50
2015.11.26 23:11:13.099,1.32933,1.32961,1.37,1.50
2015.11.26 23:11:13.603,1.32934,1.3296,1.37,1.00
2015.11.26 23:11:16.474,1.32934,1.3296,1.37,1.00
2015.11.26 23:11:18.282,1.32934,1.3296,1.37,1.00
2015.11.26 23:11:21.395,1.32935,1.32963,1.37,1.50
2015.11.26 23:11:21.903,1.32934,1.32962,1.87,1.00
2015.11.26 23:11:22.261,1.32935,1.32963,1.50,1.50
2015.11.26 23:11:22.582,1.32935,1.32963,1.50,1.50
2015.11.26 23:11:23.558,1.32935,1.32963,1.50,1.50
2015.11.26 23:11:30.048,1.32937,1.32963,1.75,1.00
2015.11.26 23:11:30.099,1.32939,1.32967,1.12,1.87
2015.11.26 23:11:30.252,1.32939,1.32967,1.37,1.50
2015.11.26 23:11:30.956,1.3294,1.32968,1.50,1.00
2015.11.26 23:11:35.716,1.3294,1.32966,1.37,1.00
2015.11.26 23:11:42.303,1.3294,1.32968,1.37,1.00
2015.11.26 23:11:42.987,1.3294,1.32968,1.50,1.37
2015.11.26 23:11:44.066,1.3294,1.32968,1.50,1.12
2015.11.26 23:11:44.575,1.32939,1.32967,1.75,1.00
2015.11.26 23:12:08.257,1.3294,1.32968,1.37,1.50
2015.11.26 23:12:09.309,1.3294,1.32966,1.37,1.00
2015.11.26 23:12:10.731,1.32941,1.32967,1.37,1.00
2015.11.26 23:12:17.615,1.3294,1.32968,1.37,1.00
2015.11.26 23:13:00.075,1.32941,1.32969,1.37,1.00
2015.11.26 23:13:00.398,1.32941,1.32967,1.37,1.00
2015.11.26 23:13:03.157,1.3294,1.32966,1.37,1.00
2015.11.26 23:13:03.705,1.3294,1.32966,1.37,1.00
2015.11.26 23:13:03.811,1.3294,1.32968,1.37,1.00
2015.11.26 23:13:06.433,1.32939,1.32965,1.37,1.00
2015.11.26 23:13:06.954,1.32938,1.32966,1.37,1.00
2015.11.26 23:13:07.059,1.32938,1.32966,1.37,1.00
2015.11.26 23:13:07.110,1.32938,1.32964,1.37,1.00
2015.11.26 23:13:07.212,1.32938,1.32966,1.37,1.00
2015.11.26 23:13:07.314,1.32939,1.32965,1.37,1.00
2015.11.26 23:13:07.831,1.32938,1.32966,1.37,1.00
2015.11.26 23:13:08.372,1.3294,1.32967,1.37,1.00
2015.11.26 23:13:09.083,1.32937,1.32965,2.25,1.00
2015.11.26 23:13:09.653,1.32938,1.32964,1.37,1.00
2015.11.26 23:13:09.755,1.32939,1.32967,1.37,1.50
2015.11.26 23:13:09.958,1.32938,1.32964,1.75,1.00
2015.11.26 23:13:10.060,1.32938,1.32964,1.50,1.00
2015.11.26 23:13:10.212,1.3294,1.32966,1.37,1.00
2015.11.26 23:13:20.488,1.32938,1.32966,1.37,1.00
2015.11.26 23:13:28.567,1.32937,1.32965,1.50,1.00
2015.11.26 23:13:29.330,1.32937,1.32965,1.50,1.00
2015.11.26 23:13:29.881,1.32938,1.32964,1.37,1.00
2015.11.26 23:13:29.983,1.32938,1.32966,1.37,1.50
2015.11.26 23:13:30.084,1.32939,1.32968,1.12,1.00
2015.11.26 23:13:30.205,1.32939,1.32968,1.37,1.00
2015.11.26 23:13:30.525,1.32939,1.32965,1.37,1.00
2015.11.26 23:13:31.057,1.32938,1.32964,1.50,1.00
2015.11.26 23:13:34.839,1.32938,1.32966,1.37,1.00
2015.11.26 23:13:35.402,1.32937,1.32965,1.87,1.00
2015.11.26 23:13:36.059,1.3294,1.32968,1.37,1.00
2015.11.26 23:13:36.161,1.32938,1.32966,1.50,1.00
2015.11.26 23:13:36.465,1.32938,1.32964,1.37,1.00
2015.11.26 23:13:36.720,1.32938,1.32966,1.37,1.00
2015.11.26 23:13:37.242,1.32939,1.32967,1.50,1.50
2015.11.26 23:13:37.344,1.32939,1.32965,1.50,1.00
2015.11.26 23:13:37.700,1.3294,1.32967,1.37,1.00
2015.11.26 23:13:37.904,1.32939,1.32965,1.37,1.00
2015.11.26 23:13:38.338,1.32941,1.32967,1.37,1.50
2015.11.26 23:13:38.440,1.32938,1.32965,1.37,1.00
2015.11.26 23:13:38.946,1.3294,1.32966,1.37,1.00
2015.11.26 23:13:39.677,1.32938,1.32964,1.37,1.00
2015.11.26 23:13:40.206,1.32937,1.32965,1.50,1.00
2015.11.26 23:13:40.712,1.32938,1.32964,1.37,1.00
2015.11.26 23:13:40.865,1.32938,1.32966,1.37,1.00
2015.11.26 23:13:41.405,1.32938,1.32965,1.37,1.00
2015.11.26 23:13:44.779,1.32937,1.32963,1.37,1.00
2015.11.26 23:13:44.931,1.32938,1.32965,1.37,1.00
2015.11.26 23:13:45.468,1.32936,1.32964,1.37,1.00
2015.11.26 23:13:45.977,1.32938,1.32965,1.50,1.00
2015.11.26 23:13:46.334,1.32939,1.32967,1.37,1.50
2015.11.26 23:13:46.436,1.32939,1.32965,1.37,1.00
2015.11.26 23:13:46.967,1.32938,1.32966,1.37,1.00
2015.11.26 23:13:47.335,1.32938,1.32964,1.37,1.00
2015.11.26 23:13:47.537,1.3294,1.32966,1.37,1.00
2015.11.26 23:13:48.110,1.32938,1.32964,1.37,1.00
2015.11.26 23:13:48.613,1.32939,1.32965,1.37,1.00
2015.11.26 23:13:48.664,1.32939,1.32967,1.37,1.50
2015.11.26 23:13:48.867,1.32936,1.32964,2.62,1.00
2015.11.26 23:13:48.969,1.32938,1.32966,1.50,1.00
2015.11.26 23:13:49.507,1.32937,1.32965,1.37,1.00
2015.11.26 23:13:53.470,1.3294,1.32966,1.37,1.50
2015.11.26 23:13:54.576,1.32939,1.32965,1.37,1.00
2015.11.26 23:13:55.151,1.32939,1.32966,1.37,1.00
2015.11.26 23:13:55.339,1.32937,1.32963,1.87,1.00
2015.11.26 23:13:55.493,1.3294,1.32966,1.37,1.50
2015.11.26 23:13:56.025,1.3294,1.32968,1.75,1.00
2015.11.26 23:13:56.229,1.3294,1.32966,1.75,1.00
2015.11.26 23:13:56.331,1.32942,1.32968,2.25,1.00
2015.11.26 23:13:56.585,1.3294,1.32966,1.37,1.00
2015.11.26 23:13:57.105,1.32938,1.32967,1.50,1.50
2015.11.26 23:13:57.410,1.32937,1.32965,1.50,1.00
2015.11.26 23:13:57.563,1.32939,1.32967,1.37,1.50
2015.11.26 23:13:58.100,1.32937,1.32966,1.50,1.00
2015.11.26 23:13:58.602,1.32938,1.32965,1.37,1.00
2015.11.26 23:13:58.653,1.32939,1.32967,1.37,1.50
2015.11.26 23:13:59.008,1.32939,1.32965,1.37,1.00
2015.11.26 23:13:59.231,1.32939,1.32965,1.12,1.00
2015.11.26 23:13:59.335,1.32937,1.32965,1.37,1.00
2015.11.26 23:13:59.438,1.32937,1.32964,1.37,1.00
2015.11.26 23:13:59.641,1.32939,1.32966,1.12,1.00
2015.11.26 23:13:59.997,1.32938,1.32964,1.37,1.00
2015.11.26 23:14:00.760,1.32937,1.32965,1.75,1.00
2015.11.26 23:14:01.070,1.32938,1.32967,1.50,1.50
2015.11.26 23:14:01.171,1.32937,1.32965,1.75,1.00
2015.11.26 23:14:01.481,1.32937,1.32965,1.87,1.00
2015.11.26 23:14:09.449,1.32939,1.32963,1.12,1.00
2015.11.26 23:14:16.933,1.32941,1.32963,1.12,1.00
2015.11.26 23:14:18.936,1.3294,1.32963,1.12,1.00
2015.11.26 23:14:22.331,1.3294,1.32964,1.12,1.12
2015.11.26 23:14:23.867,1.3294,1.32963,1.12,1.00
2015.11.26 23:14:24.089,1.32941,1.32964,1.12,1.12
2015.11.26 23:14:25.730,1.32938,1.32964,1.50,2.25
2015.11.26 23:14:25.832,1.32938,1.32964,1.12,2.25
2015.11.26 23:14:26.291,1.32936,1.32964,1.82,2.25
2015.11.26 23:14:27.608,1.32938,1.32964,1.12,2.25
2015.11.26 23:14:28.067,1.32938,1.32962,1.12,1.37
2015.11.26 23:14:28.693,1.32941,1.32967,1.12,1.75
2015.11.26 23:14:29.056,1.3294,1.32966,1.45,1.87
2015.11.26 23:14:29.245,1.32939,1.32965,1.82,1.50
2015.11.26 23:14:29.296,1.3294,1.32965,1.12,1.50
2015.11.26 23:14:29.500,1.32939,1.32962,1.57,1.00
2015.11.26 23:14:29.703,1.32937,1.32965,1.87,1.50
2015.11.26 23:14:29.907,1.3294,1.32965,1.12,1.50
2015.11.26 23:14:30.313,1.32937,1.32963,1.12,1.37
2015.11.26 23:14:30.466,1.32938,1.32963,1.87,1.37
2015.11.26 23:14:30.517,1.32938,1.32963,1.87,1.12
2015.11.26 23:14:30.569,1.3294,1.32963,1.12,1.12
2015.11.26 23:14:30.928,1.32938,1.32963,1.12,1.50
2015.11.26 23:14:31.030,1.32938,1.32963,1.87,1.50
2015.11.26 23:14:31.132,1.32938,1.32963,1.87,1.50
2015.11.26 23:14:31.845,1.32937,1.32963,1.12,1.75
2015.11.26 23:14:32.330,1.32938,1.32962,1.12,1.12
2015.11.26 23:14:32.533,1.32938,1.3296,1.12,1.00
2015.11.26 23:14:33.250,1.32938,1.32962,1.12,1.37
2015.11.26 23:14:34.348,1.32938,1.32963,1.12,1.87
2015.11.26 23:14:34.742,1.32939,1.32963,1.07,1.87
2015.11.26 23:14:34.845,1.32938,1.32962,1.12,1.12
2015.11.26 23:14:35.354,1.32937,1.32961,1.12,1.12
2015.11.26 23:14:35.878,1.3294,1.32961,1.12,1.00
2015.11.26 23:14:36.314,1.32938,1.32961,1.12,1.00
2015.11.26 23:14:37.826,1.32938,1.32961,1.12,1.50
2015.11.26 23:14:38.356,1.32938,1.32961,1.12,1.00
2015.11.26 23:14:38.965,1.32939,1.32961,1.37,1.00
2015.11.26 23:14:39.169,1.32939,1.32961,1.07,1.50
2015.11.26 23:14:40.137,1.32937,1.32961,1.87,1.12
2015.11.26 23:14:41.125,1.32937,1.32963,1.12,1.37
2015.11.26 23:14:41.227,1.32939,1.32963,1.07,1.87
2015.11.26 23:14:41.532,1.32937,1.32962,1.12,1.50
2015.11.26 23:14:41.786,1.32936,1.32963,1.12,2.25
2015.11.26 23:14:42.032,1.32937,1.32963,1.12,2.25
2015.11.26 23:14:42.561,1.32939,1.32963,1.12,1.50
2015.11.26 23:14:43.251,1.32938,1.32961,1.37,1.00
2015.11.26 23:14:43.773,1.32939,1.32962,1.12,1.12
2015.11.26 23:14:44.373,1.32938,1.32961,1.37,1.00
2015.11.26 23:14:44.578,1.32939,1.32963,1.12,1.12
2015.11.26 23:14:44.681,1.32936,1.32963,1.12,1.87
2015.11.26 23:14:45.651,1.32939,1.32962,1.12,1.00
2015.11.26 23:14:46.159,1.32939,1.32963,1.12,1.87
2015.11.26 23:14:46.463,1.32938,1.32961,1.37,1.00
2015.11.26 23:14:46.990,1.32939,1.32963,1.12,1.37
2015.11.26 23:14:47.664,1.32938,1.32963,1.12,1.75
2015.11.26 23:14:47.919,1.32939,1.32963,1.12,1.87
2015.11.26 23:14:48.143,1.32937,1.32963,1.87,1.87
2015.11.26 23:14:48.349,1.32939,1.32963,1.12,1.87
2015.11.26 23:14:48.871,1.32939,1.32962,1.12,1.00
2015.11.26 23:14:49.075,1.32937,1.32962,1.12,1.00
2015.11.26 23:14:49.177,1.32939,1.32962,1.12,1.00
2015.11.26 23:14:49.533,1.32939,1.32963,1.37,1.37
2015.11.26 23:14:49.636,1.32937,1.32962,1.12,1.12
2015.11.26 23:14:49.738,1.32939,1.32962,1.07,1.37
2015.11.26 23:14:50.144,1.32938,1.32962,1.12,1.75
2015.11.26 23:14:50.297,1.32939,1.32962,1.12,1.00
2015.11.26 23:14:50.667,1.32937,1.32963,1.87,2.25
2015.11.26 23:14:51.907,1.32936,1.32962,1.12,1.00
2015.11.26 23:14:52.238,1.32939,1.32964,1.07,1.87
2015.11.26 23:14:52.593,1.32938,1.32964,1.12,2.25
2015.11.26 23:14:54.152,1.32938,1.32961,1.07,1.37
2015.11.26 23:14:54.254,1.32936,1.32961,1.12,1.50
2015.11.26 23:14:54.661,1.32936,1.32963,1.12,2.62
2015.11.26 23:14:54.983,1.32939,1.32962,1.37,1.00
2015.11.26 23:14:55.289,1.32936,1.32961,1.12,1.50
2015.11.26 23:14:55.450,1.32936,1.32961,1.12,1.50
2015.11.26 23:14:55.757,1.32936,1.32959,1.37,1.37
2015.11.26 23:14:55.859,1.32934,1.32959,1.87,1.00
2015.11.26 23:14:56.012,1.32939,1.3296,1.12,1.00
2015.11.26 23:14:56.419,1.32937,1.3296,1.12,1.12
2015.11.26 23:14:57.090,1.32939,1.32963,1.12,1.37
2015.11.26 23:14:57.395,1.32937,1.32961,1.12,1.37
2015.11.26 23:14:58.058,1.32937,1.32962,1.12,1.12
2015.11.26 23:14:58.577,1.32938,1.32961,1.37,1.00
2015.11.26 23:14:59.112,1.32939,1.32963,1.12,1.87
2015.11.26 23:14:59.686,1.32938,1.32963,1.12,1.75
2015.11.26 23:15:00.204,1.32939,1.32963,1.12,1.37
2015.11.26 23:15:00.759,1.32937,1.32963,1.12,1.37
2015.11.26 23:15:01.267,1.32938,1.32963,1.12,1.50
2015.11.26 23:15:02.493,1.32936,1.32963,1.12,1.75
2015.11.26 23:15:02.899,1.32938,1.32963,1.12,1.50
2015.11.26 23:15:04.855,1.32936,1.32963,1.12,1.87
2015.11.26 23:15:05.009,1.32938,1.32961,1.37,1.00
2015.11.26 23:15:08.897,1.3294,1.32963,1.07,1.00
2015.11.26 23:15:09.465,1.32938,1.32964,1.12,1.75
2015.11.26 23:15:11.204,1.32935,1.32964,1.12,1.75
2015.11.26 23:15:11.673,1.32937,1.32964,1.12,1.75
2015.11.26 23:15:12.615,1.32938,1.32964,1.12,1.75
2015.11.26 23:15:13.178,1.32938,1.32964,1.12,1.50
2015.11.26 23:15:13.720,1.32939,1.32962,1.12,1.00
2015.11.26 23:15:14.505,1.32936,1.32962,1.12,1.12
2015.11.26 23:15:14.607,1.32938,1.32964,1.12,1.87
2015.11.26 23:15:14.709,1.32939,1.32964,1.12,1.50
2015.11.26 23:15:17.725,1.32937,1.32965,1.12,1.87
2015.11.26 23:15:17.827,1.32939,1.32965,1.12,1.75
2015.11.26 23:15:18.112,1.32939,1.32964,1.12,1.37
2015.11.26 23:15:18.309,1.32939,1.32965,1.12,1.75
2015.11.26 23:15:18.433,1.32937,1.32964,1.12,1.12
2015.11.26 23:15:18.788,1.32937,1.32962,1.12,1.00
2015.11.26 23:15:19.042,1.32939,1.32965,1.12,1.75
2015.11.26 23:15:19.580,1.32938,1.32965,1.12,1.75
2015.11.26 23:15:20.540,1.32939,1.32965,1.12,1.75
2015.11.26 23:15:20.871,1.32939,1.32965,1.12,1.75
2015.11.26 23:15:21.024,1.32939,1.32965,1.12,1.75
2015.11.26 23:15:21.542,1.32939,1.32965,1.12,1.75
2015.11.26 23:15:23.628,1.32937,1.32965,1.12,1.87
2015.11.26 23:15:23.743,1.32939,1.32965,1.12,1.75
2015.11.26 23:15:24.399,1.32938,1.32965,1.12,1.75
2015.11.26 23:15:24.755,1.32939,1.32965,1.12,1.75
2015.11.26 23:15:26.131,1.32941,1.32965,1.12,1.12
2015.11.26 23:15:26.233,1.32939,1.32962,1.37,1.00
2015.11.26 23:15:27.453,1.32941,1.32965,1.12,1.75
2015.11.26 23:15:27.969,1.32939,1.32962,1.37,1.00
2015.11.26 23:15:32.343,1.32941,1.32965,1.12,1.12
2015.11.26 23:15:32.446,1.32939,1.32965,1.12,1.75
2015.11.26 23:15:32.961,1.3294,1.32965,1.12,1.50
2015.11.26 23:15:33.215,1.32938,1.32965,1.12,1.75
2015.11.26 23:15:33.674,1.3294,1.32966,1.12,1.75
2015.11.26 23:15:34.108,1.32937,1.32966,1.50,1.75
2015.11.26 23:15:34.638,1.32939,1.32966,1.12,1.75
2015.11.26 23:15:35.190,1.32938,1.32966,1.12,1.87
2015.11.26 23:15:46.485,1.32939,1.32965,1.12,1.50
2015.11.26 23:15:46.537,1.32939,1.32965,1.12,1.50
2015.11.26 23:15:47.518,1.32936,1.32965,1.12,1.75
2015.11.26 23:15:47.722,1.32938,1.32965,1.12,1.75
2015.11.26 23:15:48.986,1.32939,1.32966,1.12,1.75
2015.11.26 23:15:49.089,1.32938,1.32965,1.12,1.12
2015.11.26 23:15:49.344,1.32938,1.32963,1.12,1.00
2015.11.26 23:15:50.450,1.32939,1.32966,1.12,1.87
2015.11.26 23:15:50.705,1.32939,1.32962,1.37,1.00
2015.11.26 23:15:50.909,1.32939,1.32962,1.07,1.00
2015.11.26 23:15:51.164,1.32937,1.3296,1.37,1.00
2015.11.26 23:15:51.392,1.32939,1.32962,1.07,1.00
2015.11.26 23:15:51.596,1.32939,1.32962,1.07,1.00
2015.11.26 23:15:51.757,1.32941,1.32964,1.00,1.00
2015.11.26 23:15:51.910,1.32941,1.32964,1.12,1.00
2015.11.26 23:15:52.266,1.32938,1.32966,1.12,1.87
2015.11.26 23:15:52.463,1.32938,1.32966,1.12,1.87
2015.11.26 23:15:52.768,1.32938,1.32966,1.12,1.87
2015.11.26 23:15:53.276,1.32938,1.32966,1.12,1.87
2015.11.26 23:15:53.778,1.32941,1.32967,1.12,1.87
2015.11.26 23:15:53.881,1.32939,1.32967,1.12,1.87
2015.11.26 23:15:53.983,1.32941,1.32967,1.12,1.87
2015.11.26 23:15:54.287,1.32938,1.32965,1.12,1.12
2015.11.26 23:15:54.338,1.32937,1.32965,1.12,1.12
2015.11.26 23:15:54.851,1.32938,1.32964,1.12,1.75
2015.11.26 23:15:55.055,1.32938,1.32963,1.12,1.00
2015.11.26 23:15:55.158,1.3294,1.32964,1.12,1.50
2015.11.26 23:15:55.210,1.32937,1.32964,1.12,1.75
2015.11.26 23:15:55.312,1.32938,1.32965,1.12,1.12
2015.11.26 23:15:55.524,1.32938,1.32965,1.12,1.12
2015.11.26 23:15:56.221,1.32938,1.32967,1.50,1.75
2015.11.26 23:15:56.374,1.32938,1.32966,1.12,1.12
2015.11.26 23:15:57.958,1.3294,1.32966,1.12,1.12
2015.11.26 23:15:58.060,1.32938,1.32966,1.12,1.12
2015.11.26 23:15:58.958,1.32939,1.32966,1.12,1.12
2015.11.26 23:16:00.599,1.32937,1.32966,1.12,1.12
2015.11.26 23:16:00.701,1.3294,1.32966,1.12,1.12
2015.11.26 23:16:00.803,1.32936,1.32966,1.50,1.12
2015.11.26 23:16:01.085,1.32939,1.32966,1.12,1.12
2015.11.26 23:16:02.292,1.32937,1.32965,1.12,1.12
2015.11.26 23:16:02.673,1.3294,1.32963,1.07,1.00
2015.11.26 23:16:02.876,1.32937,1.32965,1.12,1.12
2015.11.26 23:16:03.811,1.32939,1.32966,1.12,1.12
2015.11.26 23:16:04.506,1.32937,1.32965,1.12,1.12
2015.11.26 23:16:05.014,1.32935,1.32964,1.12,1.12
2015.11.26 23:16:05.166,1.32935,1.32966,1.50,1.12
2015.11.26 23:16:05.348,1.3294,1.32963,1.07,1.00
2015.11.26 23:16:05.704,1.32937,1.32964,1.12,1.12
2015.11.26 23:16:05.806,1.32939,1.32965,1.12,1.75
2015.11.26 23:16:06.606,1.32937,1.32965,1.12,1.87
2015.11.26 23:16:07.114,1.32941,1.32964,1.07,1.00
2015.11.26 23:16:07.270,1.32939,1.32965,1.12,1.75
2015.11.26 23:16:08.013,1.32936,1.32964,1.12,1.12
2015.11.26 23:16:08.545,1.32936,1.32963,1.12,1.12
2015.11.26 23:16:10.886,1.32936,1.32965,1.12,1.87
2015.11.26 23:16:11.390,1.32939,1.32962,1.12,1.00
2015.11.26 23:16:12.204,1.32939,1.32965,1.12,1.37
2015.11.26 23:16:12.283,1.32939,1.32965,1.12,1.37
2015.11.26 23:16:12.885,1.32938,1.32965,1.12,1.75
2015.11.26 23:16:13.202,1.32939,1.32965,1.12,1.87
2015.11.26 23:16:15.423,1.32936,1.32964,1.12,1.12
2015.11.26 23:16:15.712,1.32938,1.32965,1.12,1.75
2015.11.26 23:16:16.322,1.32941,1.32964,1.07,1.00
2015.11.26 23:16:16.516,1.32938,1.32965,1.12,1.87
2015.11.26 23:16:19.328,1.32937,1.3296,1.37,1.00
2015.11.26 23:16:19.651,1.32939,1.32965,1.12,1.75
2015.11.26 23:16:19.702,1.32938,1.32965,1.12,1.87
2015.11.26 23:16:20.236,1.32939,1.32965,1.12,1.50
2015.11.26 23:16:20.491,1.32936,1.32965,1.50,1.75
2015.11.26 23:16:20.593,1.32936,1.32965,1.12,1.87
2015.11.26 23:16:20.747,1.3294,1.32963,1.07,1.00
2015.11.26 23:16:20.848,1.3294,1.32963,1.07,1.00
2015.11.26 23:16:21.422,1.32937,1.32964,1.12,1.75
2015.11.26 23:16:21.524,1.32939,1.32964,1.12,1.50
2015.11.26 23:16:22.819,1.32939,1.32964,1.12,1.00
2015.11.26 23:16:23.383,1.32936,1.32964,1.12,1.50
2015.11.26 23:16:24.041,1.32936,1.32964,1.12,1.75
2015.11.26 23:16:24.479,1.32939,1.32964,1.12,1.12
2015.11.26 23:16:24.795,1.32939,1.32964,1.12,1.75
2015.11.26 23:16:25.258,1.32941,1.32964,1.07,1.50
2015.11.26 23:16:25.604,1.32939,1.32964,1.12,1.50
2015.11.26 23:16:26.519,1.32939,1.32966,1.12,1.75
2015.11.26 23:16:26.728,1.32937,1.32964,1.12,1.12
2015.11.26 23:16:27.096,1.32936,1.32962,1.12,1.37
2015.11.26 23:16:27.559,1.32938,1.32962,1.12,1.37
2015.11.26 23:16:28.080,1.32936,1.32963,1.12,1.75
2015.11.26 23:16:28.217,1.32935,1.32963,1.12,1.75
2015.11.26 23:16:28.364,1.32935,1.32963,1.12,1.87
2015.11.26 23:16:28.836,1.32936,1.32963,1.20,1.50
2015.11.26 23:16:28.938,1.32935,1.32963,1.12,1.75
2015.11.26 23:16:29.720,1.32935,1.32962,1.12,1.37
2015.11.26 23:16:29.873,1.32935,1.32963,1.12,1.75
2015.11.26 23:16:30.221,1.32935,1.32962,1.12,1.12
2015.11.26 23:16:30.842,1.32935,1.32963,1.12,1.75
2015.11.26 23:16:30.893,1.32935,1.32958,1.12,1.20
2015.11.26 23:16:31.096,1.32932,1.32958,1.50,1.72
2015.11.26 23:16:31.621,1.32931,1.32957,1.12,1.47
2015.11.26 23:16:35.698,1.3293,1.32956,1.20,1.10
2015.11.26 23:16:41.674,1.32933,1.32959,1.20,1.57
2015.11.26 23:16:41.725,1.32933,1.32959,1.20,1.12
2015.11.26 23:16:42.047,1.32934,1.32959,1.12,1.72
2015.11.26 23:16:42.370,1.32931,1.32953,1.12,1.00
2015.11.26 23:16:42.620,1.32929,1.32953,1.12,1.00
2015.11.26 23:16:42.672,1.3293,1.32956,1.20,1.57
2015.11.26 23:16:42.825,1.32933,1.32952,1.12,1.00
2015.11.26 23:16:43.178,1.32932,1.32955,1.37,1.50
2015.11.26 23:16:43.281,1.3293,1.32953,1.07,1.00
2015.11.26 23:16:43.524,1.32933,1.32953,1.12,1.00
2015.11.26 23:16:43.728,1.32932,1.32953,1.07,1.00
2015.11.26 23:16:43.779,1.32929,1.32957,1.50,1.57
2015.11.26 23:16:43.931,1.32933,1.32953,1.12,1.00
2015.11.26 23:16:44.237,1.32931,1.3295,1.37,1.00
2015.11.26 23:16:44.288,1.32931,1.3295,1.07,1.00
2015.11.26 23:16:44.389,1.32934,1.32955,1.00,1.00
2015.11.26 23:16:44.542,1.32934,1.32952,1.00,1.00
2015.11.26 23:16:44.935,1.32934,1.32955,1.00,1.00
2015.11.26 23:16:45.087,1.32934,1.32951,1.00,1.00
2015.11.26 23:16:45.393,1.32934,1.32951,1.07,1.00
2015.11.26 23:16:45.495,1.32932,1.32954,1.37,1.00
2015.11.26 23:16:45.597,1.3293,1.32956,1.12,1.85
2015.11.26 23:16:45.699,1.32932,1.32952,1.12,1.00
2015.11.26 23:16:46.032,1.32931,1.32954,1.37,1.00
2015.11.26 23:16:46.244,1.32933,1.32952,1.07,1.00
2015.11.26 23:16:46.703,1.32932,1.32955,1.12,1.12
2015.11.26 23:16:46.805,1.32935,1.32951,1.07,1.00
2015.11.26 23:16:47.111,1.32927,1.32951,1.12,1.00
2015.11.26 23:16:47.419,1.3293,1.32951,1.12,1.00
2015.11.26 23:16:47.674,1.32927,1.32951,1.50,1.00
2015.11.26 23:16:47.777,1.32929,1.32957,1.20,1.57
2015.11.26 23:16:47.879,1.32928,1.32956,1.95,1.47
2015.11.26 23:16:48.185,1.32931,1.32952,1.12,1.00
2015.11.26 23:16:48.313,1.32931,1.32954,1.12,1.00
2015.11.26 23:16:48.422,1.3293,1.32956,1.12,1.85
2015.11.26 23:16:48.995,1.32932,1.32955,1.12,1.12
2015.11.26 23:16:49.167,1.32932,1.32952,1.12,1.00
2015.11.26 23:16:49.421,1.32932,1.32954,1.12,1.00
2015.11.26 23:16:49.624,1.32932,1.32952,1.12,1.00
2015.11.26 23:16:49.899,1.32928,1.3295,1.12,1.00
2015.11.26 23:16:50.001,1.32928,1.32955,1.87,1.12
2015.11.26 23:16:50.154,1.32929,1.32951,1.20,1.00
2015.11.26 23:16:50.460,1.32932,1.32951,1.12,1.00
2015.11.26 23:16:50.563,1.3293,1.32955,1.12,1.75
2015.11.26 23:16:50.716,1.32933,1.32955,1.07,1.00
2015.11.26 23:16:51.072,1.32933,1.32952,1.07,1.00
2015.11.26 23:16:51.287,1.32933,1.32952,1.00,1.00
2015.11.26 23:16:51.403,1.32933,1.32954,1.00,1.00
2015.11.26 23:16:51.607,1.32929,1.32957,1.20,2.02
2015.11.26 23:16:51.912,1.3293,1.32951,1.12,1.12
2015.11.26 23:16:52.433,1.3293,1.32952,1.12,1.00
2015.11.26 23:16:52.555,1.3293,1.32955,1.12,1.50
2015.11.26 23:16:52.759,1.3293,1.32951,1.12,1.00
2015.11.26 23:16:53.067,1.32932,1.32951,1.12,1.00
2015.11.26 23:16:53.587,1.32929,1.32952,1.12,1.00
2015.11.26 23:16:53.638,1.32929,1.32952,1.12,1.00
2015.11.26 23:16:53.791,1.32929,1.32954,1.12,1.00
2015.11.26 23:16:53.893,1.32931,1.32956,1.45,1.10
2015.11.26 23:16:53.944,1.32931,1.3295,1.45,1.00
2015.11.26 23:16:54.468,1.3293,1.32955,1.12,1.50
2015.11.26 23:16:54.570,1.32935,1.32953,1.07,1.00
2015.11.26 23:16:54.723,1.32929,1.32953,1.20,1.00
2015.11.26 23:16:54.825,1.32933,1.32953,1.12,1.00
2015.11.26 23:16:54.979,1.32933,1.32956,1.12,1.95
2015.11.26 23:16:55.132,1.32933,1.32953,1.12,1.00
2015.11.26 23:16:55.453,1.32932,1.3295,1.12,1.00
2015.11.26 23:16:55.555,1.32931,1.32953,1.12,1.12
2015.11.26 23:16:55.824,1.32932,1.3295,1.12,1.00
2015.11.26 23:16:55.927,1.32929,1.3295,1.12,1.00
2015.11.26 23:16:56.054,1.32929,1.32954,1.12,1.00
2015.11.26 23:16:56.258,1.32932,1.32951,1.12,1.00
2015.11.26 23:16:56.461,1.32929,1.32951,1.50,1.00
2015.11.26 23:17:00.839,1.32929,1.3295,1.12,1.00
2015.11.26 23:17:00.890,1.32929,1.32947,1.12,1.00
2015.11.26 23:17:00.992,1.32929,1.32951,1.12,1.00
2015.11.26 23:17:01.195,1.32929,1.32948,1.12,1.00
2015.11.26 23:17:01.348,1.32929,1.3295,1.12,1.00
2015.11.26 23:17:01.517,1.32929,1.32948,1.12,1.00
2015.11.26 23:17:01.774,1.32929,1.32951,1.12,1.00
2015.11.26 23:17:01.876,1.32929,1.32948,1.12,1.00
2015.11.26 23:17:02.284,1.32929,1.3295,1.12,1.00
2015.11.26 23:17:03.752,1.32929,1.32947,1.12,1.00
2015.11.26 23:17:03.855,1.32929,1.32951,1.12,1.00
2015.11.26 23:17:04.060,1.32928,1.32948,1.12,1.00
2015.11.26 23:17:04.278,1.32929,1.32951,1.12,1.00
2015.11.26 23:17:05.101,1.32929,1.32947,1.12,1.00
2015.11.26 23:17:05.497,1.3293,1.3295,1.07,1.00
2015.11.26 23:17:06.057,1.32929,1.32948,1.12,1.00
2015.11.26 23:17:06.464,1.32928,1.32951,1.12,1.00
2015.11.26 23:17:07.048,1.32928,1.32948,1.12,1.00
2015.11.26 23:17:07.392,1.32928,1.32948,1.12,1.00
2015.11.26 23:17:08.526,1.32928,1.3295,1.12,1.00
2015.11.26 23:17:08.730,1.32928,1.32948,1.75,1.00
2015.11.26 23:17:10.811,1.32929,1.32951,1.12,1.00
2015.11.26 23:17:10.919,1.32929,1.32947,1.12,1.00
2015.11.26 23:17:11.059,1.32929,1.32951,1.12,1.00
2015.11.26 23:17:11.981,1.32929,1.32947,1.12,1.00
2015.11.26 23:17:12.489,1.32926,1.32947,1.20,1.00
2015.11.26 23:17:12.540,1.32926,1.32951,1.20,1.00
2015.11.26 23:17:12.591,1.32929,1.32951,1.12,1.00
2015.11.26 23:17:12.916,1.32929,1.32947,1.12,1.00
2015.11.26 23:17:13.019,1.32926,1.32947,1.20,1.00
2015.11.26 23:17:13.243,1.32928,1.32947,1.12,1.00
2015.11.26 23:17:15.712,1.32928,1.3295,1.12,1.00
2015.11.26 23:17:16.170,1.32928,1.32948,1.12,1.00
2015.11.26 23:17:16.991,1.3293,1.3295,1.07,1.00
2015.11.26 23:17:17.144,1.3293,1.32948,1.07,1.00
2015.11.26 23:17:22.707,1.32925,1.32948,1.95,1.00
2015.11.26 23:17:23.012,1.32929,1.32948,1.12,1.00
2015.11.26 23:17:27.723,1.32927,1.32948,1.50,1.00
2015.11.26 23:17:28.742,1.32927,1.3295,1.12,1.00
2015.11.26 23:17:29.242,1.32928,1.32947,1.20,1.00
2015.11.26 23:17:29.512,1.32928,1.3295,1.20,1.00
2015.11.26 23:17:29.927,1.32927,1.32948,1.50,1.00
2015.11.26 23:17:30.546,1.32928,1.32948,1.20,1.00
2015.11.26 23:17:31.058,1.3293,1.32948,1.07,1.00
2015.11.26 23:17:31.313,1.32929,1.3295,1.07,1.00
2015.11.26 23:17:31.466,1.32929,1.3295,1.10,1.00
2015.11.26 23:17:31.567,1.32929,1.32953,1.12,1.12
2015.11.26 23:17:31.669,1.3293,1.32955,1.82,1.12
2015.11.26 23:17:31.721,1.32929,1.32952,1.50,1.00
2015.11.26 23:17:32.127,1.3293,1.32952,1.10,1.00
2015.11.26 23:17:32.433,1.32929,1.3295,1.12,1.00
2015.11.26 23:17:34.094,1.32926,1.3295,1.95,1.00
2015.11.26 23:17:34.196,1.32928,1.3295,1.12,1.00
2015.11.26 23:17:35.075,1.32927,1.3295,1.12,1.00
2015.11.26 23:17:36.189,1.32931,1.3295,1.12,1.00
2015.11.26 23:17:37.427,1.32929,1.32948,1.12,1.00
2015.11.26 23:17:37.587,1.32928,1.32948,1.12,1.00
2015.11.26 23:17:38.895,1.32929,1.32948,1.12,1.00
2015.11.26 23:17:39.149,1.32926,1.32948,1.95,1.00
2015.11.26 23:17:39.467,1.3293,1.32948,1.12,1.00
2015.11.26 23:17:40.228,1.32926,1.32948,2.25,1.00
2015.11.26 23:17:40.796,1.3293,1.32948,1.12,1.00
2015.11.26 23:17:41.304,1.32929,1.32948,1.75,1.00
2015.11.26 23:17:41.458,1.32927,1.32948,1.12,1.00
2015.11.26 23:17:41.877,1.3293,1.32948,1.37,1.00
2015.11.26 23:17:41.979,1.32928,1.32948,1.12,1.00
2015.11.26 23:17:42.487,1.32928,1.32949,1.12,1.00
2015.11.26 23:17:42.538,1.32929,1.32949,1.12,1.00
2015.11.26 23:17:42.640,1.32929,1.32949,1.07,1.00
2015.11.26 23:17:43.096,1.32929,1.32949,1.12,1.00
2015.11.26 23:17:43.230,1.32928,1.32949,1.12,1.00
2015.11.26 23:17:43.976,1.3293,1.32949,1.12,1.00
2015.11.26 23:17:45.309,1.32927,1.32949,1.50,1.00
2015.11.26 23:17:46.060,1.32931,1.32949,1.12,1.00
2015.11.26 23:17:46.315,1.3293,1.32949,1.07,1.00
2015.11.26 23:17:46.857,1.32928,1.32949,1.20,1.00
2015.11.26 23:17:46.959,1.32931,1.32949,1.12,1.00
2015.11.26 23:17:47.162,1.32928,1.32949,1.12,1.00
2015.11.26 23:17:47.701,1.3293,1.32949,1.12,1.00
2015.11.26 23:17:47.955,1.32928,1.32949,1.12,1.00
2015.11.26 23:17:48.057,1.32928,1.32949,1.12,1.00
2015.11.26 23:17:48.295,1.32927,1.32949,1.12,1.00
2015.11.26 23:17:48.936,1.32928,1.32949,1.12,1.00
2015.11.26 23:17:49.391,1.32931,1.32949,1.07,1.00
2015.11.26 23:17:49.493,1.32931,1.32949,1.07,1.00
2015.11.26 23:17:50.225,1.3293,1.32956,1.12,2.25
2015.11.26 23:17:50.277,1.3293,1.32952,1.12,1.00
2015.11.26 23:17:50.582,1.32929,1.3295,1.12,1.00
2015.11.26 23:17:51.142,1.32929,1.3295,1.20,1.00
2015.11.26 23:17:51.490,1.3293,1.3295,1.12,1.00
2015.11.26 23:17:55.452,1.32931,1.32949,1.07,1.00
2015.11.26 23:17:58.945,1.32931,1.32949,1.37,1.00
2015.11.26 23:17:59.486,1.32929,1.32949,1.12,1.00
2015.11.26 23:17:59.841,1.32927,1.32949,1.20,1.00
2015.11.26 23:17:59.943,1.32929,1.32949,1.12,1.00
2015.11.26 23:18:00.503,1.32929,1.3295,1.12,1.00
2015.11.26 23:18:03.232,1.3293,1.3295,1.10,1.00
2015.11.26 23:18:04.000,1.3293,1.3295,1.07,1.00
2015.11.26 23:18:04.354,1.32932,1.3295,1.00,1.00
2015.11.26 23:18:04.482,1.32932,1.3295,1.07,1.00
2015.11.26 23:18:04.533,1.32932,1.3295,1.00,1.00
2015.11.26 23:18:04.736,1.32925,1.3295,2.25,1.00
2015.11.26 23:18:04.838,1.32927,1.3295,1.20,1.00
2015.11.26 23:18:05.345,1.32928,1.3295,1.12,1.00
2015.11.26 23:18:05.868,1.32928,1.32949,1.12,1.00
2015.11.26 23:18:06.224,1.3293,1.32949,1.12,1.00
2015.11.26 23:18:06.883,1.32927,1.32949,1.20,1.00
2015.11.26 23:18:07.427,1.32928,1.32949,1.12,1.00
2015.11.26 23:18:08.491,1.32931,1.32949,1.12,1.00
2015.11.26 23:18:08.744,1.32927,1.32949,1.50,1.00
2015.11.26 23:18:08.947,1.32931,1.32949,1.12,1.00
2015.11.26 23:18:10.535,1.32931,1.3295,1.12,1.00
2015.11.26 23:18:11.041,1.32931,1.3295,1.07,1.00
2015.11.26 23:18:11.143,1.32931,1.3295,1.07,1.00
2015.11.26 23:18:15.594,1.32933,1.32948,1.07,1.00
2015.11.26 23:18:15.969,1.32927,1.32948,1.50,1.00
2015.11.26 23:18:16.222,1.3293,1.32948,1.12,1.00
2015.11.26 23:18:20.624,1.3293,1.3295,1.12,1.00
2015.11.26 23:18:21.601,1.32928,1.3295,1.37,1.00
2015.11.26 23:18:22.035,1.32926,1.3295,1.12,1.00
2015.11.26 23:18:22.136,1.32929,1.3295,1.12,1.00
2015.11.26 23:18:22.434,1.32925,1.3295,2.25,1.00
2015.11.26 23:18:22.631,1.32929,1.3295,1.12,1.00
2015.11.26 23:18:23.578,1.32927,1.3295,1.20,1.00
2015.11.26 23:18:23.776,1.3293,1.3295,1.12,1.00
2015.11.26 23:18:24.293,1.32929,1.3295,1.12,1.00
2015.11.26 23:18:25.751,1.32928,1.32948,1.12,1.00
2015.11.26 23:18:30.522,1.32931,1.32948,1.37,1.00
2015.11.26 23:18:30.827,1.32927,1.32948,1.12,1.00
2015.11.26 23:18:35.039,1.3293,1.32948,1.37,1.00
2015.11.26 23:18:35.140,1.3293,1.32948,1.07,1.00
2015.11.26 23:18:35.242,1.32931,1.32948,1.12,1.00
2015.11.26 23:18:35.662,1.32928,1.32948,1.20,1.00
2015.11.26 23:18:36.021,1.32931,1.32948,1.12,1.00
2015.11.26 23:18:36.224,1.32928,1.32948,1.20,1.00
2015.11.26 23:18:36.377,1.32926,1.32948,1.20,1.00
2015.11.26 23:18:36.579,1.32928,1.32948,1.12,1.00
2015.11.26 23:18:37.976,1.32926,1.32948,1.20,1.00
2015.11.26 23:18:38.483,1.32926,1.32948,1.82,1.00
2015.11.26 23:18:38.863,1.3293,1.32948,1.12,1.00
2015.11.26 23:18:40.812,1.3293,1.32949,1.12,1.00
2015.11.26 23:18:41.623,1.32929,1.32949,1.12,1.00
2015.11.26 23:18:42.185,1.32927,1.32949,1.20,1.00
2015.11.26 23:18:42.286,1.32929,1.32949,1.10,1.00
2015.11.26 23:18:42.388,1.32929,1.32949,1.12,1.00
2015.11.26 23:18:42.720,1.32926,1.32949,1.20,1.00
2015.11.26 23:18:42.771,1.32929,1.32949,1.00,1.00
2015.11.26 23:18:42.822,1.32929,1.32949,1.37,1.00
2015.11.26 23:18:44.802,1.32926,1.32949,1.50,1.00
2015.11.26 23:18:45.004,1.3293,1.32949,1.12,1.00
2015.11.26 23:18:45.561,1.32925,1.32949,2.25,1.00
2015.11.26 23:18:46.016,1.32928,1.32948,1.12,1.00
2015.11.26 23:18:48.140,1.32926,1.32948,1.20,1.00
2015.11.26 23:18:48.773,1.32928,1.32948,1.12,1.00
2015.11.26 23:18:52.304,1.32929,1.32948,1.12,1.00
2015.11.26 23:18:52.539,1.32927,1.32948,1.12,1.00
2015.11.26 23:18:52.842,1.32927,1.32948,1.12,1.00
2015.11.26 23:18:54.162,1.32927,1.32948,1.12,1.00
2015.11.26 23:18:54.386,1.32927,1.32948,1.12,1.00
2015.11.26 23:18:54.795,1.32927,1.32948,1.12,1.00
2015.11.26 23:18:55.352,1.32928,1.32948,1.37,1.00
2015.11.26 23:18:55.921,1.32931,1.32949,1.07,1.00
2015.11.26 23:18:57.007,1.32928,1.32949,1.12,1.00
2015.11.26 23:18:57.109,1.32929,1.32949,1.12,1.00
2015.11.26 23:18:59.774,1.32929,1.32949,1.37,1.00
2015.11.26 23:18:59.876,1.32929,1.32949,1.07,1.00
2015.11.26 23:19:00.434,1.3293,1.32949,1.12,1.00
2015.11.26 23:19:00.880,1.32927,1.32949,1.12,1.00
2015.11.26 23:19:01.434,1.32928,1.32949,1.12,1.00
2015.11.26 23:19:02.298,1.32929,1.32949,1.37,1.00
2015.11.26 23:19:02.655,1.32929,1.32949,1.07,1.00
2015.11.26 23:19:03.378,1.3293,1.32951,1.87,1.12
2015.11.26 23:19:03.633,1.32932,1.32951,1.10,1.00
2015.11.26 23:19:03.768,1.32928,1.32949,2.25,1.00
2015.11.26 23:19:03.972,1.32931,1.32949,1.00,1.00
2015.11.26 23:19:04.298,1.32934,1.32949,1.00,1.00
2015.11.26 23:19:04.605,1.32929,1.32945,1.00,1.00
2015.11.26 23:19:04.861,1.32922,1.32942,2.25,1.00
2015.11.26 23:19:05.176,1.32927,1.32936,1.50,1.00
2015.11.26 23:19:11.169,1.32929,1.32936,1.47,1.00
2015.11.26 23:19:11.688,1.32928,1.32936,1.45,1.00
2015.11.26 23:19:12.227,1.32929,1.32936,1.47,1.00
2015.11.26 23:19:12.854,1.32925,1.32936,1.75,1.00
2015.11.26 23:19:13.057,1.32924,1.32936,1.75,1.00
2015.11.26 23:19:13.633,1.32923,1.32936,1.50,1.00
2015.11.26 23:19:15.724,1.32923,1.32936,1.75,1.00
2015.11.26 23:19:16.945,1.32924,1.32936,1.45,1.00
2015.11.26 23:19:18.550,1.32925,1.32936,1.47,1.00
2015.11.26 23:19:18.754,1.32923,1.32936,1.75,1.00
2015.11.26 23:19:19.256,1.32923,1.32936,1.75,1.00
2015.11.26 23:19:21.004,1.32923,1.32936,1.50,1.00
2015.11.26 23:19:21.556,1.32923,1.32936,1.75,1.00
2015.11.26 23:19:21.657,1.32923,1.32936,1.50,1.00
2015.11.26 23:19:22.930,1.32923,1.32937,1.50,1.50
2015.11.26 23:19:25.797,1.32923,1.32936,1.50,1.00
2015.11.26 23:19:26.590,1.32921,1.32936,1.75,1.00
2015.11.26 23:19:26.947,1.3292,1.32936,1.50,1.00
2015.11.26 23:19:29.335,1.32926,1.32936,1.50,1.00
2015.11.26 23:19:29.690,1.32923,1.32936,1.75,1.00
2015.11.26 23:19:30.645,1.32922,1.32937,1.75,1.00
2015.11.26 23:19:34.476,1.32927,1.32937,1.37,1.00
2015.11.26 23:19:40.915,1.32925,1.32937,1.50,1.00
2015.11.26 23:19:42.969,1.32924,1.32936,1.75,1.00
2015.11.26 23:19:46.641,1.32926,1.32936,1.50,1.00
2015.11.26 23:19:49.353,1.32924,1.32936,1.75,1.00
2015.11.26 23:19:53.108,1.32925,1.32936,1.75,1.00
2015.11.26 23:19:53.251,1.32925,1.32936,1.45,1.00
2015.11.26 23:19:59.923,1.32926,1.32936,1.47,1.00
2015.11.26 23:20:00.025,1.32926,1.32936,1.75,1.00
2015.11.26 23:20:00.632,1.32926,1.32936,1.45,1.00
2015.11.26 23:20:01.122,1.32922,1.32936,2.25,1.00
2015.11.26 23:20:07.085,1.32924,1.32936,1.47,1.00
2015.11.26 23:20:07.217,1.32924,1.32936,1.75,1.00
2015.11.26 23:20:07.331,1.32924,1.32936,1.50,1.00
2015.11.26 23:20:07.896,1.32923,1.32936,1.50,1.00
2015.11.26 23:20:08.332,1.32921,1.32936,1.50,1.00
2015.11.26 23:20:09.434,1.32921,1.32936,1.50,1.00
2015.11.26 23:20:13.594,1.32921,1.32936,1.12,1.00
2015.11.26 23:20:14.841,1.32921,1.32936,1.10,1.00
2015.11.26 23:20:14.892,1.32924,1.32936,1.37,1.00
2015.11.26 23:20:15.246,1.32922,1.32936,1.45,1.00
2015.11.26 23:20:20.866,1.32922,1.32936,1.45,1.00
2015.11.26 23:20:30.930,1.32925,1.32936,1.37,1.00
2015.11.26 23:20:31.312,1.32922,1.32936,1.47,1.00
2015.11.26 23:20:31.903,1.32922,1.32937,1.47,1.00
2015.11.26 23:20:32.795,1.32921,1.32937,1.95,1.00
2015.11.26 23:20:33.222,1.32923,1.32937,1.37,1.00
2015.11.26 23:20:33.771,1.32923,1.32937,1.45,1.00
2015.11.26 23:20:36.505,1.32921,1.32937,1.95,1.00
2015.11.26 23:20:41.118,1.32921,1.32939,1.47,1.00
2015.11.26 23:20:41.624,1.32921,1.32939,1.45,1.00
2015.11.26 23:20:42.147,1.32923,1.32939,1.47,1.00
2015.11.26 23:20:42.346,1.3292,1.32939,3.07,1.00
2015.11.26 23:20:42.733,1.32923,1.32939,1.37,1.00
2015.11.26 23:20:43.283,1.32922,1.32939,1.45,1.00
2015.11.26 23:20:50.763,1.32923,1.32939,1.47,1.00
2015.11.26 23:20:51.265,1.32923,1.32939,1.45,1.00
2015.11.26 23:21:04.764,1.32922,1.32939,1.57,1.00
2015.11.26 23:21:05.865,1.32923,1.32939,1.47,1.00
2015.11.26 23:21:06.373,1.32921,1.32939,1.95,1.00
2015.11.26 23:21:18.502,1.32923,1.32939,1.47,1.00
2015.11.26 23:21:19.104,1.32923,1.32939,1.45,1.00
2015.11.26 23:21:19.932,1.32921,1.32939,1.20,1.00
2015.11.26 23:21:21.665,1.32923,1.32941,1.00,1.50
2015.11.26 23:21:23.653,1.32922,1.32938,1.10,1.00
2015.11.26 23:21:26.649,1.32924,1.3294,1.00,1.00
2015.11.26 23:21:27.782,1.32921,1.32939,1.20,1.00
2015.11.26 23:21:37.941,1.32923,1.32938,1.00,1.00
2015.11.26 23:21:38.654,1.32923,1.32938,1.20,1.00
2015.11.26 23:21:38.858,1.32923,1.32938,1.00,1.00
2015.11.26 23:21:43.212,1.32921,1.32938,1.20,1.00
2015.11.26 23:21:57.683,1.32921,1.32938,2.25,1.00
2015.11.26 23:21:58.692,1.32921,1.32938,1.10,1.00
2015.11.26 23:22:16.499,1.32921,1.32938,1.95,1.00
2015.11.26 23:22:16.600,1.32921,1.32938,2.25,1.00
2015.11.26 23:22:56.652,1.32921,1.32936,2.25,1.00
2015.11.26 23:23:03.302,1.32921,1.32938,1.37,1.00
2015.11.26 23:23:04.694,1.32921,1.32935,1.37,1.00
2015.11.26 23:23:05.300,1.32921,1.32935,1.37,1.00
2015.11.26 23:23:13.815,1.3292,1.32934,1.12,1.00
2015.11.26 23:23:17.162,1.32919,1.32934,1.12,1.00
2015.11.26 23:23:18.349,1.32919,1.32934,1.87,1.00
2015.11.26 23:23:18.451,1.32919,1.32934,1.87,1.00
2015.11.26 23:23:19.257,1.32919,1.32934,1.87,1.00
2015.11.26 23:23:19.377,1.32921,1.32934,1.37,1.00
2015.11.26 23:23:19.790,1.32919,1.32934,1.87,1.00
2015.11.26 23:23:22.094,1.32919,1.32934,1.75,1.00
2015.11.26 23:23:22.793,1.32919,1.32934,1.50,1.00
2015.11.26 23:23:25.407,1.32919,1.32934,1.75,1.00
2015.11.26 23:23:28.460,1.32919,1.32934,1.50,1.00
2015.11.26 23:23:30.606,1.32918,1.32935,2.62,1.00
2015.11.26 23:23:31.766,1.32919,1.32935,1.12,1.00
2015.11.26 23:23:41.561,1.3292,1.32934,1.12,1.00
2015.11.26 23:23:42.100,1.32919,1.32934,1.87,1.00
2015.11.26 23:23:44.639,1.32919,1.32934,1.87,1.00
2015.11.26 23:23:57.769,1.32919,1.32934,1.87,1.00
2015.11.26 23:23:58.313,1.32919,1.32934,1.87,1.00
2015.11.26 23:24:00.244,1.3292,1.32935,1.12,1.00
2015.11.26 23:24:00.767,1.3292,1.32936,1.75,1.00
2015.11.26 23:24:06.440,1.3292,1.32935,1.75,1.00
2015.11.26 23:24:10.048,1.3292,1.32935,1.75,1.00
2015.11.26 23:24:10.204,1.3292,1.32935,1.75,1.00
2015.11.26 23:24:10.712,1.3292,1.32935,1.87,1.00
2015.11.26 23:24:13.094,1.3292,1.32936,1.87,1.00
2015.11.26 23:24:14.261,1.32921,1.32936,1.12,1.00
2015.11.26 23:24:15.275,1.32921,1.32937,1.12,1.00
2015.11.26 23:24:18.039,1.32924,1.32938,1.10,1.00
2015.11.26 23:24:23.395,1.32923,1.3294,1.20,1.00
2015.11.26 23:24:25.252,1.32923,1.3294,1.20,1.00
2015.11.26 23:24:25.855,1.32923,1.3294,1.47,1.12
2015.11.26 23:24:29.300,1.32922,1.32937,1.45,1.00
2015.11.26 23:24:35.602,1.32924,1.32939,1.12,1.00
2015.11.26 23:24:35.703,1.3293,1.32939,1.00,1.00
2015.11.26 23:24:39.039,1.32924,1.32939,1.12,1.00
2015.11.26 23:24:41.183,1.32923,1.32938,1.20,1.00
2015.11.26 23:24:41.702,1.32923,1.32938,1.20,1.00
2015.11.26 23:24:50.990,1.32923,1.32938,1.20,1.00
2015.11.26 23:24:52.986,1.32923,1.32938,1.20,1.00
2015.11.26 23:24:53.515,1.32923,1.32938,1.20,1.00
2015.11.26 23:24:54.177,1.32923,1.32938,1.20,1.00
2015.11.26 23:24:54.748,1.32923,1.32938,1.47,1.00
2015.11.26 23:24:55.771,1.32923,1.32938,1.20,1.00
2015.11.26 23:24:56.682,1.32923,1.32938,1.20,1.00
2015.11.26 23:25:00.996,1.32923,1.32938,1.12,1.00
2015.11.26 23:25:08.098,1.32923,1.32938,2.25,1.00
2015.11.26 23:25:11.329,1.32924,1.32937,1.10,1.00
2015.11.26 23:25:18.002,1.32924,1.32937,1.50,1.00
2015.11.26 23:25:18.954,1.32924,1.3294,1.50,1.12
2015.11.26 23:25:19.556,1.32924,1.3294,1.00,1.12
2015.11.26 23:25:24.825,1.32923,1.3294,1.57,1.00
2015.11.26 23:25:25.347,1.32923,1.32939,1.10,1.00
2015.11.26 23:25:31.919,1.32921,1.32937,2.70,1.00
2015.11.26 23:26:00.129,1.32924,1.32937,1.00,1.00
2015.11.26 23:26:00.333,1.32926,1.32941,1.00,1.12
2015.11.26 23:26:00.860,1.32928,1.32943,1.00,1.00
2015.11.26 23:26:01.054,1.32929,1.32945,1.00,1.00
2015.11.26 23:26:04.565,1.32927,1.32946,1.47,1.00
2015.11.26 23:26:12.578,1.32926,1.32946,1.57,1.00
2015.11.26 23:26:14.083,1.32926,1.32946,1.57,1.00
2015.11.26 23:26:18.923,1.32926,1.32946,1.12,1.00
2015.11.26 23:26:19.988,1.32926,1.32946,1.07,1.00
2015.11.26 23:26:23.970,1.32926,1.32947,1.07,1.00
2015.11.26 23:26:24.855,1.32925,1.32947,1.95,1.00
2015.11.26 23:26:27.335,1.32926,1.32949,1.57,1.20
2015.11.26 23:26:27.437,1.32926,1.32949,1.95,1.10
2015.11.26 23:26:28.171,1.32926,1.32949,1.95,1.07
2015.11.26 23:26:28.702,1.32926,1.32949,1.95,1.10
2015.11.26 23:26:28.804,1.32926,1.32949,1.95,1.57
2015.11.26 23:26:32.519,1.32926,1.32949,1.95,1.10
2015.11.26 23:26:33.028,1.32926,1.32948,1.95,1.00
2015.11.26 23:26:37.405,1.32926,1.32948,1.95,1.10
2015.11.26 23:26:39.347,1.32926,1.32948,1.95,1.07
2015.11.26 23:26:41.338,1.32927,1.32948,1.10,1.00
2015.11.26 23:26:45.105,1.32927,1.32948,1.47,1.00
2015.11.26 23:26:48.704,1.32929,1.3295,1.00,1.07
2015.11.26 23:26:49.214,1.32929,1.3295,1.10,1.00
2015.11.26 23:26:49.367,1.32929,1.32952,1.00,2.25
2015.11.26 23:26:49.519,1.32928,1.32952,2.32,1.12
2015.11.26 23:26:50.038,1.32933,1.32952,1.50,1.00
2015.11.26 23:26:50.894,1.32932,1.32952,1.00,1.00
2015.11.26 23:26:51.473,1.32933,1.32952,1.50,1.00
2015.11.26 23:26:52.089,1.32932,1.32952,2.25,1.00
2015.11.26 23:26:53.332,1.32932,1.32952,2.25,1.00
2015.11.26 23:26:53.867,1.32931,1.32952,2.32,1.00
2015.11.26 23:26:54.437,1.32931,1.32953,2.32,1.00
2015.11.26 23:27:00.028,1.32933,1.32954,2.25,1.00
2015.11.26 23:27:01.570,1.32931,1.32953,3.07,1.00
2015.11.26 23:27:02.187,1.32932,1.32954,2.32,1.00
2015.11.26 23:27:07.338,1.32932,1.32952,3.07,1.00
2015.11.26 23:27:07.775,1.32933,1.32956,1.50,1.00
2015.11.26 23:27:07.877,1.32934,1.32956,1.12,1.00
2015.11.26 23:27:08.788,1.32937,1.32956,1.00,1.00
2015.11.26 23:27:10.100,1.32932,1.32953,1.20,1.00
2015.11.26 23:27:10.202,1.32935,1.32953,1.10,1.00
2015.11.26 23:27:10.970,1.32933,1.32954,1.20,1.00
2015.11.26 23:27:11.527,1.32933,1.32952,1.20,1.00
2015.11.26 23:27:11.629,1.3293,1.32952,1.50,1.00
2015.11.26 23:27:20.278,1.32931,1.32955,1.95,1.00
2015.11.26 23:27:20.430,1.32936,1.32952,1.00,1.00
2015.11.26 23:27:20.969,1.3293,1.32952,1.12,1.00
2015.11.26 23:27:25.625,1.3293,1.32954,1.12,1.00
2015.11.26 23:27:25.982,1.32932,1.32954,1.20,1.00
2015.11.26 23:27:26.151,1.3293,1.32954,1.50,1.00
2015.11.26 23:27:32.617,1.32931,1.32954,1.20,1.00
2015.11.26 23:27:34.038,1.32931,1.32955,1.20,1.00
2015.11.26 23:27:50.521,1.32931,1.32955,1.20,1.07
2015.11.26 23:27:51.328,1.32931,1.32951,1.20,1.00
2015.11.26 23:27:51.430,1.32933,1.32951,1.00,1.00
2015.11.26 23:27:54.638,1.32928,1.32951,1.82,1.00
2015.11.26 23:27:55.158,1.32928,1.32951,1.82,1.00
2015.11.26 23:28:07.581,1.32927,1.32949,1.20,1.00
2015.11.26 23:28:07.683,1.32927,1.32949,1.07,1.00
2015.11.26 23:28:08.192,1.32925,1.32949,1.57,1.57
2015.11.26 23:28:12.635,1.32925,1.32949,1.45,1.57
2015.11.26 23:28:18.421,1.32924,1.32947,1.45,1.07
2015.11.26 23:28:18.651,1.32924,1.32947,1.45,1.00
2015.11.26 23:28:30.848,1.32924,1.32947,1.45,1.10
2015.11.26 23:28:35.122,1.32923,1.32947,1.20,1.12
2015.11.26 23:28:52.608,1.32923,1.32948,1.95,1.50
2015.11.26 23:28:52.732,1.32925,1.32948,1.20,1.00
2015.11.26 23:28:52.833,1.32927,1.32948,1.20,1.00
2015.11.26 23:28:53.342,1.32927,1.32948,1.20,1.00
2015.11.26 23:28:54.253,1.32927,1.32951,1.20,1.57
2015.11.26 23:28:54.406,1.32927,1.32951,1.50,1.50
2015.11.26 23:28:54.994,1.32928,1.32951,1.20,1.00
2015.11.26 23:28:59.985,1.32928,1.32952,1.20,1.20
2015.11.26 23:29:01.115,1.32928,1.32955,1.82,1.20
2015.11.26 23:29:01.217,1.32929,1.32955,1.20,1.10
2015.11.26 23:29:01.762,1.3293,1.32955,1.12,1.10
2015.11.26 23:29:04.506,1.32929,1.32955,1.20,1.07
2015.11.26 23:29:08.577,1.3293,1.32956,1.12,1.07
2015.11.26 23:29:11.468,1.32929,1.32956,1.20,1.07
2015.11.26 23:29:13.304,1.32929,1.32956,1.50,1.10
2015.11.26 23:29:13.954,1.32929,1.32956,1.20,1.07
2015.11.26 23:29:17.381,1.32931,1.32956,1.12,1.10
2015.11.26 23:29:18.427,1.32929,1.32956,1.20,1.07
2015.11.26 23:29:19.394,1.3293,1.32956,1.12,1.00
2015.11.26 23:29:20.334,1.32929,1.32956,1.20,1.07
2015.11.26 23:29:21.455,1.3293,1.32956,1.12,1.50
2015.11.26 23:29:22.455,1.32929,1.32956,1.50,1.57
2015.11.26 23:29:23.458,1.32929,1.32956,1.50,1.57
2015.11.26 23:29:24.846,1.32929,1.32956,1.20,1.07
2015.11.26 23:29:25.434,1.3293,1.32956,1.12,1.00
2015.11.26 23:29:25.839,1.32929,1.32956,1.50,1.07
2015.11.26 23:29:26.093,1.32929,1.32956,1.50,1.10
2015.11.26 23:29:26.715,1.32929,1.32956,1.20,1.07
2015.11.26 23:29:27.853,1.3293,1.32956,1.12,1.07
2015.11.26 23:29:29.396,1.32929,1.32956,1.50,1.07
2015.11.26 23:29:29.715,1.3293,1.32956,1.12,1.00
2015.11.26 23:29:29.873,1.32929,1.32956,1.50,1.07
2015.11.26 23:29:30.684,1.32929,1.32956,1.20,1.07
2015.11.26 23:29:31.365,1.3293,1.32956,1.12,1.00
2015.11.26 23:29:36.930,1.3293,1.32954,1.12,1.00
2015.11.26 23:29:37.439,1.3293,1.32954,1.20,1.07
2015.11.26 23:29:37.966,1.3293,1.32954,1.50,1.00
2015.11.26 23:29:44.670,1.32932,1.32954,1.10,1.10
2015.11.26 23:29:50.274,1.32932,1.32954,1.07,1.07
2015.11.26 23:30:00.169,1.32928,1.32953,1.12,1.57
2015.11.26 23:30:00.730,1.32928,1.32953,1.12,1.10
2015.11.26 23:30:01.294,1.32928,1.32952,1.12,1.00
2015.11.26 23:30:01.805,1.32929,1.32952,1.20,1.37
2015.11.26 23:30:02.264,1.32927,1.32952,1.20,1.10
2015.11.26 23:30:10.210,1.32927,1.32952,1.50,1.00
2015.11.26 23:30:10.565,1.32929,1.32955,1.12,1.50
2015.11.26 23:30:10.870,1.3293,1.32955,1.12,1.50
2015.11.26 23:30:11.205,1.32929,1.32955,1.12,1.57
2015.11.26 23:30:14.385,1.3293,1.32955,1.12,1.57
2015.11.26 23:30:16.318,1.3293,1.32953,1.12,1.00
2015.11.26 23:30:16.623,1.32929,1.32953,1.12,1.12
2015.11.26 23:30:17.225,1.32929,1.32953,1.12,1.20
2015.11.26 23:30:36.353,1.32928,1.32951,1.75,1.00
2015.11.26 23:30:38.198,1.32928,1.32951,1.75,1.00
2015.11.26 23:30:45.341,1.32931,1.32951,1.07,1.00
2015.11.26 23:30:45.849,1.32931,1.32951,1.07,1.00
2015.11.26 23:30:48.468,1.32928,1.32951,1.12,1.37
2015.11.26 23:30:55.020,1.32927,1.32951,1.12,1.57
2015.11.26 23:30:58.284,1.32928,1.32951,1.12,1.50
2015.11.26 23:31:01.149,1.32927,1.32951,1.12,1.50
2015.11.26 23:31:05.573,1.32928,1.32951,1.12,1.50
2015.11.26 23:31:07.533,1.32927,1.32951,1.12,1.50
2015.11.26 23:31:32.572,1.32928,1.32951,1.07,1.50
2015.11.26 23:31:33.970,1.32928,1.32951,1.37,1.50
2015.11.26 23:31:38.796,1.32928,1.32951,1.12,1.10
2015.11.26 23:31:57.268,1.32927,1.32952,1.12,1.50
2015.11.26 23:31:57.797,1.3293,1.32952,1.12,1.12
2015.11.26 23:31:59.720,1.3293,1.32955,1.12,1.12
2015.11.26 23:31:59.823,1.32932,1.32955,1.12,1.12
2015.11.26 23:32:01.203,1.32933,1.32955,1.07,1.00
2015.11.26 23:32:01.509,1.3293,1.32955,1.12,1.57
2015.11.26 23:32:05.935,1.3293,1.32952,1.12,1.00
2015.11.26 23:32:15.664,1.32928,1.32952,1.12,1.12
2015.11.26 23:32:18.942,1.32929,1.32952,1.12,1.12
2015.11.26 23:32:24.600,1.32929,1.32951,1.12,1.00
2015.11.26 23:32:44.593,1.32928,1.32951,1.12,1.00
2015.11.26 23:32:44.898,1.32928,1.32953,1.87,1.00
2015.11.26 23:32:45.000,1.3293,1.32953,1.12,1.00
2015.11.26 23:32:45.680,1.3293,1.32954,1.12,1.00
2015.11.26 23:32:49.841,1.32929,1.32954,1.50,1.00
2015.11.26 23:32:50.348,1.32932,1.32953,1.07,1.00
2015.11.26 23:32:53.484,1.32932,1.32953,1.10,1.00
2015.11.26 23:33:00.305,1.32936,1.32953,1.00,1.00
2015.11.26 23:33:00.834,1.32935,1.32954,1.12,1.10
2015.11.26 23:33:01.367,1.32935,1.32953,1.12,1.00
2015.11.26 23:33:01.672,1.32938,1.32951,1.00,1.12
2015.11.26 23:33:01.996,1.32935,1.32948,1.00,1.75
2015.11.26 23:33:02.047,1.32927,1.32945,2.25,1.87
2015.11.26 23:33:02.098,1.32927,1.32945,2.25,2.25
2015.11.26 23:33:02.606,1.32927,1.32944,1.45,1.50
2015.11.26 23:33:02.809,1.32927,1.32941,1.45,1.00
2015.11.26 23:33:03.313,1.32925,1.32941,1.45,1.50
2015.11.26 23:33:07.201,1.32926,1.3294,1.07,1.00
2015.11.26 23:33:07.811,1.32926,1.32941,1.07,1.50
2015.11.26 23:33:09.063,1.32926,1.32939,1.07,1.00
2015.11.26 23:33:15.379,1.32926,1.32941,1.07,1.50
2015.11.26 23:33:16.504,1.32926,1.3294,1.57,1.00
2015.11.26 23:33:17.092,1.32926,1.32941,1.57,1.00
2015.11.26 23:33:17.607,1.32926,1.3294,1.10,1.00
2015.11.26 23:33:19.071,1.32926,1.32941,1.10,1.00
2015.11.26 23:33:21.595,1.32926,1.3294,1.10,1.00
2015.11.26 23:33:23.181,1.32926,1.32941,1.10,1.12
2015.11.26 23:33:24.677,1.32926,1.32941,1.57,1.87
2015.11.26 23:33:25.601,1.32926,1.32941,1.10,1.12
2015.11.26 23:33:33.201,1.32925,1.3294,1.57,1.00
2015.11.26 23:33:33.850,1.32925,1.32941,1.57,1.12
2015.11.26 23:33:35.177,1.32925,1.3294,1.57,1.00
2015.11.26 23:33:35.716,1.32925,1.32941,1.57,1.12
2015.11.26 23:33:37.143,1.32925,1.3294,1.57,1.00
2015.11.26 23:33:37.646,1.32925,1.32941,1.57,1.12
2015.11.26 23:33:41.200,1.32925,1.3294,1.57,1.00
2015.11.26 23:33:41.705,1.32925,1.32941,1.57,1.12
2015.11.26 23:33:44.609,1.32925,1.32939,1.57,1.00
2015.11.26 23:33:45.159,1.32925,1.3294,1.57,1.00
2015.11.26 23:33:53.513,1.32925,1.32941,1.07,1.87
2015.11.26 23:34:03.557,1.32923,1.32939,2.25,1.00
2015.11.26 23:34:04.073,1.32923,1.32939,1.95,1.00
2015.11.26 23:34:04.715,1.32923,1.32939,1.95,1.00
2015.11.26 23:34:05.178,1.32923,1.32941,1.95,1.12
2015.11.26 23:34:05.721,1.32923,1.3294,1.45,1.00
2015.11.26 23:34:06.483,1.32923,1.32938,1.45,1.00
2015.11.26 23:34:07.186,1.32923,1.32939,1.45,1.00
2015.11.26 23:34:11.321,1.32923,1.32938,1.95,1.00
2015.11.26 23:34:11.825,1.32923,1.32939,1.95,1.00
2015.11.26 23:34:15.214,1.32923,1.32938,1.95,1.00
2015.11.26 23:34:15.844,1.32923,1.32939,1.95,1.00
2015.11.26 23:34:17.119,1.32924,1.32938,1.12,1.00
2015.11.26 23:34:17.825,1.32924,1.32939,1.12,1.50
2015.11.26 23:34:22.720,1.32925,1.32939,1.12,1.00
2015.11.26 23:34:33.343,1.32924,1.3294,1.12,1.00
2015.11.26 23:34:33.394,1.32923,1.3294,1.75,1.00
2015.11.26 23:34:33.800,1.32925,1.32942,1.45,1.00
2015.11.26 23:34:34.088,1.3293,1.32942,1.00,1.00
2015.11.26 23:34:34.192,1.32925,1.32942,1.45,1.00
2015.11.26 23:34:37.366,1.32926,1.32943,1.47,1.00
2015.11.26 23:34:37.940,1.32927,1.32944,1.37,1.10
2015.11.26 23:34:38.435,1.32928,1.32945,1.07,1.00
2015.11.26 23:34:39.075,1.32928,1.32945,1.07,1.00
2015.11.26 23:34:50.831,1.32928,1.32944,1.07,1.00
2015.11.26 23:34:51.085,1.32927,1.32944,1.87,1.10
2015.11.26 23:34:51.366,1.32927,1.32944,1.50,1.10
2015.11.26 23:34:51.670,1.32927,1.32942,1.37,1.00
2015.11.26 23:34:55.391,1.32926,1.32944,1.57,1.20
2015.11.26 23:35:09.822,1.32927,1.32944,1.45,1.12
2015.11.26 23:35:12.453,1.3293,1.32944,1.00,1.12
2015.11.26 23:35:30.548,1.3293,1.32942,1.12,1.00
2015.11.26 23:35:31.052,1.32931,1.32942,1.00,1.00
2015.11.26 23:35:32.880,1.3293,1.32942,1.12,1.00
2015.11.26 23:35:34.555,1.32931,1.32942,1.00,1.00
2015.11.26 23:35:35.087,1.3293,1.32942,1.12,1.00
2015.11.26 23:36:01.613,1.3293,1.32943,1.00,1.00
2015.11.26 23:36:02.470,1.32931,1.32943,1.00,1.00
2015.11.26 23:36:02.909,1.32929,1.32943,1.12,1.00
2015.11.26 23:36:03.494,1.3293,1.32943,1.00,1.00
2015.11.26 23:36:12.399,1.32931,1.32943,1.00,1.50
2015.11.26 23:36:14.829,1.32931,1.32941,1.00,1.00
2015.11.26 23:36:15.385,1.3293,1.32941,1.12,1.00
2015.11.26 23:36:16.586,1.32931,1.32941,1.00,1.00
2015.11.26 23:36:19.015,1.32929,1.32941,1.37,1.00
2015.11.26 23:36:25.631,1.3293,1.32942,1.12,1.00
2015.11.26 23:36:26.219,1.32929,1.32942,1.12,1.00
2015.11.26 23:36:27.459,1.3293,1.32942,1.00,1.00
2015.11.26 23:36:30.871,1.32929,1.32942,1.12,1.00
2015.11.26 23:36:32.627,1.32931,1.32942,1.00,1.50
2015.11.26 23:36:45.592,1.3293,1.32942,1.00,1.00
2015.11.26 23:36:53.435,1.3293,1.32941,1.00,1.00
2015.11.26 23:36:53.958,1.3293,1.32942,1.00,1.50
2015.11.26 23:37:04.867,1.32931,1.32942,1.00,1.50
2015.11.26 23:37:13.575,1.3293,1.32942,1.00,1.50
2015.11.26 23:37:14.891,1.3293,1.32941,1.00,1.00
2015.11.26 23:37:19.593,1.32929,1.32941,1.12,1.00
2015.11.26 23:37:20.627,1.32929,1.3294,1.12,1.00
2015.11.26 23:37:21.326,1.32929,1.32939,1.12,1.00
2015.11.26 23:37:21.479,1.32927,1.32939,1.00,1.00
2015.11.26 23:37:21.581,1.32922,1.32936,1.12,1.12
2015.11.26 23:37:21.904,1.32921,1.32934,1.37,1.00
2015.11.26 23:37:22.489,1.32921,1.32934,1.45,1.00
2015.11.26 23:37:23.037,1.32921,1.32934,1.45,1.00
2015.11.26 23:37:24.383,1.32921,1.32934,1.45,1.00
2015.11.26 23:37:25.901,1.32921,1.32934,1.45,1.00
2015.11.26 23:37:26.340,1.32922,1.32936,1.45,1.87
2015.11.26 23:37:26.571,1.32922,1.32936,2.62,1.50
2015.11.26 23:37:28.634,1.32929,1.32938,1.12,1.87
2015.11.26 23:37:36.887,1.32929,1.32939,1.12,1.00
2015.11.26 23:37:44.177,1.32929,1.32938,1.12,1.00
2015.11.26 23:37:44.679,1.32929,1.32939,1.12,1.50
2015.11.26 23:37:52.501,1.32929,1.32939,1.12,1.50
2015.11.26 23:38:03.722,1.32927,1.32939,1.37,1.12
2015.11.26 23:38:09.757,1.32928,1.32939,1.12,1.12
2015.11.26 23:38:10.747,1.32928,1.32939,1.37,1.12
2015.11.26 23:38:12.598,1.3293,1.3294,1.00,1.87
2015.11.26 23:38:35.634,1.32932,1.3294,1.00,1.87
2015.11.26 23:39:00.387,1.32934,1.3294,1.00,1.57
2015.11.26 23:39:12.586,1.32934,1.3294,1.00,1.00
2015.11.26 23:39:26.662,1.32933,1.3294,1.00,1.00
2015.11.26 23:39:27.313,1.32931,1.3294,1.00,1.00
2015.11.26 23:39:30.207,1.32931,1.32939,1.00,1.00
2015.11.26 23:40:01.130,1.32931,1.3294,1.00,1.50
2015.11.26 23:40:10.186,1.3293,1.3294,1.00,1.50
2015.11.26 23:40:21.297,1.32929,1.3294,1.00,1.00
2015.11.26 23:40:25.594,1.32931,1.3294,1.00,1.00
2015.11.26 23:40:26.686,1.32929,1.3294,1.00,1.00
2015.11.26 23:40:43.486,1.32929,1.32939,1.00,1.00
2015.11.26 23:40:44.015,1.32929,1.3294,1.00,1.00
2015.11.26 23:40:45.538,1.32929,1.32938,1.00,1.00
2015.11.26 23:40:47.594,1.32929,1.32939,1.00,1.00
2015.11.26 23:40:52.470,1.3293,1.32939,1.00,1.00
2015.11.26 23:41:01.474,1.3293,1.32939,1.37,1.00
2015.11.26 23:41:01.999,1.3293,1.3294,1.00,1.00
2015.11.26 23:41:06.428,1.32929,1.3294,1.00,1.00
2015.11.26 23:41:13.638,1.32928,1.3294,1.00,1.00
2015.11.26 23:41:20.928,1.32929,1.3294,1.00,1.00
2015.11.26 23:41:40.374,1.3293,1.3294,1.00,1.00
2015.11.26 23:42:17.875,1.3293,1.32941,1.00,1.50
2015.11.26 23:42:23.684,1.32928,1.32941,1.50,1.50
2015.11.26 23:42:24.900,1.32928,1.3294,1.00,1.00
2015.11.26 23:42:25.460,1.32928,1.32941,1.50,1.00
2015.11.26 23:42:27.200,1.32928,1.32939,1.50,1.00
2015.11.26 23:42:29.854,1.32929,1.3294,1.00,1.00
2015.11.26 23:42:30.227,1.32929,1.32942,1.00,1.95
2015.11.26 23:42:31.199,1.32928,1.32941,1.50,1.00
2015.11.26 23:42:32.221,1.32929,1.32942,1.00,1.95
2015.11.26 23:42:32.984,1.32929,1.32942,1.00,2.32
2015.11.26 23:42:33.644,1.32928,1.32941,1.50,1.12
2015.11.26 23:42:47.065,1.32927,1.32941,1.87,3.82
2015.11.26 23:42:47.566,1.32928,1.32939,1.00,1.50
2015.11.26 23:43:09.198,1.32926,1.3294,1.87,1.85
2015.11.26 23:43:09.735,1.32928,1.32939,1.00,1.50
2015.11.26 23:43:11.170,1.32927,1.32941,1.87,3.45
2015.11.26 23:43:12.456,1.32927,1.32941,1.50,3.07
2015.11.26 23:43:32.509,1.32927,1.32939,1.12,1.00
2015.11.26 23:43:48.673,1.32927,1.32938,1.12,1.00
2015.11.26 23:43:52.684,1.32931,1.32938,1.00,1.00
2015.11.26 23:43:52.786,1.32931,1.3294,1.00,1.00
2015.11.26 23:43:52.888,1.32934,1.32944,1.00,2.62
2015.11.26 23:43:52.940,1.32934,1.32944,1.00,1.75
2015.11.26 23:43:53.043,1.32935,1.32944,1.00,1.12
2015.11.26 23:43:53.674,1.32934,1.32945,1.12,1.00
2015.11.26 23:43:54.201,1.32935,1.32945,1.00,1.00
2015.11.26 23:43:56.540,1.32935,1.32946,1.00,1.12
2015.11.26 23:43:57.062,1.32936,1.32946,1.00,1.12
2015.11.26 23:43:58.751,1.32934,1.32946,1.87,1.12
2015.11.26 23:44:00.305,1.32932,1.32945,1.87,1.00
2015.11.26 23:44:01.112,1.3293,1.32944,1.75,1.00
2015.11.26 23:44:01.626,1.3293,1.32944,1.75,1.50
2015.11.26 23:44:03.173,1.32929,1.32942,3.00,1.00
2015.11.26 23:44:05.835,1.32929,1.32941,1.75,1.00
2015.11.26 23:44:06.569,1.3293,1.32943,1.75,1.12
2015.11.26 23:44:11.687,1.32931,1.32942,1.12,1.00
2015.11.26 23:44:35.857,1.32933,1.32943,1.00,1.00
2015.11.26 23:44:39.252,1.32933,1.32943,1.00,1.07
2015.11.26 23:44:40.035,1.32933,1.32943,1.00,1.00
2015.11.26 23:44:44.775,1.3293,1.32943,1.50,1.50
2015.11.26 23:44:45.285,1.3293,1.32941,2.25,1.00
2015.11.26 23:44:45.835,1.32932,1.32942,1.12,1.12
2015.11.26 23:45:09.802,1.3293,1.32942,1.87,1.00
2015.11.26 23:45:12.533,1.32931,1.32942,1.00,1.57
2015.11.26 23:45:30.767,1.3293,1.32942,1.50,1.37
2015.11.26 23:45:40.856,1.3293,1.32942,1.50,1.57
2015.11.26 23:45:55.792,1.3293,1.32942,1.37,1.75
2015.11.26 23:46:01.996,1.32929,1.32941,1.50,1.50
2015.11.26 23:46:03.714,1.32927,1.32938,1.12,1.12
2015.11.26 23:46:03.816,1.32925,1.32938,2.25,1.75
2015.11.26 23:46:04.349,1.32925,1.32936,1.00,1.75
2015.11.26 23:46:04.867,1.32924,1.32936,1.12,1.75
2015.11.26 23:46:05.407,1.32923,1.32932,1.00,1.00
2015.11.26 23:46:05.736,1.32916,1.32926,1.12,1.00
2015.11.26 23:46:06.092,1.32918,1.32926,1.00,1.00
2015.11.26 23:46:06.597,1.3292,1.32926,1.00,1.00
2015.11.26 23:46:08.613,1.32919,1.32926,1.00,1.00
2015.11.26 23:46:10.428,1.32919,1.32927,1.00,1.00
2015.11.26 23:46:18.271,1.32919,1.32927,1.00,1.75
2015.11.26 23:46:18.789,1.32919,1.32927,1.00,1.37
2015.11.26 23:46:23.701,1.3292,1.32927,1.00,1.37
2015.11.26 23:46:40.251,1.32916,1.32927,1.10,1.37
2015.11.26 23:46:41.449,1.32916,1.32927,1.35,1.37
2015.11.26 23:46:41.776,1.32919,1.32931,1.20,1.50
2015.11.26 23:46:41.879,1.3292,1.32932,1.50,1.75
2015.11.26 23:46:42.249,1.32919,1.3293,1.87,1.12
2015.11.26 23:46:42.555,1.32918,1.3293,1.50,1.50
2015.11.26 23:46:44.911,1.32921,1.32931,1.50,1.00
2015.11.26 23:46:44.962,1.3292,1.32933,1.87,1.12
2015.11.26 23:46:45.165,1.32925,1.32936,1.50,1.85
2015.11.26 23:46:47.135,1.32926,1.32937,1.00,1.75
2015.11.26 23:46:47.288,1.32926,1.32937,1.00,1.50
2015.11.26 23:46:48.651,1.32928,1.32937,1.00,1.50
2015.11.26 23:46:49.062,1.32931,1.32939,1.00,1.37
2015.11.26 23:46:49.113,1.32931,1.32939,1.00,1.12
2015.11.26 23:46:49.640,1.32929,1.32939,1.00,1.12
2015.11.26 23:47:00.211,1.32928,1.32939,1.00,1.12
2015.11.26 23:47:00.757,1.32927,1.32939,1.50,1.12
2015.11.26 23:47:12.506,1.32926,1.32939,1.87,1.37
2015.11.26 23:47:32.530,1.32926,1.32938,1.37,1.00
2015.11.26 23:47:39.729,1.32926,1.32938,1.87,1.00
2015.11.26 23:47:44.010,1.32926,1.32937,1.12,1.00
2015.11.26 23:47:44.315,1.32924,1.32937,1.37,1.75
2015.11.26 23:47:44.367,1.32924,1.32937,1.00,1.75
2015.11.26 23:47:44.962,1.32924,1.32935,1.00,1.75
2015.11.26 23:48:04.245,1.32925,1.32933,1.00,1.37
2015.11.26 23:48:05.445,1.32926,1.32933,1.00,1.37
2015.11.26 23:48:20.298,1.32926,1.32934,1.00,1.00
2015.11.26 23:48:28.517,1.32926,1.32937,1.00,1.12
2015.11.26 23:48:38.500,1.32926,1.32935,1.00,1.00
2015.11.26 23:48:44.588,1.32926,1.32936,1.00,1.00
2015.11.26 23:48:44.740,1.32928,1.3294,1.00,1.57
2015.11.26 23:48:44.843,1.32933,1.32943,1.00,1.87
2015.11.26 23:48:44.894,1.32933,1.32943,1.00,1.57
2015.11.26 23:48:44.945,1.32935,1.32943,1.00,1.20
2015.11.26 23:48:45.046,1.32936,1.32945,1.00,1.57
2015.11.26 23:48:45.556,1.32934,1.32945,1.87,1.12
2015.11.26 23:49:11.356,1.32934,1.32947,2.25,1.57
2015.11.26 23:49:12.097,1.32934,1.32947,1.87,1.75
2015.11.26 23:49:18.463,1.32934,1.32946,1.12,1.50
2015.11.26 23:49:18.994,1.32932,1.32942,1.37,1.00
2015.11.26 23:49:25.768,1.32931,1.32942,1.37,1.00
2015.11.26 23:49:36.808,1.32933,1.32943,1.00,1.12
2015.11.26 23:49:40.737,1.32932,1.32943,1.87,1.12
2015.11.26 23:50:00.738,1.32935,1.32943,1.00,1.00
2015.11.26 23:50:01.293,1.32934,1.32943,1.12,1.00
2015.11.26 23:50:09.784,1.32933,1.32943,1.12,1.00
2015.11.26 23:50:12.435,1.32933,1.32944,1.12,1.75
2015.11.26 23:50:13.442,1.32933,1.32944,1.50,1.20
2015.11.26 23:50:14.506,1.32933,1.32944,1.12,1.50
2015.11.26 23:50:18.639,1.32934,1.32944,1.00,1.50
2015.11.26 23:50:40.217,1.32932,1.32944,1.50,1.12
2015.11.26 23:50:40.845,1.32933,1.32944,1.37,1.12
2015.11.26 23:51:06.710,1.32934,1.32945,1.00,1.50
2015.11.26 23:51:07.991,1.32935,1.32945,1.00,1.00
2015.11.26 23:51:08.093,1.32934,1.32945,1.00,1.75
2015.11.26 23:51:08.888,1.32934,1.32945,1.50,1.00
2015.11.26 23:51:09.002,1.32934,1.32945,1.12,1.37
2015.11.26 23:51:17.734,1.32936,1.32945,1.00,1.37
2015.11.26 23:51:18.277,1.32937,1.32945,1.00,1.37
2015.11.26 23:51:20.137,1.32937,1.32947,1.00,1.00
2015.11.26 23:51:20.189,1.32939,1.32947,1.00,1.00
2015.11.26 23:51:22.027,1.32937,1.32947,1.00,1.00
2015.11.26 23:51:23.983,1.32939,1.32947,1.00,1.00
2015.11.26 23:51:24.517,1.32938,1.32947,1.00,1.00
2015.11.26 23:51:29.820,1.32939,1.32947,1.00,1.00
2015.11.26 23:51:30.293,1.32937,1.32948,1.00,1.12
2015.11.26 23:51:32.540,1.32937,1.32948,1.00,1.50
2015.11.26 23:51:34.784,1.32939,1.32948,1.00,1.50
2015.11.26 23:51:34.989,1.32937,1.32948,1.00,1.50
2015.11.26 23:51:37.399,1.32938,1.32948,1.00,1.50
2015.11.26 23:51:40.963,1.3294,1.32949,1.00,1.57
2015.11.26 23:51:55.485,1.32939,1.32949,1.00,1.87
2015.11.26 23:52:04.839,1.3294,1.32948,1.00,1.50
2015.11.26 23:52:05.042,1.32938,1.32948,1.00,1.50
2015.11.26 23:52:07.022,1.32939,1.32948,1.00,1.50
2015.11.26 23:52:07.561,1.32938,1.32948,1.00,1.50
2015.11.26 23:52:08.574,1.32939,1.32948,1.00,1.50
2015.11.26 23:52:10.533,1.32938,1.32948,1.00,1.50
2015.11.26 23:52:10.644,1.3294,1.32948,1.00,1.50
2015.11.26 23:52:17.924,1.32938,1.32948,1.00,1.50
2015.11.26 23:52:18.573,1.32939,1.32948,1.00,1.50
2015.11.26 23:52:25.736,1.32937,1.32948,1.00,1.50
2015.11.26 23:52:26.368,1.32937,1.32948,1.00,1.50
2015.11.26 23:52:37.702,1.32937,1.32947,1.00,1.75
2015.11.26 23:52:47.587,1.32937,1.32946,1.00,1.12
2015.11.26 23:52:50.442,1.32938,1.32946,1.00,1.12
2015.11.26 23:52:50.949,1.32939,1.32946,1.00,1.00
2015.11.26 23:52:52.945,1.32939,1.32948,1.00,1.47
2015.11.26 23:52:59.312,1.32939,1.32948,1.00,1.50
2015.11.26 23:52:59.414,1.32939,1.32948,1.00,1.12
2015.11.26 23:53:03.134,1.3294,1.32948,1.00,1.12
2015.11.26 23:53:08.533,1.32938,1.32948,1.50,1.00
2015.11.26 23:53:09.124,1.32938,1.32948,1.00,1.50
2015.11.26 23:53:13.244,1.3294,1.32948,1.00,1.50
2015.11.26 23:53:13.798,1.32939,1.32948,1.00,1.50
2015.11.26 23:53:17.765,1.32938,1.32948,1.00,1.50
2015.11.26 23:53:19.106,1.32937,1.32948,1.00,1.50
2015.11.26 23:53:19.677,1.32937,1.32947,1.00,1.50
2015.11.26 23:53:25.765,1.32937,1.32947,1.00,1.00
2015.11.26 23:53:26.486,1.32936,1.32947,1.12,1.00
2015.11.26 23:53:27.796,1.32936,1.32947,1.00,1.75
2015.11.26 23:53:29.077,1.32935,1.32946,1.12,1.00
2015.11.26 23:53:32.484,1.32935,1.32946,1.12,1.50
2015.11.26 23:53:37.990,1.32935,1.32947,1.37,1.37
2015.11.26 23:53:38.462,1.32936,1.32948,1.00,1.10
2015.11.26 23:53:38.725,1.32935,1.32949,1.37,1.87
2015.11.26 23:53:59.558,1.32935,1.32948,1.75,1.12
2015.11.26 23:54:01.131,1.32936,1.32948,1.75,1.00
2015.11.26 23:54:03.081,1.32936,1.32949,1.75,1.00
2015.11.26 23:54:03.335,1.32937,1.32952,2.25,1.10
2015.11.26 23:54:03.405,1.32944,1.32954,1.00,1.75
2015.11.26 23:54:03.750,1.32947,1.32956,1.00,1.37
2015.11.26 23:54:04.259,1.32945,1.32957,1.75,1.37
2015.11.26 23:54:07.289,1.32945,1.32958,1.75,1.45
2015.11.26 23:54:08.757,1.32948,1.32958,1.00,1.57
2015.11.26 23:54:13.863,1.32945,1.32958,1.75,1.10
2015.11.26 23:54:24.691,1.32945,1.32958,1.87,1.00
2015.11.26 23:54:32.508,1.32949,1.32958,1.00,1.00
2015.11.26 23:54:47.898,1.32948,1.32959,1.75,1.50
2015.11.26 23:54:48.525,1.32948,1.32959,1.87,1.00
2015.11.26 23:54:52.557,1.32948,1.32959,1.87,1.00
2015.11.26 23:55:01.230,1.32947,1.3296,1.75,1.00
2015.11.26 23:55:12.603,1.32946,1.3296,1.87,1.12
2015.11.26 23:55:32.601,1.32946,1.3296,1.75,1.00
2015.11.26 23:55:52.520,1.32946,1.3296,1.75,1.12
2015.11.26 23:56:07.429,1.32948,1.32959,1.37,1.00
2015.11.26 23:56:12.542,1.32949,1.32959,1.00,1.00
2015.11.26 23:56:32.590,1.32948,1.32959,1.12,1.00
2015.11.26 23:56:52.519,1.32949,1.32959,1.37,1.00
2015.11.26 23:56:54.238,1.32949,1.3296,1.37,1.00
2015.11.26 23:57:12.557,1.32948,1.3296,1.37,1.00
2015.11.26 23:57:22.644,1.32948,1.32959,1.37,1.00
2015.11.26 23:57:24.627,1.32948,1.32959,1.37,1.00
2015.11.26 23:57:25.153,1.32948,1.32959,1.37,1.00
2015.11.26 23:57:25.781,1.32948,1.32959,1.00,1.00
2015.11.26 23:57:34.088,1.32948,1.3296,1.00,1.20
2015.11.26 23:57:34.661,1.32948,1.32959,1.00,1.00
2015.11.26 23:57:52.465,1.32947,1.32959,1.12,1.12
2015.11.26 23:57:55.805,1.32949,1.32959,1.37,1.00
2015.11.26 23:58:12.510,1.32948,1.32959,1.37,1.00
2015.11.26 23:58:15.438,1.32948,1.32959,1.12,1.00
2015.11.26 23:58:24.246,1.32948,1.32958,1.12,1.00
2015.11.26 23:58:25.450,1.32948,1.32958,1.37,1.00
2015.11.26 23:58:32.546,1.32948,1.32958,1.12,1.00
2015.11.26 23:58:33.957,1.32946,1.32958,1.12,1.00
2015.11.26 23:58:34.059,1.32946,1.32958,1.00,1.12
2015.11.26 23:58:34.730,1.32946,1.32957,1.00,1.00
2015.11.26 23:58:41.751,1.32945,1.32957,1.12,1.12
2015.11.26 23:58:44.101,1.32946,1.32957,1.00,1.00
2015.11.26 23:58:44.203,1.32946,1.32959,1.12,1.20
2015.11.26 23:58:50.781,1.32946,1.32959,1.12,1.50
2015.11.26 23:58:52.484,1.32946,1.32959,1.37,1.87
2015.11.26 23:58:59.806,1.32945,1.32958,1.12,1.12
2015.11.26 23:59:05.443,1.32945,1.32959,1.12,1.00
2015.11.26 23:59:05.950,1.32949,1.32959,1.00,1.87
2015.11.26 23:59:06.387,1.32949,1.32959,1.00,1.57
2015.11.26 23:59:10.718,1.32947,1.32959,1.00,2.25
2015.11.26 23:59:10.819,1.32945,1.32959,1.12,1.87
2015.11.26 23:59:11.361,1.32945,1.32959,1.12,1.95
2015.11.26 23:59:17.021,1.32945,1.32957,1.12,1.00
2015.11.26 23:59:28.439,1.32946,1.32958,1.12,1.10
2015.11.26 23:59:28.540,1.32945,1.32958,1.12,1.47
2015.11.26 23:59:29.148,1.32946,1.32958,1.37,1.20
2015.11.26 23:59:32.431,1.32946,1.32958,1.12,1.20
2015.11.26 23:59:35.273,1.32946,1.32958,1.37,1.10
2015.11.26 23:59:35.885,1.32948,1.32958,1.00,1.00
2015.11.26 23:59:36.293,1.32948,1.32958,1.00,1.50
2015.11.26 23:59:36.445,1.32946,1.32957,1.00,1.12
2015.11.26 23:59:37.274,1.32943,1.32955,1.12,1.37
2015.11.26 23:59:37.513,1.32943,1.32957,1.12,2.25
2015.11.26 23:59:38.491,1.32944,1.32957,1.12,1.50
2015.11.26 23:59:39.373,1.32946,1.32956,1.12,1.37
2015.11.26 23:59:39.475,1.32942,1.32956,1.87,1.87
2015.11.26 23:59:39.988,1.32945,1.32956,1.00,1.37
2015.11.26 23:59:40.802,1.32944,1.32956,1.12,1.37
2015.11.26 23:59:41.816,1.32942,1.32956,2.62,1.57
2015.11.26 23:59:42.425,1.32943,1.32956,1.12,1.50
2015.11.26 23:59:55.741,1.32945,1.32957,1.00,1.50
