2017.05.09 17:00:00.116,1.37428,1.37435,2.25,1.00
2017.05.09 17:00:00.627,1.37427,1.37435,1.50,1.87
2017.05.09 17:00:00.882,1.37427,1.37433,1.50,1.00
2017.05.09 17:00:01.392,1.37427,1.37434,1.50,1.00
2017.05.09 17:00:01.809,1.37428,1.37436,1.00,1.00
2017.05.09 17:00:02.339,1.37428,1.37435,1.00,1.00
2017.05.09 17:00:02.883,1.37427,1.37435,1.12,1.50
2017.05.09 17:00:03.368,1.37428,1.37437,1.87,1.87
2017.05.09 17:00:03.421,1.37432,1.37438,1.00,2.62
2017.05.09 17:00:03.477,1.37432,1.37438,1.50,1.00
2017.05.09 17:00:03.580,1.37432,1.37439,3.00,1.00
2017.05.09 17:00:04.086,1.37432,1.37438,2.25,1.00
2017.05.09 17:00:04.448,1.37431,1.37436,1.37,1.00
2017.05.09 17:00:04.553,1.3743,1.37436,1.12,1.00
2017.05.09 17:00:05.102,1.37427,1.37437,3.37,1.12
2017.05.09 17:00:05.255,1.37428,1.37435,1.37,1.00
2017.05.09 17:00:05.306,1.37428,1.37437,1.50,2.62
2017.05.09 17:00:05.357,1.37428,1.37436,1.00,1.12
2017.05.09 17:00:13.285,1.37426,1.37436,3.00,1.00
2017.05.09 17:00:13.735,1.37425,1.37434,1.75,1.00
2017.05.09 17:00:13.786,1.37425,1.37434,1.50,1.50
2017.05.09 17:00:14.585,1.37426,1.37434,1.00,1.00
2017.05.09 17:00:15.197,1.37426,1.37434,1.50,1.50
2017.05.09 17:00:16.123,1.37426,1.37434,1.87,1.50
2017.05.09 17:00:16.692,1.37426,1.37434,3.37,1.00
2017.05.09 17:00:18.051,1.37426,1.37436,2.62,1.88
2017.05.09 17:00:19.188,1.37426,1.37436,3.75,3.01
2017.05.09 17:00:19.696,1.37426,1.37436,1.87,3.01
2017.05.09 17:00:20.672,1.37425,1.37436,2.62,3.76
2017.05.09 17:00:24.304,1.3743,1.37436,1.50,3.00
2017.05.09 17:00:24.407,1.37431,1.37437,1.87,1.00
2017.05.09 17:00:24.509,1.37431,1.37439,3.37,1.00
2017.05.09 17:00:24.662,1.37432,1.37437,1.00,1.00
2017.05.09 17:00:24.853,1.37429,1.37438,1.67,1.87
2017.05.09 17:00:24.904,1.37427,1.37437,4.35,2.62
2017.05.09 17:00:25.417,1.37426,1.37436,3.75,1.37
2017.05.09 17:00:29.647,1.37426,1.37435,1.12,1.50
2017.05.09 17:00:30.166,1.37426,1.37434,1.00,1.00
2017.05.09 17:00:30.709,1.37426,1.37435,1.00,1.00
2017.05.09 17:00:32.784,1.37427,1.37437,1.75,3.37
2017.05.09 17:00:32.937,1.37428,1.37437,1.75,1.12
2017.05.09 17:00:36.005,1.37427,1.37436,3.37,1.00
2017.05.09 17:00:36.159,1.37427,1.37436,1.50,3.00
2017.05.09 17:00:36.312,1.37425,1.37435,1.87,1.50
2017.05.09 17:00:36.833,1.37425,1.37435,3.37,1.50
2017.05.09 17:00:37.140,1.37426,1.37437,2.25,1.12
2017.05.09 17:00:37.785,1.37427,1.37435,1.50,1.00
2017.05.09 17:00:37.837,1.37428,1.37438,2.25,1.50
2017.05.09 17:00:37.939,1.3743,1.37439,3.37,3.37
2017.05.09 17:00:38.041,1.37431,1.37439,4.50,1.12
2017.05.09 17:00:38.143,1.37431,1.37439,4.87,1.00
2017.05.09 17:00:38.652,1.37432,1.37438,1.37,1.00
2017.05.09 17:00:40.039,1.37431,1.37439,3.75,1.00
2017.05.09 17:00:40.269,1.37432,1.37438,1.00,1.00
2017.05.09 17:00:40.830,1.37432,1.37439,1.87,1.00
2017.05.09 17:00:41.347,1.37435,1.37443,1.50,2.62
2017.05.09 17:00:41.704,1.37434,1.37439,1.00,1.00
2017.05.09 17:00:42.224,1.37434,1.37438,1.12,1.00
2017.05.09 17:00:42.733,1.37434,1.37439,1.12,1.00
2017.05.09 17:00:43.949,1.37434,1.37438,1.12,1.00
2017.05.09 17:00:44.259,1.37431,1.37438,5.25,1.00
2017.05.09 17:00:44.770,1.37431,1.37439,5.62,1.00
2017.05.09 17:00:45.278,1.37431,1.37439,5.62,1.00
2017.05.09 17:00:45.800,1.37431,1.37438,5.25,1.00
2017.05.09 17:00:46.380,1.37432,1.37439,2.25,1.00
2017.05.09 17:00:46.914,1.37432,1.37439,2.62,1.00
2017.05.09 17:00:47.992,1.37433,1.37438,1.00,1.00
2017.05.09 17:00:48.510,1.37432,1.37439,3.00,1.00
2017.05.09 17:00:48.906,1.37431,1.37439,1.00,1.00
2017.05.09 17:00:49.214,1.37428,1.37438,2.25,4.50
2017.05.09 17:00:49.573,1.37428,1.37438,2.25,3.37
2017.05.09 17:00:50.708,1.37428,1.37438,2.62,3.37
2017.05.09 17:00:51.245,1.37428,1.37435,1.00,1.00
2017.05.09 17:00:52.305,1.37428,1.37437,3.37,1.50
2017.05.09 17:00:52.407,1.3743,1.37437,1.96,1.00
2017.05.09 17:00:52.919,1.37429,1.37437,2.62,1.00
2017.05.09 17:00:53.430,1.37429,1.37438,1.87,1.12
2017.05.09 17:00:54.112,1.37429,1.37437,1.50,1.00
2017.05.09 17:00:54.632,1.37429,1.37438,1.12,4.87
2017.05.09 17:00:55.183,1.37428,1.37439,3.37,6.75
2017.05.09 17:00:55.387,1.37428,1.37436,1.00,1.12
2017.05.09 17:00:56.057,1.37426,1.37435,4.12,1.00
2017.05.09 17:00:56.560,1.37426,1.37435,2.25,2.25
2017.05.09 17:00:58.489,1.37425,1.37434,1.00,1.00
2017.05.09 17:00:59.017,1.37425,1.37434,1.37,2.62
2017.05.09 17:00:59.527,1.37425,1.37434,1.00,4.12
2017.05.09 17:01:00.314,1.37425,1.37432,1.12,1.00
2017.05.09 17:01:00.621,1.37422,1.37432,1.12,1.87
2017.05.09 17:01:01.003,1.37424,1.37432,1.00,1.00
2017.05.09 17:01:01.510,1.37422,1.37431,4.35,1.00
2017.05.09 17:01:01.715,1.37423,1.37433,1.87,1.87
2017.05.09 17:01:02.150,1.37422,1.37431,3.00,1.00
2017.05.09 17:01:02.668,1.37422,1.37432,2.85,1.12
2017.05.09 17:01:03.228,1.37422,1.37431,4.35,1.00
2017.05.09 17:01:03.832,1.37422,1.37432,3.37,1.50
2017.05.09 17:01:04.368,1.37424,1.37433,1.00,4.50
2017.05.09 17:01:04.673,1.37424,1.37431,1.00,1.00
2017.05.09 17:01:04.724,1.37424,1.37433,1.00,3.75
2017.05.09 17:01:06.415,1.37424,1.37433,1.37,3.00
2017.05.09 17:01:07.040,1.37423,1.37429,1.37,1.00
2017.05.09 17:01:07.143,1.3742,1.37426,1.50,1.00
2017.05.09 17:01:07.245,1.37419,1.37423,1.00,1.12
2017.05.09 17:01:07.348,1.37418,1.37422,1.50,1.00
2017.05.09 17:01:07.654,1.37418,1.37424,1.00,1.50
2017.05.09 17:01:08.178,1.37418,1.37423,1.00,1.00
2017.05.09 17:01:08.992,1.37418,1.37424,1.00,2.62
2017.05.09 17:01:09.498,1.37418,1.37423,1.00,1.00
2017.05.09 17:01:11.657,1.37415,1.37423,1.75,2.25
2017.05.09 17:01:11.759,1.37414,1.37421,2.62,1.00
2017.05.09 17:01:11.811,1.37411,1.37421,4.87,1.00
2017.05.09 17:01:11.913,1.37412,1.37421,1.50,1.87
2017.05.09 17:01:12.464,1.37412,1.37421,1.50,1.50
2017.05.09 17:01:13.220,1.37413,1.37421,1.00,2.25
2017.05.09 17:01:13.526,1.37413,1.37423,1.50,1.87
2017.05.09 17:01:14.084,1.37413,1.37423,1.37,1.87
2017.05.09 17:01:14.592,1.37413,1.37423,2.25,1.87
2017.05.09 17:01:21.593,1.37415,1.37423,1.00,2.62
2017.05.09 17:01:22.564,1.37415,1.37423,1.37,1.87
2017.05.09 17:01:23.190,1.37415,1.37423,2.25,2.25
2017.05.09 17:01:23.343,1.37414,1.37423,1.87,2.25
2017.05.09 17:01:24.480,1.37414,1.37423,1.87,2.26
2017.05.09 17:01:25.011,1.37415,1.37422,1.12,1.13
2017.05.09 17:01:25.575,1.37414,1.37421,1.37,1.12
2017.05.09 17:01:26.168,1.37414,1.37422,1.12,1.88
2017.05.09 17:01:26.683,1.37414,1.37422,1.12,1.13
2017.05.09 17:01:27.789,1.37415,1.37423,1.00,2.26
2017.05.09 17:01:28.324,1.37413,1.37422,1.50,1.51
2017.05.09 17:01:28.826,1.37413,1.37423,1.50,2.26
2017.05.09 17:01:29.337,1.37414,1.37422,1.87,1.51
2017.05.09 17:01:30.801,1.37417,1.37422,1.00,1.01
2017.05.09 17:01:31.078,1.37417,1.37424,1.50,1.12
2017.05.09 17:01:31.485,1.37419,1.37425,2.62,1.12
2017.05.09 17:01:31.638,1.37421,1.37426,1.50,1.50
2017.05.09 17:01:32.462,1.37419,1.37426,1.50,1.50
2017.05.09 17:01:32.513,1.37421,1.37426,1.00,1.50
2017.05.09 17:01:33.027,1.37421,1.37425,1.00,1.00
2017.05.09 17:01:33.562,1.37421,1.37426,1.00,1.50
2017.05.09 17:01:34.316,1.37421,1.37425,1.00,1.00
2017.05.09 17:01:34.896,1.37418,1.37425,1.87,1.00
2017.05.09 17:01:35.409,1.3742,1.37426,1.00,1.12
2017.05.09 17:01:35.932,1.3742,1.37427,1.50,1.00
2017.05.09 17:01:36.484,1.37421,1.37428,1.00,1.12
2017.05.09 17:01:37.026,1.37422,1.37429,1.50,2.25
2017.05.09 17:01:38.519,1.37422,1.37428,1.50,1.00
2017.05.09 17:01:39.420,1.37422,1.37429,1.50,2.25
2017.05.09 17:01:39.941,1.37422,1.37428,1.50,1.00
2017.05.09 17:01:40.569,1.37422,1.37429,1.50,2.25
2017.05.09 17:01:41.913,1.37422,1.37428,1.50,1.00
2017.05.09 17:01:42.515,1.37422,1.37429,1.50,2.25
2017.05.09 17:01:43.186,1.37422,1.37428,1.50,1.00
2017.05.09 17:01:43.993,1.37422,1.37429,1.50,2.25
2017.05.09 17:01:44.602,1.37422,1.37428,1.50,1.00
2017.05.09 17:01:45.317,1.37422,1.37429,1.50,2.25
2017.05.09 17:01:45.922,1.37422,1.37428,1.50,1.00
2017.05.09 17:01:46.758,1.37422,1.37429,1.50,2.25
2017.05.09 17:01:47.624,1.37422,1.37428,1.50,1.00
2017.05.09 17:01:50.090,1.37421,1.37428,1.00,1.50
2017.05.09 17:01:50.687,1.37421,1.37428,1.12,1.50
2017.05.09 17:01:51.197,1.37422,1.37432,2.25,1.87
2017.05.09 17:01:51.713,1.37423,1.37433,1.87,5.62
2017.05.09 17:01:52.338,1.37425,1.37432,1.00,1.87
2017.05.09 17:01:53.371,1.37424,1.37431,1.50,1.12
2017.05.09 17:01:53.880,1.37426,1.37431,1.00,1.12
2017.05.09 17:01:56.174,1.37425,1.37433,1.12,4.87
2017.05.09 17:01:56.379,1.37425,1.37433,1.87,1.50
2017.05.09 17:01:56.909,1.37425,1.37432,1.87,1.00
2017.05.09 17:01:57.459,1.37425,1.37433,1.87,3.37
2017.05.09 17:01:57.511,1.37425,1.37431,1.00,1.00
2017.05.09 17:01:58.069,1.37424,1.3743,1.37,1.00
2017.05.09 17:01:58.577,1.37424,1.37431,1.37,1.50
2017.05.09 17:01:59.219,1.37424,1.3743,1.87,1.00
2017.05.09 17:01:59.581,1.37424,1.37434,1.50,6.37
2017.05.09 17:02:00.091,1.37424,1.37433,1.87,1.37
2017.05.09 17:02:00.815,1.37426,1.37433,1.00,1.00
2017.05.09 17:02:03.652,1.37424,1.37432,3.00,1.00
2017.05.09 17:02:04.199,1.37424,1.37433,1.37,2.25
2017.05.09 17:02:04.809,1.37423,1.37432,2.62,1.50
2017.05.09 17:02:05.499,1.37423,1.37432,3.37,1.00
2017.05.09 17:02:06.008,1.37425,1.37433,1.87,1.87
2017.05.09 17:02:09.617,1.37424,1.37432,2.62,1.00
2017.05.09 17:02:10.148,1.37425,1.3743,1.50,1.00
2017.05.09 17:02:10.607,1.37425,1.37432,1.87,1.00
2017.05.09 17:02:12.014,1.37425,1.37433,1.37,1.12
2017.05.09 17:02:16.798,1.37425,1.37433,1.87,3.00
2017.05.09 17:02:17.299,1.37425,1.37433,1.37,1.12
2017.05.09 17:02:18.374,1.37425,1.37432,1.37,1.00
2017.05.09 17:02:18.581,1.37422,1.37431,2.62,1.00
2017.05.09 17:02:19.232,1.37423,1.3743,1.12,1.00
2017.05.09 17:02:19.842,1.37423,1.37431,1.12,2.62
2017.05.09 17:02:20.389,1.37423,1.3743,1.87,1.00
2017.05.09 17:02:20.930,1.37425,1.37432,1.00,1.12
2017.05.09 17:02:21.439,1.37424,1.37432,1.12,1.12
2017.05.09 17:02:22.144,1.37424,1.37431,1.12,1.00
2017.05.09 17:02:23.132,1.37426,1.37432,1.12,1.12
2017.05.09 17:02:23.285,1.37426,1.37434,1.87,1.50
2017.05.09 17:02:23.793,1.37426,1.37435,1.50,1.87
2017.05.09 17:02:24.478,1.37426,1.37434,2.25,1.00
2017.05.09 17:02:24.987,1.37426,1.37435,1.00,1.87
2017.05.09 17:02:25.806,1.37426,1.37434,1.50,1.00
2017.05.09 17:02:26.490,1.37426,1.37435,1.00,1.87
2017.05.09 17:02:26.836,1.37426,1.37435,1.00,2.25
2017.05.09 17:02:27.541,1.37426,1.37434,1.00,1.00
2017.05.09 17:02:28.068,1.37426,1.37435,1.00,1.87
2017.05.09 17:02:28.571,1.37426,1.37434,1.00,1.50
2017.05.09 17:02:28.919,1.37425,1.37433,1.50,2.62
2017.05.09 17:02:29.602,1.37425,1.37433,1.12,1.00
2017.05.09 17:02:30.579,1.37426,1.37434,1.65,1.00
2017.05.09 17:02:30.898,1.37433,1.37437,1.00,1.00
2017.05.09 17:02:31.447,1.37432,1.37438,1.37,1.00
2017.05.09 17:02:31.805,1.37434,1.37438,1.12,1.00
2017.05.09 17:02:32.314,1.37434,1.37439,1.50,1.00
2017.05.09 17:02:32.674,1.37434,1.3744,3.37,1.00
2017.05.09 17:02:33.000,1.37435,1.37439,1.87,1.00
2017.05.09 17:02:33.548,1.37435,1.37438,1.00,1.00
2017.05.09 17:02:34.067,1.37435,1.37439,1.12,1.00
2017.05.09 17:02:35.424,1.37435,1.37438,1.00,1.00
2017.05.09 17:02:41.655,1.37435,1.37439,1.12,1.00
2017.05.09 17:02:42.224,1.37435,1.3744,1.37,1.00
2017.05.09 17:02:42.325,1.37435,1.3744,1.37,1.00
2017.05.09 17:02:44.644,1.37437,1.37444,1.00,4.12
2017.05.09 17:02:44.848,1.37439,1.37446,1.00,3.37
2017.05.09 17:02:45.001,1.37441,1.3745,1.50,3.37
2017.05.09 17:02:45.103,1.37442,1.3745,1.37,1.12
2017.05.09 17:02:45.612,1.37443,1.37451,1.50,1.00
2017.05.09 17:02:45.918,1.37444,1.3745,1.00,2.25
2017.05.09 17:02:45.970,1.37445,1.37451,1.12,1.00
2017.05.09 17:02:46.022,1.37445,1.37451,1.37,1.00
2017.05.09 17:02:46.125,1.37447,1.37455,1.00,2.62
2017.05.09 17:02:46.177,1.37449,1.37455,1.50,1.87
2017.05.09 17:02:46.381,1.3745,1.37457,1.00,1.12
2017.05.09 17:02:46.760,1.37451,1.37459,1.75,1.00
2017.05.09 17:02:47.273,1.37453,1.37458,1.00,1.00
2017.05.09 17:02:47.326,1.37451,1.37458,1.00,1.20
2017.05.09 17:02:47.846,1.37451,1.37457,1.00,2.25
2017.05.09 17:02:47.949,1.37451,1.37455,1.00,1.50
2017.05.09 17:02:48.103,1.37449,1.37454,1.00,1.00
2017.05.09 17:02:49.045,1.37449,1.37455,1.00,2.25
2017.05.09 17:02:49.578,1.37449,1.37455,1.00,2.62
2017.05.09 17:02:50.700,1.37446,1.37455,4.50,3.00
2017.05.09 17:02:51.760,1.37449,1.37455,1.12,1.50
2017.05.09 17:02:51.915,1.37449,1.37453,2.25,1.00
2017.05.09 17:02:52.439,1.37447,1.37454,1.37,4.12
2017.05.09 17:02:52.952,1.37447,1.37454,1.37,4.87
2017.05.09 17:02:53.481,1.37447,1.37453,1.37,2.25
2017.05.09 17:02:55.767,1.37447,1.37454,1.37,3.75
2017.05.09 17:02:56.701,1.37447,1.37453,1.37,1.00
2017.05.09 17:02:57.209,1.37445,1.37453,1.12,1.00
2017.05.09 17:02:57.732,1.37445,1.37453,1.00,1.87
2017.05.09 17:02:58.851,1.37443,1.37446,1.50,1.00
2017.05.09 17:02:58.905,1.37441,1.37447,2.25,1.12
2017.05.09 17:02:58.957,1.37438,1.37446,1.87,2.25
2017.05.09 17:02:59.009,1.37441,1.37446,2.62,1.35
2017.05.09 17:02:59.111,1.3744,1.37445,1.00,3.00
2017.05.09 17:02:59.316,1.37437,1.37444,3.37,1.00
2017.05.09 17:03:00.489,1.37438,1.37445,1.00,1.37
2017.05.09 17:03:00.540,1.37438,1.37446,4.12,1.00
2017.05.09 17:03:00.795,1.37438,1.37448,6.75,1.12
2017.05.09 17:03:01.137,1.37443,1.37451,1.00,2.62
2017.05.09 17:03:01.698,1.37443,1.37449,1.00,1.50
2017.05.09 17:03:02.046,1.37443,1.37452,1.12,1.50
2017.05.09 17:03:02.555,1.37444,1.37452,1.00,1.00
2017.05.09 17:03:03.104,1.37445,1.37454,1.12,4.87
2017.05.09 17:03:03.515,1.37448,1.37456,1.00,1.50
2017.05.09 17:03:04.025,1.37448,1.37457,1.00,3.00
2017.05.09 17:03:04.447,1.37448,1.37453,1.00,1.00
2017.05.09 17:03:05.619,1.37448,1.37456,1.00,2.25
2017.05.09 17:03:05.722,1.37449,1.37458,1.00,4.27
2017.05.09 17:03:06.321,1.3745,1.37458,1.00,1.00
2017.05.09 17:03:06.831,1.3745,1.37459,1.37,2.25
2017.05.09 17:03:07.374,1.3745,1.37459,1.87,1.50
2017.05.09 17:03:07.886,1.37452,1.37459,1.00,1.50
2017.05.09 17:03:07.988,1.37452,1.37457,1.00,1.00
2017.05.09 17:03:08.246,1.37448,1.37458,3.37,1.50
2017.05.09 17:03:08.855,1.37449,1.37454,1.37,1.00
2017.05.09 17:03:09.161,1.37448,1.37454,1.87,1.00
2017.05.09 17:03:09.693,1.37449,1.37454,1.00,1.00
2017.05.09 17:03:09.999,1.37448,1.37456,1.00,3.00
2017.05.09 17:03:10.101,1.37448,1.37455,1.50,1.50
2017.05.09 17:03:10.509,1.37451,1.37455,1.12,1.50
2017.05.09 17:03:10.675,1.37452,1.3746,1.00,2.62
2017.05.09 17:03:10.727,1.37452,1.37456,3.00,1.00
2017.05.09 17:03:10.830,1.37452,1.37456,8.25,1.00
2017.05.09 17:03:10.934,1.37453,1.37461,1.12,3.00
2017.05.09 17:03:11.089,1.37453,1.37462,1.00,4.80
2017.05.09 17:03:11.687,1.37453,1.37461,1.50,2.25
2017.05.09 17:03:12.196,1.37453,1.37462,1.00,4.50
2017.05.09 17:03:12.705,1.37453,1.37461,1.00,2.25
2017.05.09 17:03:13.299,1.37453,1.37462,1.12,3.75
2017.05.09 17:03:13.808,1.37453,1.37461,1.12,1.50
2017.05.09 17:03:14.093,1.37454,1.37462,1.12,3.00
2017.05.09 17:03:15.121,1.37454,1.37461,1.12,1.50
2017.05.09 17:03:15.679,1.37454,1.37462,1.12,3.15
2017.05.09 17:03:15.972,1.37453,1.37462,1.87,4.50
2017.05.09 17:03:16.483,1.37453,1.37462,1.12,4.50
2017.05.09 17:03:21.221,1.37453,1.37458,1.12,1.87
2017.05.09 17:03:21.479,1.37447,1.37456,4.12,1.50
2017.05.09 17:03:21.684,1.37447,1.37456,2.25,1.50
2017.05.09 17:03:21.787,1.37447,1.37454,3.75,1.50
2017.05.09 17:03:22.301,1.37446,1.37455,2.62,3.00
2017.05.09 17:03:22.856,1.37447,1.37454,1.37,1.50
2017.05.09 17:03:23.398,1.37447,1.37455,1.37,3.00
2017.05.09 17:03:23.974,1.37447,1.37454,1.00,1.50
2017.05.09 17:03:24.484,1.37447,1.37456,1.00,2.62
2017.05.09 17:03:25.148,1.37447,1.37456,1.00,1.87
2017.05.09 17:03:26.326,1.37447,1.37455,1.00,1.00
2017.05.09 17:03:26.851,1.37446,1.37454,2.25,1.50
2017.05.09 17:03:29.246,1.37445,1.37454,1.87,1.87
2017.05.09 17:03:31.902,1.37446,1.37453,1.12,1.12
2017.05.09 17:03:34.962,1.37446,1.37452,1.00,1.00
2017.05.09 17:03:35.065,1.37444,1.37452,1.12,1.00
2017.05.09 17:03:35.168,1.37444,1.37452,1.75,1.00
2017.05.09 17:03:36.705,1.37446,1.37452,1.37,1.00
2017.05.09 17:03:37.215,1.37446,1.37453,1.00,1.00
2017.05.09 17:03:37.751,1.37445,1.37453,1.87,1.50
2017.05.09 17:03:39.745,1.37445,1.37452,2.62,1.00
2017.05.09 17:03:40.350,1.37445,1.37453,1.87,1.00
2017.05.09 17:03:40.655,1.37442,1.3745,4.12,1.00
2017.05.09 17:03:41.163,1.37444,1.37451,1.00,1.87
2017.05.09 17:03:41.691,1.37442,1.37452,3.75,2.25
2017.05.09 17:03:42.253,1.37443,1.37451,1.50,1.50
2017.05.09 17:03:42.828,1.37442,1.37452,4.50,2.25
2017.05.09 17:03:43.480,1.37443,1.37451,1.37,1.00
2017.05.09 17:03:44.190,1.37444,1.37452,1.37,1.50
2017.05.09 17:03:44.734,1.37443,1.37451,1.37,1.00
2017.05.09 17:03:45.287,1.37443,1.37452,1.37,1.50
2017.05.09 17:03:45.817,1.37442,1.37451,3.00,1.00
2017.05.09 17:03:46.478,1.37442,1.37452,3.00,1.50
2017.05.09 17:03:46.784,1.37442,1.37449,1.87,1.00
2017.05.09 17:03:47.090,1.37437,1.37445,1.37,1.50
2017.05.09 17:03:47.636,1.37436,1.37444,2.25,1.00
2017.05.09 17:03:48.350,1.37436,1.37445,1.50,2.25
2017.05.09 17:03:48.859,1.37436,1.37444,1.50,1.00
2017.05.09 17:03:49.633,1.37435,1.37444,2.25,1.00
2017.05.09 17:03:50.168,1.37435,1.37445,1.50,2.62
2017.05.09 17:03:50.712,1.37435,1.37444,2.25,1.00
2017.05.09 17:03:51.222,1.37435,1.37445,1.50,2.62
2017.05.09 17:03:51.877,1.37435,1.37444,2.25,1.00
2017.05.09 17:03:52.378,1.37435,1.37445,1.50,2.62
2017.05.09 17:03:54.350,1.37435,1.37444,2.25,1.00
2017.05.09 17:03:54.908,1.37435,1.37445,1.50,1.87
2017.05.09 17:03:55.690,1.37436,1.37444,1.12,1.00
2017.05.09 17:03:55.843,1.37438,1.37445,1.00,1.50
2017.05.09 17:03:56.667,1.37438,1.37444,1.00,1.00
2017.05.09 17:03:57.170,1.37438,1.37445,1.00,1.50
2017.05.09 17:03:57.807,1.37437,1.37444,4.50,1.00
2017.05.09 17:03:58.469,1.37437,1.37445,3.75,1.50
2017.05.09 17:03:58.978,1.37437,1.37444,3.75,1.00
2017.05.09 17:03:59.732,1.37437,1.37445,3.75,1.50
2017.05.09 17:04:00.397,1.37437,1.37444,4.50,1.00
2017.05.09 17:04:00.943,1.37437,1.37443,4.12,1.00
2017.05.09 17:04:01.147,1.37437,1.37443,1.87,1.00
2017.05.09 17:04:01.754,1.37436,1.37445,1.75,3.37
2017.05.09 17:04:02.263,1.37436,1.37445,1.50,2.62
2017.05.09 17:04:02.830,1.37436,1.37445,2.62,1.50
2017.05.09 17:04:03.364,1.37437,1.37444,1.12,1.00
2017.05.09 17:04:03.882,1.37437,1.37445,1.12,2.25
2017.05.09 17:04:03.933,1.37439,1.37444,1.00,1.00
2017.05.09 17:04:04.036,1.37439,1.37446,1.00,1.50
2017.05.09 17:04:05.963,1.37439,1.37448,1.87,2.25
2017.05.09 17:04:06.065,1.37439,1.37448,2.62,1.37
2017.05.09 17:04:06.575,1.37439,1.37449,6.75,2.62
2017.05.09 17:04:09.203,1.3744,1.37449,2.25,1.50
2017.05.09 17:04:09.531,1.3744,1.37449,2.25,1.87
2017.05.09 17:04:10.067,1.3744,1.37448,1.50,1.00
2017.05.09 17:04:12.528,1.3744,1.37449,1.50,1.87
2017.05.09 17:04:17.856,1.3744,1.37446,1.00,1.00
2017.05.09 17:04:17.959,1.37437,1.37445,1.87,1.00
2017.05.09 17:04:18.011,1.37436,1.37443,2.25,1.00
2017.05.09 17:04:18.316,1.37435,1.37439,1.00,1.00
2017.05.09 17:04:18.368,1.37433,1.37439,1.50,1.00
2017.05.09 17:04:18.775,1.37431,1.37438,1.50,1.00
2017.05.09 17:04:20.340,1.37431,1.37439,2.25,1.12
2017.05.09 17:04:20.868,1.37431,1.37438,4.50,1.00
2017.05.09 17:04:21.073,1.37432,1.3744,1.37,1.87
2017.05.09 17:04:21.904,1.37432,1.37439,1.37,1.00
2017.05.09 17:04:22.415,1.37431,1.37441,4.12,1.87
2017.05.09 17:04:24.255,1.37433,1.37442,1.37,1.12
2017.05.09 17:04:24.968,1.37432,1.37441,3.00,1.00
2017.05.09 17:04:25.632,1.37433,1.3744,1.50,1.00
2017.05.09 17:04:25.734,1.37432,1.37442,3.75,1.50
2017.05.09 17:04:25.785,1.37432,1.37442,1.87,3.37
2017.05.09 17:04:26.307,1.37432,1.3744,1.50,1.00
2017.05.09 17:04:26.818,1.37433,1.37443,1.37,3.37
2017.05.09 17:04:27.226,1.37434,1.37443,1.50,1.00
2017.05.09 17:04:27.731,1.37434,1.37442,1.50,1.00
2017.05.09 17:04:28.983,1.37434,1.37443,1.50,1.00
2017.05.09 17:04:29.667,1.37432,1.37443,6.00,1.37
2017.05.09 17:04:39.212,1.37433,1.37441,1.50,1.00
2017.05.09 17:04:39.314,1.37433,1.37441,1.12,1.00
2017.05.09 17:04:39.864,1.37432,1.37441,1.87,1.37
2017.05.09 17:04:40.412,1.37433,1.37442,1.12,1.00
2017.05.09 17:04:43.773,1.37436,1.37443,1.00,1.87
2017.05.09 17:04:44.131,1.37437,1.37446,1.00,3.75
2017.05.09 17:04:44.234,1.37438,1.37446,1.37,3.37
2017.05.09 17:04:46.656,1.37439,1.37448,2.62,1.87
2017.05.09 17:04:46.810,1.37439,1.37448,3.00,1.00
2017.05.09 17:04:47.217,1.37441,1.37449,1.50,3.75
2017.05.09 17:04:47.749,1.37441,1.37449,2.25,3.37
2017.05.09 17:04:58.122,1.37444,1.37451,1.00,1.20
2017.05.09 17:04:58.224,1.37446,1.37454,1.12,3.37
2017.05.09 17:04:58.733,1.37447,1.37454,1.50,3.00
2017.05.09 17:05:00.326,1.37445,1.37454,1.12,3.37
2017.05.09 17:05:00.870,1.37444,1.37454,4.87,1.50
2017.05.09 17:05:02.482,1.37444,1.37453,1.87,4.87
2017.05.09 17:05:02.636,1.37439,1.37447,2.62,1.50
2017.05.09 17:05:03.358,1.37439,1.37446,1.50,1.00
2017.05.09 17:05:03.663,1.37437,1.37444,1.75,1.50
2017.05.09 17:05:04.172,1.37437,1.37445,1.37,3.37
2017.05.09 17:05:04.780,1.37438,1.37444,1.00,1.50
2017.05.09 17:05:05.342,1.37438,1.37445,1.00,3.00
2017.05.09 17:05:05.929,1.37438,1.37444,1.00,1.50
2017.05.09 17:05:06.564,1.37438,1.37445,1.00,3.00
2017.05.09 17:05:07.070,1.37438,1.37444,1.00,2.25
2017.05.09 17:05:07.470,1.37435,1.37445,3.00,3.37
2017.05.09 17:05:07.986,1.37435,1.37444,3.75,1.50
2017.05.09 17:05:08.655,1.37435,1.37445,1.50,3.75
2017.05.09 17:05:09.241,1.37435,1.37444,3.00,1.50
2017.05.09 17:05:09.786,1.37436,1.37445,1.30,1.87
2017.05.09 17:05:10.404,1.37435,1.37444,4.50,1.00
2017.05.09 17:05:11.258,1.37436,1.37445,1.12,1.87
2017.05.09 17:05:11.769,1.37436,1.37444,1.00,1.00
2017.05.09 17:05:12.290,1.37436,1.37445,3.75,1.87
2017.05.09 17:05:12.345,1.37439,1.37445,1.50,1.12
2017.05.09 17:05:12.653,1.37438,1.37446,4.12,1.12
2017.05.09 17:05:13.459,1.37438,1.37446,3.75,1.50
2017.05.09 17:05:13.968,1.37438,1.37446,4.50,1.00
2017.05.09 17:05:15.162,1.37439,1.37449,4.50,1.87
2017.05.09 17:05:15.402,1.37441,1.37449,3.75,1.12
2017.05.09 17:05:15.913,1.37443,1.3745,1.00,1.50
2017.05.09 17:05:16.621,1.37443,1.37449,1.00,1.00
2017.05.09 17:05:16.905,1.37443,1.37451,1.00,1.00
2017.05.09 17:05:18.311,1.37443,1.37452,3.75,1.20
2017.05.09 17:05:18.464,1.37445,1.37454,1.00,1.50
2017.05.09 17:05:19.792,1.37446,1.37454,1.00,1.00
2017.05.09 17:05:20.294,1.37446,1.37456,1.00,1.87
2017.05.09 17:05:20.812,1.37445,1.37456,4.12,1.12
2017.05.09 17:05:21.469,1.37446,1.37455,1.00,1.00
2017.05.09 17:05:22.074,1.37446,1.37454,1.00,1.00
2017.05.09 17:05:23.509,1.37446,1.37455,1.00,1.50
2017.05.09 17:05:26.125,1.37446,1.37453,1.00,1.00
2017.05.09 17:05:26.640,1.37445,1.37453,1.00,1.00
2017.05.09 17:05:27.431,1.37447,1.37454,1.50,1.12
2017.05.09 17:05:27.940,1.37445,1.37453,1.50,1.50
2017.05.09 17:05:30.684,1.37444,1.37451,1.87,1.65
2017.05.09 17:05:30.884,1.37439,1.37449,4.12,2.62
2017.05.09 17:05:32.057,1.37439,1.37449,3.37,1.57
2017.05.09 17:05:32.307,1.37439,1.37449,1.12,2.70
2017.05.09 17:05:33.124,1.37439,1.37449,1.50,1.57
2017.05.09 17:05:33.176,1.37444,1.3745,1.00,1.50
2017.05.09 17:05:33.431,1.37445,1.37453,2.62,2.25
2017.05.09 17:05:33.482,1.37446,1.37455,1.12,1.12
2017.05.09 17:05:33.686,1.37446,1.37455,1.12,3.37
2017.05.09 17:05:33.909,1.37448,1.37457,1.50,3.37
2017.05.09 17:05:34.538,1.37446,1.37456,2.25,3.15
2017.05.09 17:05:34.642,1.37445,1.37454,4.87,1.00
2017.05.09 17:05:35.178,1.37445,1.37455,3.00,1.37
2017.05.09 17:05:42.074,1.37447,1.37456,1.37,5.62
2017.05.09 17:05:42.615,1.37447,1.37455,1.37,1.00
2017.05.09 17:05:43.127,1.37445,1.37455,3.75,1.00
2017.05.09 17:05:46.379,1.37447,1.37455,4.87,1.00
2017.05.09 17:05:48.256,1.37447,1.37454,4.12,1.00
2017.05.09 17:05:49.152,1.37446,1.37454,1.50,1.00
2017.05.09 17:05:49.659,1.37446,1.37454,1.50,1.00
2017.05.09 17:05:51.326,1.37446,1.37454,1.12,1.37
2017.05.09 17:05:53.062,1.37445,1.37455,4.12,2.25
2017.05.09 17:05:53.113,1.37447,1.37456,1.00,2.25
2017.05.09 17:05:53.535,1.37448,1.37456,2.25,1.50
2017.05.09 17:05:54.550,1.37449,1.37458,1.50,2.62
2017.05.09 17:05:55.132,1.37449,1.37458,1.50,2.62
2017.05.09 17:05:55.714,1.37449,1.37457,1.50,1.00
2017.05.09 17:05:56.154,1.37449,1.37456,1.12,1.00
2017.05.09 17:05:56.205,1.37449,1.37458,1.12,3.37
2017.05.09 17:05:56.715,1.3745,1.37458,1.00,1.37
2017.05.09 17:05:57.266,1.3745,1.37458,1.12,1.00
2017.05.09 17:06:00.788,1.3745,1.37457,1.00,1.00
2017.05.09 17:06:01.412,1.3745,1.37458,1.50,1.00
2017.05.09 17:06:01.768,1.37452,1.37459,1.00,1.00
2017.05.09 17:06:02.112,1.37452,1.37457,1.00,1.00
2017.05.09 17:06:02.639,1.37449,1.37457,3.00,1.00
2017.05.09 17:06:03.174,1.3745,1.37458,1.50,1.00
2017.05.09 17:06:03.429,1.37451,1.3746,2.25,1.87
2017.05.09 17:06:03.942,1.37451,1.37459,2.62,1.00
2017.05.09 17:06:04.250,1.37449,1.37456,2.62,1.00
2017.05.09 17:06:04.353,1.3745,1.37456,1.00,1.00
2017.05.09 17:06:04.455,1.37446,1.37456,1.50,1.37
2017.05.09 17:06:04.659,1.37446,1.37455,1.50,1.50
2017.05.09 17:06:05.203,1.37447,1.37455,1.00,1.50
2017.05.09 17:06:05.715,1.37447,1.37454,1.00,1.00
2017.05.09 17:06:06.611,1.37446,1.37454,1.50,1.00
2017.05.09 17:06:07.171,1.37447,1.37454,1.00,1.00
2017.05.09 17:06:07.480,1.37444,1.37453,3.37,1.37
2017.05.09 17:06:07.992,1.37444,1.37453,3.37,1.37
2017.05.09 17:06:08.644,1.37445,1.37454,2.62,3.37
2017.05.09 17:06:08.696,1.37446,1.37454,1.00,1.12
2017.05.09 17:06:09.257,1.37447,1.37454,1.00,1.00
2017.05.09 17:06:09.769,1.37447,1.37453,1.00,1.00
2017.05.09 17:06:10.917,1.37446,1.37455,3.00,1.50
2017.05.09 17:06:12.227,1.37446,1.37454,1.50,1.00
2017.05.09 17:06:14.224,1.37445,1.37453,2.25,1.00
2017.05.09 17:06:14.731,1.37443,1.37453,6.00,1.12
2017.05.09 17:06:15.240,1.37447,1.37454,1.00,1.00
2017.05.09 17:06:15.393,1.37449,1.37454,1.00,1.00
2017.05.09 17:06:17.023,1.37449,1.37456,1.00,1.20
2017.05.09 17:06:17.332,1.37447,1.37452,1.50,1.60
2017.05.09 17:06:17.497,1.37439,1.37447,1.00,1.00
2017.05.09 17:06:17.601,1.37442,1.37449,2.62,1.12
2017.05.09 17:06:17.705,1.37441,1.37449,1.50,1.37
2017.05.09 17:06:17.911,1.37442,1.37451,1.12,1.87
2017.05.09 17:06:18.407,1.37442,1.37449,1.50,1.00
2017.05.09 17:06:20.374,1.37442,1.37446,1.00,1.00
2017.05.09 17:06:20.579,1.37439,1.37446,1.00,1.50
2017.05.09 17:06:21.089,1.37436,1.37445,1.37,1.12
2017.05.09 17:06:22.256,1.37439,1.37447,1.00,2.62
2017.05.09 17:06:22.413,1.37439,1.37448,1.87,1.87
2017.05.09 17:06:23.611,1.3744,1.3745,2.25,1.00
2017.05.09 17:06:24.688,1.37442,1.37451,1.50,1.12
2017.05.09 17:06:24.894,1.37442,1.37451,3.00,1.00
2017.05.09 17:06:25.094,1.37441,1.37449,1.50,1.00
2017.05.09 17:06:25.656,1.3744,1.3745,4.12,1.50
2017.05.09 17:06:26.166,1.37441,1.37451,1.50,1.12
2017.05.09 17:06:26.313,1.37444,1.37451,1.00,1.00
2017.05.09 17:06:27.459,1.37444,1.3745,1.00,1.00
2017.05.09 17:06:27.960,1.37441,1.3745,1.75,1.12
2017.05.09 17:06:28.833,1.3744,1.37447,3.75,2.25
2017.05.09 17:06:28.936,1.37438,1.37446,3.00,1.50
2017.05.09 17:06:29.038,1.37439,1.37444,1.00,1.00
2017.05.09 17:06:29.239,1.37436,1.37444,1.00,1.00
2017.05.09 17:06:30.731,1.37436,1.37445,1.00,3.00
2017.05.09 17:06:35.879,1.37436,1.37443,1.00,1.00
2017.05.09 17:06:36.701,1.37436,1.37444,1.00,1.00
2017.05.09 17:06:38.810,1.37436,1.37445,1.00,1.50
2017.05.09 17:06:40.025,1.37436,1.37445,3.37,1.12
2017.05.09 17:06:40.536,1.37437,1.37444,1.00,1.00
2017.05.09 17:06:45.634,1.37437,1.37446,1.00,2.25
2017.05.09 17:06:49.478,1.37436,1.37446,1.50,2.25
2017.05.09 17:06:49.529,1.37441,1.37447,1.00,3.00
2017.05.09 17:06:49.682,1.37446,1.37453,1.00,2.25
2017.05.09 17:06:49.784,1.37443,1.37447,1.00,1.00
2017.05.09 17:06:50.293,1.3744,1.37447,1.35,1.00
2017.05.09 17:06:50.831,1.37438,1.37447,6.75,1.00
2017.05.09 17:06:51.573,1.37438,1.37448,5.25,1.20
2017.05.09 17:06:51.828,1.37438,1.37448,1.87,2.25
2017.05.09 17:06:55.286,1.37438,1.37447,1.50,1.00
2017.05.09 17:06:58.390,1.3744,1.37449,1.50,2.62
2017.05.09 17:06:58.565,1.37442,1.3745,1.50,3.00
2017.05.09 17:06:58.616,1.37443,1.37452,1.00,4.12
2017.05.09 17:06:58.718,1.37442,1.37452,5.25,1.12
2017.05.09 17:06:59.226,1.37443,1.37452,1.87,1.37
2017.05.09 17:07:05.612,1.37443,1.37452,3.37,1.50
2017.05.09 17:07:05.935,1.37445,1.37453,1.00,1.50
2017.05.09 17:07:08.337,1.37445,1.37454,1.12,1.50
2017.05.09 17:07:09.273,1.37445,1.37454,4.50,1.50
2017.05.09 17:07:14.480,1.37447,1.37454,2.25,1.00
2017.05.09 17:07:16.102,1.37447,1.37455,2.25,1.12
2017.05.09 17:07:16.154,1.37447,1.37456,1.00,2.25
2017.05.09 17:07:16.256,1.3745,1.37458,1.50,3.75
2017.05.09 17:07:16.360,1.3745,1.37459,3.00,1.12
2017.05.09 17:07:16.463,1.37451,1.37459,1.12,1.00
2017.05.09 17:07:17.428,1.3745,1.37457,4.12,1.00
2017.05.09 17:07:17.950,1.3745,1.37457,2.25,1.00
2017.05.09 17:07:18.768,1.37449,1.37457,1.50,1.00
2017.05.09 17:07:19.074,1.37446,1.37454,3.00,1.00
2017.05.09 17:07:19.595,1.37447,1.37454,1.00,1.00
2017.05.09 17:07:29.081,1.37447,1.37455,1.00,1.12
2017.05.09 17:07:29.388,1.3745,1.37459,2.25,2.40
2017.05.09 17:07:29.729,1.37449,1.37455,2.62,1.00
2017.05.09 17:07:29.780,1.37446,1.37455,2.47,1.12
2017.05.09 17:07:30.036,1.37446,1.37455,3.00,1.87
2017.05.09 17:07:30.551,1.37446,1.37455,2.62,1.00
2017.05.09 17:07:31.014,1.37449,1.37455,1.00,1.00
2017.05.09 17:07:34.744,1.37447,1.37455,1.50,1.00
2017.05.09 17:07:35.405,1.37448,1.37455,1.00,1.00
2017.05.09 17:07:36.959,1.37449,1.37456,1.12,1.00
2017.05.09 17:07:37.011,1.3745,1.37458,1.00,1.00
2017.05.09 17:07:37.063,1.37451,1.37459,1.37,3.00
2017.05.09 17:07:37.165,1.37451,1.37461,5.25,2.62
2017.05.09 17:07:37.267,1.37453,1.37457,1.00,1.00
2017.05.09 17:07:37.420,1.37451,1.37458,1.50,1.00
2017.05.09 17:07:37.951,1.37449,1.37457,3.37,3.00
2017.05.09 17:07:38.059,1.37448,1.37455,3.75,1.00
2017.05.09 17:07:38.602,1.37448,1.37456,1.12,1.00
2017.05.09 17:07:40.362,1.37448,1.37457,3.37,1.00
2017.05.09 17:07:40.667,1.37445,1.37454,2.25,1.00
2017.05.09 17:07:41.175,1.37445,1.37453,2.25,1.00
2017.05.09 17:07:44.922,1.37444,1.37452,1.75,1.00
2017.05.09 17:07:45.158,1.37444,1.37454,1.75,2.25
2017.05.09 17:07:47.230,1.37446,1.37455,1.87,1.00
2017.05.09 17:07:47.434,1.37447,1.37456,5.25,1.87
2017.05.09 17:07:47.485,1.37448,1.37457,3.37,1.12
2017.05.09 17:07:47.587,1.37449,1.37459,3.00,2.25
2017.05.09 17:07:48.137,1.37451,1.37459,1.00,1.00
2017.05.09 17:07:48.647,1.3745,1.37458,1.50,1.00
2017.05.09 17:07:49.178,1.3745,1.37458,1.50,1.00
2017.05.09 17:07:49.684,1.3745,1.37459,1.50,1.50
2017.05.09 17:07:54.360,1.37451,1.37459,1.12,2.25
2017.05.09 17:07:54.666,1.37453,1.3746,1.00,1.50
2017.05.09 17:07:54.903,1.37451,1.37459,2.25,1.00
2017.05.09 17:07:55.005,1.37451,1.37458,1.12,1.00
2017.05.09 17:07:55.108,1.37451,1.37458,1.12,1.50
2017.05.09 17:07:55.210,1.37449,1.37456,1.00,1.00
2017.05.09 17:07:55.416,1.37447,1.37456,1.12,1.50
2017.05.09 17:07:55.468,1.37447,1.37454,1.12,1.00
2017.05.09 17:07:55.966,1.37445,1.37454,1.87,1.12
2017.05.09 17:07:56.119,1.37445,1.37454,2.25,2.25
2017.05.09 17:07:56.222,1.37444,1.37453,1.12,3.00
2017.05.09 17:07:56.324,1.37443,1.3745,1.50,1.00
2017.05.09 17:07:56.528,1.37441,1.37449,1.87,1.00
2017.05.09 17:07:57.029,1.37439,1.37447,1.50,1.00
2017.05.09 17:07:57.335,1.37437,1.37444,3.00,1.00
2017.05.09 17:07:58.147,1.37436,1.37445,3.48,1.50
2017.05.09 17:08:00.239,1.37439,1.37446,1.00,1.12
2017.05.09 17:08:00.495,1.37439,1.37448,1.50,1.00
2017.05.09 17:08:00.855,1.37439,1.37446,1.50,1.00
2017.05.09 17:08:01.192,1.37433,1.37441,2.25,1.12
2017.05.09 17:08:01.244,1.37432,1.37441,2.73,1.50
2017.05.09 17:08:01.346,1.37432,1.37438,1.00,1.00
2017.05.09 17:08:01.397,1.37432,1.3744,1.00,1.12
2017.05.09 17:08:01.449,1.3743,1.37438,2.35,1.00
2017.05.09 17:08:01.652,1.3743,1.37441,4.98,2.25
2017.05.09 17:08:02.009,1.37432,1.37442,2.73,1.37
2017.05.09 17:08:02.642,1.37433,1.37442,1.87,2.62
2017.05.09 17:08:05.031,1.37433,1.37443,3.37,3.37
2017.05.09 17:08:05.565,1.37434,1.37443,1.00,2.62
2017.05.09 17:08:06.579,1.37435,1.37443,1.50,1.50
2017.05.09 17:08:08.230,1.37436,1.37444,1.00,2.62
2017.05.09 17:08:09.310,1.37435,1.37444,1.12,2.62
2017.05.09 17:08:09.574,1.37435,1.37445,1.50,1.12
2017.05.09 17:08:10.719,1.37434,1.37444,3.75,1.00
2017.05.09 17:08:10.974,1.37434,1.37444,3.37,1.50
2017.05.09 17:08:11.928,1.37435,1.37444,1.00,1.50
2017.05.09 17:08:12.435,1.37434,1.37444,1.87,1.50
2017.05.09 17:08:13.252,1.37435,1.37444,1.00,1.50
2017.05.09 17:08:13.462,1.37436,1.37445,1.00,1.50
2017.05.09 17:08:15.922,1.37438,1.37445,1.50,1.00
2017.05.09 17:08:16.239,1.3744,1.37448,1.00,1.87
2017.05.09 17:08:17.193,1.37438,1.37448,4.87,1.50
2017.05.09 17:08:29.262,1.37438,1.37447,3.00,1.00
2017.05.09 17:08:29.415,1.37437,1.37446,1.00,1.87
2017.05.09 17:08:29.607,1.37435,1.37444,2.25,1.50
2017.05.09 17:08:31.839,1.37436,1.37444,1.00,1.50
2017.05.09 17:08:32.603,1.37436,1.37444,3.00,1.00
2017.05.09 17:08:33.563,1.37438,1.37445,1.00,1.00
2017.05.09 17:08:33.767,1.37439,1.37449,3.00,4.12
2017.05.09 17:08:34.293,1.37439,1.37448,3.37,1.00
2017.05.09 17:08:34.807,1.37439,1.37449,2.62,1.12
2017.05.09 17:08:40.412,1.37439,1.37448,2.25,2.25
2017.05.09 17:08:40.924,1.3744,1.37449,1.50,1.12
2017.05.09 17:08:41.225,1.3744,1.37448,1.00,1.00
2017.05.09 17:08:41.735,1.37439,1.37448,3.37,1.50
2017.05.09 17:08:42.244,1.3744,1.37448,1.50,1.50
2017.05.09 17:08:42.818,1.37441,1.37448,1.00,1.50
2017.05.09 17:08:44.128,1.37439,1.37448,3.00,1.50
2017.05.09 17:08:45.081,1.37439,1.37447,1.50,1.00
2017.05.09 17:08:45.586,1.37439,1.37448,1.00,1.50
2017.05.09 17:08:45.689,1.37439,1.37445,1.00,1.00
2017.05.09 17:08:45.843,1.37435,1.37446,1.87,3.75
2017.05.09 17:08:48.653,1.37434,1.37444,1.37,3.75
2017.05.09 17:08:59.086,1.37432,1.37442,2.25,1.50
2017.05.09 17:08:59.545,1.37433,1.3744,1.12,1.87
2017.05.09 17:09:00.055,1.37431,1.37439,1.37,1.50
2017.05.09 17:09:00.601,1.3743,1.37438,1.50,1.00
2017.05.09 17:09:01.110,1.3743,1.37437,2.25,1.00
2017.05.09 17:09:03.611,1.3743,1.37438,1.00,2.62
2017.05.09 17:09:05.666,1.37428,1.37436,1.87,1.00
2017.05.09 17:09:08.722,1.37428,1.37436,2.62,1.00
2017.05.09 17:09:09.439,1.37429,1.37438,1.00,1.50
2017.05.09 17:09:09.994,1.37429,1.37437,1.12,1.12
2017.05.09 17:09:14.235,1.3743,1.37439,1.87,1.50
2017.05.09 17:09:14.490,1.37431,1.3744,1.37,1.12
2017.05.09 17:09:14.592,1.3743,1.3744,1.50,1.50
2017.05.09 17:09:15.100,1.3743,1.3744,1.87,1.12
2017.05.09 17:09:19.181,1.3743,1.37439,3.37,1.00
2017.05.09 17:09:19.707,1.3743,1.3744,1.87,1.12
2017.05.09 17:09:20.248,1.37431,1.37439,1.00,1.37
2017.05.09 17:09:36.385,1.37431,1.3744,4.87,1.12
2017.05.09 17:09:36.892,1.37432,1.37441,1.12,1.00
2017.05.09 17:09:37.593,1.37433,1.37441,1.00,1.00
2017.05.09 17:09:37.746,1.37434,1.37441,1.37,1.00
2017.05.09 17:09:38.339,1.37434,1.37442,1.50,1.00
2017.05.09 17:09:38.876,1.37435,1.37442,1.00,1.00
2017.05.09 17:09:40.440,1.37433,1.37442,3.00,1.00
2017.05.09 17:09:40.491,1.37433,1.37443,4.50,2.62
2017.05.09 17:09:40.644,1.37433,1.37442,2.62,1.12
2017.05.09 17:09:40.899,1.37433,1.3744,2.62,1.00
2017.05.09 17:09:42.472,1.37433,1.37442,1.12,1.12
2017.05.09 17:09:44.154,1.37432,1.3744,1.87,1.00
2017.05.09 17:09:49.634,1.37433,1.3744,1.75,1.00
2017.05.09 17:09:53.119,1.37433,1.37442,1.75,1.12
2017.05.09 17:09:53.423,1.37433,1.3744,2.25,1.00
2017.05.09 17:09:53.474,1.37433,1.37443,1.75,2.25
2017.05.09 17:09:54.639,1.37436,1.37444,1.00,3.75
2017.05.09 17:09:54.843,1.37435,1.37446,2.25,1.50
2017.05.09 17:09:57.719,1.37434,1.37443,2.25,1.00
2017.05.09 17:10:01.673,1.37433,1.37443,4.87,1.87
2017.05.09 17:10:02.263,1.37434,1.37444,1.75,2.25
2017.05.09 17:10:05.726,1.37432,1.37443,3.37,3.75
2017.05.09 17:10:05.777,1.37432,1.37443,1.50,7.87
2017.05.09 17:10:05.828,1.37432,1.37439,1.50,1.00
2017.05.09 17:10:06.032,1.37431,1.37438,1.00,1.12
2017.05.09 17:10:08.626,1.37429,1.37438,1.12,1.12
2017.05.09 17:10:09.621,1.37429,1.37438,1.37,1.00
2017.05.09 17:10:12.032,1.37428,1.37438,2.62,1.37
2017.05.09 17:10:12.551,1.37429,1.37438,1.50,1.50
2017.05.09 17:10:13.061,1.37429,1.37437,1.00,1.00
2017.05.09 17:10:15.049,1.3743,1.37437,1.00,1.00
2017.05.09 17:10:15.103,1.37432,1.37437,1.00,1.00
2017.05.09 17:10:15.355,1.37435,1.37442,1.50,1.00
2017.05.09 17:10:16.573,1.37433,1.37442,2.62,1.50
2017.05.09 17:10:16.675,1.37431,1.37442,5.25,1.37
2017.05.09 17:10:18.565,1.37431,1.37441,2.25,1.37
2017.05.09 17:10:20.960,1.37431,1.37441,1.12,1.65
2017.05.09 17:10:31.152,1.37432,1.37441,1.00,1.37
2017.05.09 17:10:31.305,1.37432,1.37441,2.62,1.50
2017.05.09 17:10:33.932,1.37435,1.37443,1.50,3.37
2017.05.09 17:10:33.984,1.37435,1.37443,1.12,1.12
2017.05.09 17:10:34.513,1.37435,1.37443,1.00,1.50
2017.05.09 17:10:35.905,1.37435,1.37443,1.00,1.00
2017.05.09 17:10:36.414,1.37434,1.37443,1.50,3.00
2017.05.09 17:10:38.832,1.37433,1.37442,2.62,1.12
2017.05.09 17:10:39.618,1.37434,1.37442,1.00,1.12
2017.05.09 17:10:40.600,1.37433,1.37442,1.87,1.12
2017.05.09 17:10:41.108,1.37431,1.37442,3.00,4.87
2017.05.09 17:10:42.124,1.37433,1.37442,1.50,3.37
2017.05.09 17:10:42.632,1.37433,1.37442,1.12,1.87
2017.05.09 17:10:43.352,1.37433,1.37442,2.25,1.87
2017.05.09 17:10:45.219,1.37433,1.37442,2.45,1.12
2017.05.09 17:10:46.626,1.37435,1.37443,1.00,1.50
2017.05.09 17:10:47.528,1.37433,1.37442,2.83,1.12
2017.05.09 17:10:49.319,1.37434,1.37443,1.00,2.62
2017.05.09 17:10:49.853,1.37433,1.37443,2.83,3.37
2017.05.09 17:10:51.551,1.37433,1.37442,1.87,1.87
2017.05.09 17:10:51.937,1.37432,1.37441,1.12,3.00
2017.05.09 17:10:52.141,1.37431,1.37441,3.00,3.00
2017.05.09 17:10:52.871,1.37431,1.37437,3.37,1.00
2017.05.09 17:10:53.024,1.37428,1.37436,1.87,1.00
2017.05.09 17:10:53.127,1.37428,1.37436,2.25,1.00
2017.05.09 17:10:56.208,1.37429,1.37436,1.50,1.00
2017.05.09 17:10:56.863,1.37429,1.37438,1.00,2.25
2017.05.09 17:10:58.519,1.37431,1.37439,1.00,4.50
2017.05.09 17:10:58.570,1.37431,1.37439,1.00,2.62
2017.05.09 17:11:03.280,1.37431,1.3744,1.87,1.37
2017.05.09 17:11:03.738,1.37432,1.37442,2.83,4.20
2017.05.09 17:11:04.740,1.37432,1.37442,3.20,2.25
2017.05.09 17:11:07.666,1.37434,1.37442,1.00,1.50
2017.05.09 17:11:08.644,1.37434,1.37442,1.50,1.87
2017.05.09 17:11:09.164,1.37431,1.37441,1.50,3.37
2017.05.09 17:11:12.115,1.37433,1.37442,1.27,1.12
2017.05.09 17:11:12.740,1.37433,1.37443,1.65,2.25
2017.05.09 17:11:13.051,1.37432,1.37441,2.25,1.00
2017.05.09 17:11:13.635,1.37432,1.37441,1.37,2.17
2017.05.09 17:11:19.272,1.37434,1.37441,1.00,1.00
2017.05.09 17:11:19.780,1.37434,1.37442,1.00,1.00
2017.05.09 17:11:20.286,1.37434,1.37443,1.12,1.12
2017.05.09 17:11:20.592,1.37435,1.37444,1.37,1.87
2017.05.09 17:11:29.604,1.37435,1.37444,1.12,1.12
2017.05.09 17:11:30.555,1.37437,1.37445,2.25,1.50
2017.05.09 17:11:30.811,1.37441,1.37449,1.00,1.87
2017.05.09 17:11:31.355,1.37441,1.3745,1.37,1.37
2017.05.09 17:11:33.386,1.37443,1.3745,1.00,1.37
2017.05.09 17:11:33.540,1.37444,1.37453,1.00,3.37
2017.05.09 17:11:34.043,1.37443,1.37451,1.00,1.00
2017.05.09 17:11:35.159,1.37443,1.37452,1.00,2.62
2017.05.09 17:11:35.318,1.37441,1.37451,2.62,1.50
2017.05.09 17:11:35.625,1.37445,1.37453,1.87,1.00
2017.05.09 17:11:36.149,1.37446,1.37453,1.00,1.00
2017.05.09 17:11:36.408,1.37447,1.37456,2.25,1.50
2017.05.09 17:11:37.070,1.37447,1.37457,1.50,4.50
2017.05.09 17:11:37.427,1.37451,1.37456,1.00,1.00
2017.05.09 17:11:37.613,1.37452,1.37459,1.12,1.87
2017.05.09 17:11:38.615,1.37452,1.37458,1.00,1.12
2017.05.09 17:11:38.666,1.37452,1.37456,1.00,1.00
2017.05.09 17:11:38.718,1.3745,1.37456,1.12,1.50
2017.05.09 17:11:39.030,1.37448,1.37454,1.00,1.00
2017.05.09 17:11:39.440,1.37446,1.37454,1.12,1.50
2017.05.09 17:11:49.638,1.37445,1.37454,1.50,3.37
2017.05.09 17:11:52.563,1.37448,1.37456,1.37,1.87
2017.05.09 17:11:53.547,1.37448,1.37455,1.37,1.00
2017.05.09 17:11:54.188,1.37448,1.37456,1.37,1.87
2017.05.09 17:11:56.662,1.37448,1.37455,1.37,1.00
2017.05.09 17:11:57.197,1.37449,1.37456,1.00,1.87
2017.05.09 17:11:58.069,1.37449,1.37456,1.37,1.00
2017.05.09 17:11:58.377,1.3745,1.37459,1.37,1.87
2017.05.09 17:11:58.887,1.37449,1.37459,3.75,1.12
2017.05.09 17:11:59.455,1.3745,1.37458,1.87,1.00
2017.05.09 17:11:59.982,1.37451,1.3746,1.50,1.50
2017.05.09 17:12:00.877,1.37451,1.37461,3.00,4.42
2017.05.09 17:12:00.928,1.37451,1.37458,1.87,1.00
2017.05.09 17:12:01.439,1.37452,1.37459,1.50,1.12
2017.05.09 17:12:01.983,1.37452,1.37459,1.50,1.00
2017.05.09 17:12:02.492,1.37452,1.37459,1.00,1.00
2017.05.09 17:12:02.822,1.37448,1.37456,4.12,1.00
2017.05.09 17:12:02.874,1.37448,1.37456,2.25,1.00
2017.05.09 17:12:03.405,1.3745,1.37458,1.00,1.87
2017.05.09 17:12:03.711,1.37448,1.37456,1.50,1.50
2017.05.09 17:12:04.021,1.37447,1.37454,3.00,1.00
2017.05.09 17:12:04.073,1.37447,1.37454,1.00,1.00
2017.05.09 17:12:05.583,1.37448,1.37454,1.00,1.00
2017.05.09 17:12:06.316,1.37446,1.37454,1.12,1.00
2017.05.09 17:12:07.002,1.37448,1.37454,1.00,1.00
2017.05.09 17:12:07.900,1.37446,1.37454,1.12,1.00
2017.05.09 17:12:08.205,1.37448,1.37454,1.00,1.00
2017.05.09 17:12:08.612,1.37446,1.37454,1.12,1.00
2017.05.09 17:12:08.917,1.37446,1.37454,1.75,1.00
2017.05.09 17:12:09.220,1.37446,1.37453,1.12,1.00
2017.05.09 17:12:09.322,1.37448,1.37455,1.87,2.62
2017.05.09 17:12:09.476,1.37451,1.37459,1.00,2.25
2017.05.09 17:12:09.579,1.3745,1.37459,1.12,6.37
2017.05.09 17:12:09.936,1.37448,1.37455,1.75,1.00
2017.05.09 17:12:10.243,1.37445,1.37453,4.50,1.00
2017.05.09 17:12:15.615,1.37445,1.37453,1.87,1.00
2017.05.09 17:12:16.373,1.37445,1.37454,1.87,1.12
2017.05.09 17:12:19.255,1.37446,1.37453,1.50,1.00
2017.05.09 17:12:25.553,1.37444,1.37453,3.37,3.60
2017.05.09 17:12:25.707,1.37444,1.37453,1.12,2.47
2017.05.09 17:12:26.267,1.37443,1.37453,1.50,3.97
2017.05.09 17:12:26.876,1.37443,1.37453,1.50,2.47
2017.05.09 17:12:27.030,1.37442,1.37453,3.75,4.12
2017.05.09 17:12:27.081,1.37442,1.37453,2.62,2.85
2017.05.09 17:12:27.632,1.37444,1.37453,1.00,2.25
2017.05.09 17:12:28.747,1.37442,1.37453,2.25,2.25
2017.05.09 17:12:29.260,1.37444,1.37454,1.00,5.85
2017.05.09 17:12:29.804,1.37444,1.37454,1.37,5.10
2017.05.09 17:12:35.445,1.37445,1.37454,1.37,1.87
2017.05.09 17:12:36.288,1.37446,1.37455,1.12,1.87
2017.05.09 17:12:36.491,1.37447,1.37457,4.12,3.00
2017.05.09 17:12:36.543,1.37449,1.37457,1.00,1.00
2017.05.09 17:12:37.076,1.3745,1.37458,1.00,1.12
2017.05.09 17:12:38.437,1.37449,1.37459,1.12,4.72
2017.05.09 17:12:38.606,1.37449,1.37459,3.00,3.22
2017.05.09 17:12:39.116,1.37449,1.37458,5.25,1.00
2017.05.09 17:12:39.625,1.37449,1.37458,1.87,1.00
2017.05.09 17:12:47.308,1.3745,1.37455,1.50,1.00
2017.05.09 17:12:47.461,1.37448,1.37456,1.50,1.00
2017.05.09 17:12:48.001,1.37449,1.37457,1.12,1.00
2017.05.09 17:12:48.234,1.37449,1.37457,1.37,1.00
2017.05.09 17:12:48.791,1.37449,1.37458,1.50,2.25
2017.05.09 17:12:49.899,1.37449,1.37456,1.50,1.00
2017.05.09 17:12:50.103,1.37449,1.37458,3.37,2.62
2017.05.09 17:12:50.629,1.37449,1.37458,1.50,1.50
2017.05.09 17:12:54.424,1.37449,1.37455,1.50,1.00
2017.05.09 17:12:54.578,1.37447,1.37455,1.50,1.00
2017.05.09 17:12:55.468,1.37447,1.37455,1.12,1.12
2017.05.09 17:13:02.584,1.37447,1.37455,1.87,1.12
2017.05.09 17:13:03.129,1.37448,1.37455,1.50,1.00
2017.05.09 17:13:03.649,1.37448,1.37458,1.50,3.60
2017.05.09 17:13:03.905,1.37449,1.3746,4.50,2.85
2017.05.09 17:13:04.440,1.3745,1.37459,4.12,3.75
2017.05.09 17:13:07.042,1.3745,1.37458,4.12,1.00
2017.05.09 17:13:07.727,1.3745,1.3746,3.75,1.12
2017.05.09 17:13:08.235,1.37451,1.37459,1.75,1.00
2017.05.09 17:13:09.163,1.3745,1.3746,4.12,1.87
2017.05.09 17:13:09.823,1.3745,1.37459,4.50,1.00
2017.05.09 17:13:12.797,1.3745,1.37459,1.87,1.37
2017.05.09 17:13:13.527,1.3745,1.37459,1.50,1.37
2017.05.09 17:13:14.709,1.3745,1.37459,1.75,1.00
2017.05.09 17:13:14.887,1.37451,1.37461,7.12,3.00
2017.05.09 17:13:15.409,1.37453,1.37461,1.00,2.25
2017.05.09 17:13:15.927,1.37451,1.37461,2.62,1.87
2017.05.09 17:13:16.284,1.37453,1.37459,1.00,1.00
2017.05.09 17:13:16.832,1.37453,1.37461,1.12,1.00
2017.05.09 17:13:16.986,1.37452,1.3746,3.00,1.00
2017.05.09 17:13:17.191,1.37451,1.37459,3.75,1.00
2017.05.09 17:13:17.501,1.37452,1.37461,1.50,1.50
2017.05.09 17:13:17.604,1.37452,1.37459,1.50,1.00
2017.05.09 17:13:18.154,1.37451,1.3746,3.00,1.12
2017.05.09 17:13:18.459,1.37453,1.37458,1.12,1.00
2017.05.09 17:13:18.510,1.37451,1.3746,3.37,1.00
2017.05.09 17:13:19.601,1.3745,1.37458,5.25,1.00
2017.05.09 17:13:21.884,1.3745,1.37458,1.87,1.00
2017.05.09 17:13:22.389,1.3745,1.37458,1.87,1.00
2017.05.09 17:13:26.174,1.3745,1.37457,1.87,1.00
2017.05.09 17:13:26.715,1.3745,1.37457,1.87,1.00
2017.05.09 17:13:27.245,1.3745,1.37458,4.50,1.00
2017.05.09 17:13:30.675,1.3745,1.3746,3.75,1.00
2017.05.09 17:13:31.255,1.37454,1.37462,1.37,3.37
2017.05.09 17:13:31.307,1.37454,1.37464,3.00,3.75
2017.05.09 17:13:31.460,1.37456,1.37464,1.50,1.00
2017.05.09 17:13:31.817,1.37455,1.37461,1.12,1.50
2017.05.09 17:13:32.124,1.37453,1.3746,1.00,1.00
2017.05.09 17:13:35.673,1.37453,1.37461,1.00,1.00
2017.05.09 17:13:35.725,1.37453,1.37459,1.50,1.00
2017.05.09 17:13:36.254,1.37453,1.3746,1.12,1.00
2017.05.09 17:13:37.001,1.37452,1.37461,2.25,1.00
2017.05.09 17:13:39.313,1.37454,1.37461,1.00,1.00
2017.05.09 17:13:39.820,1.37454,1.37462,1.00,1.87
2017.05.09 17:13:40.169,1.37453,1.37461,2.62,1.00
2017.05.09 17:13:40.627,1.37454,1.37461,1.00,1.12
2017.05.09 17:13:43.903,1.37451,1.37461,4.12,6.52
2017.05.09 17:13:43.954,1.3745,1.37457,2.62,1.50
2017.05.09 17:13:44.057,1.37449,1.37456,1.50,1.00
2017.05.09 17:13:44.599,1.37449,1.37456,1.00,1.50
2017.05.09 17:13:45.669,1.37449,1.37457,1.00,1.50
2017.05.09 17:13:45.721,1.37449,1.37455,1.00,1.50
2017.05.09 17:13:46.239,1.37447,1.37455,1.37,1.50
2017.05.09 17:13:46.807,1.37447,1.37455,1.37,1.12
2017.05.09 17:13:47.323,1.37447,1.37455,1.37,2.25
2017.05.09 17:13:48.815,1.37447,1.37455,1.37,2.62
2017.05.09 17:13:49.705,1.37447,1.37454,1.37,1.00
2017.05.09 17:13:50.298,1.37447,1.37455,1.37,2.62
2017.05.09 17:13:50.983,1.37448,1.37457,3.00,4.12
2017.05.09 17:13:51.175,1.37449,1.37459,5.25,1.50
2017.05.09 17:13:51.227,1.37453,1.3746,1.00,1.00
2017.05.09 17:13:51.431,1.37453,1.37462,1.12,1.87
2017.05.09 17:13:52.007,1.37454,1.37462,1.00,2.62
2017.05.09 17:13:52.394,1.37456,1.37463,1.50,1.87
2017.05.09 17:13:52.700,1.3746,1.37468,1.12,3.00
2017.05.09 17:13:54.730,1.3746,1.37465,1.00,1.00
2017.05.09 17:13:55.066,1.37455,1.37463,3.37,1.12
2017.05.09 17:13:55.118,1.37455,1.37463,1.12,1.12
2017.05.09 17:13:55.647,1.37454,1.37463,1.50,1.12
2017.05.09 17:13:56.185,1.37454,1.37462,1.50,1.00
2017.05.09 17:13:56.922,1.37454,1.37461,1.00,1.00
2017.05.09 17:13:57.859,1.37455,1.37463,1.87,1.87
2017.05.09 17:13:58.014,1.37455,1.37464,1.37,1.00
2017.05.09 17:13:58.321,1.37459,1.37467,1.50,1.87
2017.05.09 17:13:59.962,1.37459,1.37467,1.37,3.00
2017.05.09 17:14:00.269,1.37458,1.37466,1.00,3.37
2017.05.09 17:14:00.595,1.37459,1.37467,1.12,3.75
2017.05.09 17:14:01.103,1.37459,1.37467,1.00,5.62
2017.05.09 17:14:01.307,1.37456,1.37463,1.87,1.00
2017.05.09 17:14:01.811,1.37454,1.37463,1.87,1.12
2017.05.09 17:14:04.984,1.37454,1.37463,3.00,4.87
2017.05.09 17:14:09.593,1.37454,1.37463,4.50,2.25
2017.05.09 17:14:16.528,1.37455,1.37463,1.00,1.00
2017.05.09 17:14:16.681,1.37458,1.37463,3.00,1.00
2017.05.09 17:14:16.784,1.37459,1.37467,1.50,3.37
2017.05.09 17:14:17.090,1.37459,1.37467,1.00,1.50
2017.05.09 17:14:18.531,1.37458,1.37469,7.12,2.25
2017.05.09 17:14:18.688,1.37459,1.3747,2.25,4.87
2017.05.09 17:14:19.009,1.37457,1.37464,1.50,1.00
2017.05.09 17:14:19.558,1.37457,1.37466,1.00,1.50
2017.05.09 17:14:20.078,1.37457,1.37466,2.62,1.00
2017.05.09 17:14:20.384,1.37459,1.37463,1.00,1.00
2017.05.09 17:14:20.435,1.37458,1.37466,1.00,1.37
2017.05.09 17:14:20.587,1.37458,1.37465,1.50,2.25
2017.05.09 17:14:20.638,1.37458,1.37467,2.62,1.12
2017.05.09 17:14:20.741,1.3746,1.37467,1.00,1.50
2017.05.09 17:14:20.947,1.37458,1.37466,2.25,1.50
2017.05.09 17:14:21.642,1.37458,1.37465,1.00,1.12
2017.05.09 17:14:21.806,1.37458,1.37465,2.62,2.62
2017.05.09 17:14:21.858,1.37456,1.37463,2.62,1.00
2017.05.09 17:14:21.910,1.37454,1.37463,2.62,1.50
2017.05.09 17:14:22.063,1.37453,1.37463,2.25,1.12
2017.05.09 17:14:29.541,1.37453,1.37463,3.00,1.00
2017.05.09 17:14:30.376,1.37453,1.37462,2.25,1.00
2017.05.09 17:14:30.515,1.37452,1.37456,2.62,1.00
2017.05.09 17:14:30.568,1.3745,1.37456,1.87,1.00
2017.05.09 17:14:30.670,1.37449,1.37456,1.12,1.00
2017.05.09 17:14:31.190,1.37447,1.37456,4.12,1.00
2017.05.09 17:14:32.532,1.37447,1.37456,1.87,3.37
2017.05.09 17:14:32.634,1.37447,1.37456,1.87,3.00
2017.05.09 17:14:32.686,1.37447,1.37454,1.87,1.00
2017.05.09 17:14:33.196,1.37445,1.37454,1.37,1.50
2017.05.09 17:14:34.892,1.37444,1.37452,3.37,1.00
2017.05.09 17:14:34.944,1.37444,1.37452,3.00,1.00
2017.05.09 17:14:35.486,1.37444,1.37454,5.25,3.00
2017.05.09 17:14:38.649,1.37444,1.37454,3.37,1.87
2017.05.09 17:14:41.786,1.37449,1.37456,1.00,3.37
2017.05.09 17:14:41.889,1.37449,1.37458,1.87,3.37
2017.05.09 17:14:42.118,1.37452,1.3746,1.00,3.37
2017.05.09 17:14:42.639,1.37453,1.37461,1.50,3.37
2017.05.09 17:14:48.266,1.37453,1.37462,1.87,4.12
2017.05.09 17:14:48.369,1.37454,1.37463,1.00,2.25
2017.05.09 17:14:49.587,1.37454,1.37463,1.87,1.50
2017.05.09 17:14:56.189,1.37456,1.37464,1.00,2.62
2017.05.09 17:14:56.797,1.37456,1.37463,1.37,1.00
2017.05.09 17:14:56.901,1.37455,1.37463,1.50,1.37
2017.05.09 17:14:59.722,1.37457,1.37465,1.00,3.37
2017.05.09 17:14:59.776,1.37457,1.37465,1.50,1.50
2017.05.09 17:14:59.931,1.37457,1.37464,1.50,1.12
2017.05.09 17:15:00.092,1.37454,1.37463,3.75,1.87
2017.05.09 17:15:00.605,1.37454,1.37463,1.50,1.12
2017.05.09 17:15:00.708,1.37453,1.37463,6.37,1.37
2017.05.09 17:15:01.216,1.37453,1.37464,4.12,4.12
2017.05.09 17:15:01.833,1.37453,1.37462,3.00,1.00
2017.05.09 17:15:02.445,1.37454,1.37461,1.00,1.00
2017.05.09 17:15:03.019,1.37453,1.37461,1.50,1.12
2017.05.09 17:15:04.276,1.37453,1.3746,1.00,2.25
2017.05.09 17:15:04.403,1.37451,1.3746,1.87,1.87
2017.05.09 17:15:04.455,1.37451,1.37458,1.87,1.00
2017.05.09 17:15:06.047,1.37451,1.3746,2.62,1.12
2017.05.09 17:15:06.556,1.37452,1.3746,1.50,1.12
2017.05.09 17:15:07.066,1.37453,1.3746,1.00,1.00
2017.05.09 17:15:07.589,1.37453,1.37459,1.00,1.00
2017.05.09 17:15:08.146,1.37453,1.37461,1.00,1.00
2017.05.09 17:15:08.248,1.37452,1.37461,1.12,3.37
2017.05.09 17:15:08.706,1.37449,1.37459,2.62,3.37
2017.05.09 17:15:09.250,1.37449,1.37458,2.62,1.00
2017.05.09 17:15:09.770,1.37449,1.37459,2.62,3.37
2017.05.09 17:15:11.206,1.3745,1.37459,1.00,3.00
2017.05.09 17:15:11.799,1.3745,1.37459,1.12,3.00
2017.05.09 17:15:12.308,1.37449,1.37459,2.62,2.25
2017.05.09 17:15:12.817,1.3745,1.37459,1.00,3.00
2017.05.09 17:15:13.996,1.3745,1.37458,1.00,1.00
2017.05.09 17:15:14.149,1.37449,1.37458,10.12,1.00
2017.05.09 17:15:14.658,1.37449,1.37458,6.75,1.00
2017.05.09 17:15:24.146,1.3745,1.3746,2.25,2.62
2017.05.09 17:15:24.451,1.3745,1.37456,1.50,1.00
2017.05.09 17:15:24.680,1.37445,1.37453,1.75,1.00
2017.05.09 17:15:25.200,1.37444,1.37453,2.25,1.12
2017.05.09 17:15:25.711,1.37444,1.37452,1.50,1.00
2017.05.09 17:15:28.313,1.37444,1.37454,1.50,1.87
2017.05.09 17:15:29.830,1.37443,1.37452,4.87,1.00
2017.05.09 17:15:29.882,1.37444,1.37452,1.50,1.00
2017.05.09 17:15:30.391,1.37443,1.37452,1.12,1.12
2017.05.09 17:15:30.748,1.37443,1.3745,1.12,1.00
2017.05.09 17:15:34.481,1.37441,1.37451,1.87,1.50
2017.05.09 17:15:34.985,1.37441,1.37451,1.37,3.37
2017.05.09 17:15:35.487,1.37441,1.3745,1.37,1.00
2017.05.09 17:15:37.338,1.37441,1.37449,1.37,1.00
2017.05.09 17:15:37.643,1.37441,1.37447,1.50,1.00
2017.05.09 17:15:37.899,1.37438,1.37445,1.37,1.12
2017.05.09 17:15:38.410,1.37436,1.37444,1.87,1.00
2017.05.09 17:15:39.011,1.37435,1.37443,4.12,1.00
2017.05.09 17:15:42.149,1.37437,1.37443,1.00,1.12
2017.05.09 17:15:42.252,1.37438,1.37445,1.12,1.12
2017.05.09 17:15:42.791,1.37439,1.37446,1.00,1.00
2017.05.09 17:15:44.140,1.37439,1.37445,1.00,1.00
2017.05.09 17:15:46.238,1.37439,1.37443,1.00,1.00
2017.05.09 17:15:46.391,1.37439,1.37445,1.00,1.00
2017.05.09 17:15:46.933,1.37438,1.37445,1.50,1.00
2017.05.09 17:15:47.992,1.37438,1.37446,2.25,1.12
2017.05.09 17:15:48.044,1.37438,1.37444,1.50,1.00
2017.05.09 17:15:48.641,1.37437,1.37443,1.00,1.00
2017.05.09 17:15:49.273,1.37435,1.37443,1.50,1.00
2017.05.09 17:15:49.324,1.37435,1.37441,1.50,1.00
2017.05.09 17:15:49.631,1.37435,1.37441,1.75,1.00
2017.05.09 17:15:51.375,1.37436,1.3744,1.00,1.00
2017.05.09 17:15:51.478,1.37435,1.3744,1.12,1.00
2017.05.09 17:15:51.664,1.37435,1.37442,1.12,2.25
2017.05.09 17:15:55.283,1.37435,1.37441,1.12,1.00
2017.05.09 17:15:55.825,1.37434,1.37441,1.87,1.87
2017.05.09 17:16:00.035,1.37433,1.3744,1.50,1.00
2017.05.09 17:16:00.540,1.37433,1.37439,1.00,1.00
2017.05.09 17:16:01.166,1.37433,1.37441,1.00,1.50
2017.05.09 17:16:02.859,1.37434,1.37441,1.00,1.50
2017.05.09 17:16:04.259,1.37434,1.37441,1.87,1.12
2017.05.09 17:16:07.769,1.37435,1.3744,1.12,1.00
2017.05.09 17:16:07.973,1.37435,1.37442,1.12,1.87
2017.05.09 17:16:10.128,1.37435,1.37441,1.00,1.00
2017.05.09 17:16:20.661,1.37433,1.37441,3.20,1.00
2017.05.09 17:16:21.522,1.37433,1.37441,5.45,1.00
2017.05.09 17:16:23.898,1.37433,1.37442,6.95,1.50
2017.05.09 17:16:29.523,1.37433,1.37442,2.45,2.25
2017.05.09 17:16:29.625,1.37433,1.3744,3.20,1.00
2017.05.09 17:16:33.147,1.37433,1.37441,3.20,1.00
2017.05.09 17:16:33.934,1.37433,1.3744,2.45,1.00
2017.05.09 17:16:35.294,1.37433,1.37441,3.20,1.00
2017.05.09 17:16:35.600,1.3744,1.37446,2.25,1.12
2017.05.09 17:16:35.711,1.37439,1.37448,1.37,1.37
2017.05.09 17:16:36.090,1.3744,1.37445,1.50,1.00
2017.05.09 17:16:36.243,1.37437,1.37444,2.62,1.00
2017.05.09 17:16:36.867,1.37437,1.37445,3.00,1.00
2017.05.09 17:16:37.122,1.37437,1.37443,1.00,1.00
2017.05.09 17:16:37.455,1.37434,1.37442,2.83,1.00
2017.05.09 17:16:39.480,1.37434,1.37443,1.87,1.12
2017.05.09 17:16:39.837,1.37435,1.37443,1.37,1.12
2017.05.09 17:16:40.156,1.37437,1.37445,3.37,1.87
2017.05.09 17:16:40.311,1.37438,1.37448,2.25,4.12
2017.05.09 17:16:41.938,1.37438,1.37446,1.50,1.00
2017.05.09 17:16:42.243,1.37436,1.37445,1.37,1.37
2017.05.09 17:16:43.638,1.37435,1.37443,1.50,1.00
2017.05.09 17:16:44.047,1.37434,1.37443,1.50,1.50
2017.05.09 17:16:44.844,1.37434,1.37442,2.25,1.00
2017.05.09 17:16:45.474,1.37434,1.37443,2.25,1.12
2017.05.09 17:16:46.312,1.37434,1.37442,1.50,1.00
2017.05.09 17:16:46.823,1.37435,1.37443,1.00,1.00
2017.05.09 17:16:47.353,1.37434,1.37443,1.50,1.50
2017.05.09 17:16:50.359,1.37435,1.37443,1.00,1.00
2017.05.09 17:16:50.919,1.37437,1.37443,1.50,1.00
2017.05.09 17:16:51.072,1.37438,1.37448,1.87,1.87
2017.05.09 17:16:52.076,1.37439,1.37445,1.50,1.00
2017.05.09 17:16:52.603,1.37436,1.37446,4.50,1.87
2017.05.09 17:16:54.200,1.37439,1.37449,2.62,1.87
2017.05.09 17:16:56.347,1.37441,1.37451,1.37,5.92
2017.05.09 17:16:56.399,1.37442,1.37451,1.00,3.15
2017.05.09 17:16:57.265,1.37442,1.37451,1.87,2.25
2017.05.09 17:16:57.804,1.37442,1.37451,1.87,2.25
2017.05.09 17:16:59.783,1.37442,1.3745,2.25,1.00
2017.05.09 17:17:00.291,1.37442,1.37451,2.25,1.50
2017.05.09 17:17:00.496,1.37442,1.37451,5.25,1.00
2017.05.09 17:17:00.599,1.37442,1.37452,2.25,4.87
2017.05.09 17:17:01.555,1.37443,1.37452,1.50,3.37
2017.05.09 17:17:01.606,1.37444,1.37452,1.00,1.12
2017.05.09 17:17:02.165,1.37443,1.37452,1.37,1.50
2017.05.09 17:17:02.674,1.37443,1.37452,1.50,2.25
2017.05.09 17:17:02.915,1.37443,1.37451,1.00,1.00
2017.05.09 17:17:03.424,1.37444,1.37453,1.12,4.87
2017.05.09 17:17:03.996,1.37443,1.37451,1.12,1.37
2017.05.09 17:17:04.205,1.37443,1.37453,1.50,3.71
2017.05.09 17:17:04.307,1.37443,1.37452,1.12,3.00
2017.05.09 17:17:04.652,1.37443,1.37452,1.50,1.12
2017.05.09 17:17:05.009,1.37443,1.37453,1.00,4.87
2017.05.09 17:17:05.315,1.37443,1.37452,1.87,1.12
2017.05.09 17:17:05.824,1.37443,1.37451,1.00,1.12
2017.05.09 17:17:05.926,1.37444,1.37453,1.00,4.50
2017.05.09 17:17:06.446,1.37444,1.37452,1.00,1.00
2017.05.09 17:17:06.802,1.37442,1.37453,1.50,5.08
2017.05.09 17:17:06.904,1.37442,1.37452,4.50,1.12
2017.05.09 17:17:07.312,1.37442,1.37453,1.50,5.08
2017.05.09 17:17:07.363,1.37442,1.37453,1.87,5.08
2017.05.09 17:17:07.516,1.37442,1.37451,1.87,1.00
2017.05.09 17:17:07.618,1.37443,1.37453,1.37,1.87
2017.05.09 17:17:07.924,1.37444,1.37454,1.87,1.87
2017.05.09 17:17:08.435,1.37446,1.37454,1.37,1.12
2017.05.09 17:17:08.944,1.37445,1.37454,3.75,1.50
2017.05.09 17:17:08.996,1.37445,1.37453,1.12,1.00
2017.05.09 17:17:09.590,1.37444,1.37453,3.75,1.00
2017.05.09 17:17:10.744,1.37444,1.37454,3.37,5.83
2017.05.09 17:17:10.928,1.37444,1.37453,1.00,2.45
2017.05.09 17:17:12.697,1.37443,1.37453,3.37,1.70
2017.05.09 17:17:12.952,1.37446,1.37454,1.00,1.00
2017.05.09 17:17:13.980,1.37446,1.37453,1.00,1.00
2017.05.09 17:17:14.475,1.37444,1.37453,1.00,4.33
2017.05.09 17:17:15.154,1.37444,1.37452,1.00,1.00
2017.05.09 17:17:15.670,1.37441,1.37449,3.37,1.00
2017.05.09 17:17:16.220,1.37443,1.37449,1.00,1.50
2017.05.09 17:17:16.627,1.37441,1.37446,1.00,1.00
2017.05.09 17:17:16.678,1.37441,1.37448,1.00,1.50
2017.05.09 17:17:17.086,1.37438,1.37446,3.00,1.00
2017.05.09 17:17:17.920,1.37438,1.37447,3.00,2.25
2017.05.09 17:17:18.464,1.37438,1.37447,2.62,4.95
2017.05.09 17:17:18.770,1.37439,1.37445,1.00,1.75
2017.05.09 17:17:19.275,1.37439,1.37445,1.00,1.50
2017.05.09 17:17:19.790,1.37435,1.37445,4.50,1.87
2017.05.09 17:17:21.322,1.37435,1.37444,4.50,1.00
2017.05.09 17:17:23.639,1.37436,1.37445,1.50,2.62
2017.05.09 17:17:23.748,1.37437,1.37445,3.00,1.00
2017.05.09 17:17:23.799,1.37438,1.37448,1.87,2.08
2017.05.09 17:17:23.851,1.37439,1.37448,2.62,1.27
2017.05.09 17:17:29.453,1.3744,1.37449,1.12,1.12
2017.05.09 17:17:29.963,1.37441,1.37449,1.75,1.00
2017.05.09 17:17:30.552,1.37444,1.3745,1.50,1.00
2017.05.09 17:17:30.604,1.37445,1.37454,1.12,2.08
2017.05.09 17:17:30.757,1.37445,1.37454,3.37,1.00
2017.05.09 17:17:31.840,1.37446,1.37454,2.62,2.25
2017.05.09 17:17:31.950,1.37447,1.37453,1.00,1.50
2017.05.09 17:17:32.756,1.37444,1.37452,2.62,1.00
2017.05.09 17:17:33.303,1.37443,1.37452,3.75,1.00
2017.05.09 17:17:34.623,1.37443,1.37451,2.62,1.00
2017.05.09 17:17:35.936,1.37443,1.37452,2.62,2.25
2017.05.09 17:17:35.987,1.37443,1.3745,2.62,1.00
2017.05.09 17:17:37.496,1.37443,1.37451,2.62,1.00
2017.05.09 17:17:38.077,1.37443,1.3745,2.62,1.00
2017.05.09 17:17:38.612,1.37443,1.37451,2.62,1.00
2017.05.09 17:17:39.516,1.37443,1.3745,2.62,1.00
2017.05.09 17:17:41.716,1.37443,1.37449,2.62,1.00
2017.05.09 17:17:42.259,1.37443,1.3745,2.62,1.00
2017.05.09 17:17:42.768,1.37443,1.37451,2.62,1.80
2017.05.09 17:17:48.662,1.37444,1.37448,1.00,1.00
2017.05.09 17:17:48.815,1.37444,1.37449,1.00,1.00
2017.05.09 17:17:49.328,1.37443,1.37449,1.00,1.00
2017.05.09 17:17:49.786,1.37443,1.37447,1.00,1.00
2017.05.09 17:17:50.195,1.37438,1.37445,2.62,1.00
2017.05.09 17:17:50.861,1.37438,1.37444,2.62,1.00
2017.05.09 17:17:51.021,1.37438,1.37446,2.62,2.25
2017.05.09 17:17:51.124,1.37439,1.37446,1.00,1.00
2017.05.09 17:17:51.278,1.37438,1.37446,3.00,1.00
2017.05.09 17:17:51.839,1.37438,1.37446,1.12,1.50
2017.05.09 17:17:52.104,1.37437,1.37448,3.37,3.37
2017.05.09 17:17:52.157,1.37437,1.37446,4.12,1.00
2017.05.09 17:17:52.470,1.37439,1.37446,2.62,1.00
2017.05.09 17:17:52.981,1.37439,1.37447,2.62,1.42
2017.05.09 17:17:53.575,1.37439,1.37446,2.62,1.00
2017.05.09 17:17:54.161,1.37439,1.37447,2.62,1.12
2017.05.09 17:17:55.154,1.37439,1.37446,2.62,1.00
2017.05.09 17:17:55.256,1.37437,1.37446,4.50,1.00
2017.05.09 17:17:55.760,1.37436,1.37445,4.50,1.00
2017.05.09 17:17:56.618,1.37437,1.37445,1.00,2.25
2017.05.09 17:17:58.413,1.37435,1.37443,2.62,1.00
2017.05.09 17:17:59.641,1.37436,1.37443,1.00,1.00
2017.05.09 17:18:01.798,1.37435,1.37443,1.00,1.00
2017.05.09 17:18:07.285,1.37435,1.37444,1.00,3.00
2017.05.09 17:18:07.835,1.37435,1.37443,1.00,1.00
2017.05.09 17:18:08.543,1.37435,1.37444,1.00,1.50
2017.05.09 17:18:09.560,1.37434,1.37444,3.75,1.50
2017.05.09 17:18:10.111,1.37434,1.37443,3.75,1.00
2017.05.09 17:18:11.040,1.37434,1.37444,3.75,1.12
2017.05.09 17:18:11.376,1.37436,1.37444,2.62,1.00
2017.05.09 17:18:11.428,1.37437,1.37446,2.05,1.87
2017.05.09 17:18:11.530,1.37439,1.37449,3.00,1.12
2017.05.09 17:18:11.837,1.37442,1.37451,2.62,2.25
2017.05.09 17:18:12.550,1.37443,1.37451,2.62,1.00
2017.05.09 17:18:13.119,1.37442,1.3745,2.62,1.00
2017.05.09 17:18:15.174,1.37441,1.3745,3.00,1.00
2017.05.09 17:18:15.679,1.37443,1.3745,1.00,1.00
2017.05.09 17:18:19.084,1.37439,1.3745,4.72,1.50
2017.05.09 17:18:20.933,1.37441,1.37449,1.50,1.00
2017.05.09 17:18:21.238,1.37441,1.37449,2.62,1.00
2017.05.09 17:18:29.562,1.37442,1.37449,1.00,1.00
2017.05.09 17:18:30.248,1.37442,1.3745,1.00,4.50
2017.05.09 17:18:32.702,1.37442,1.37449,1.00,1.00
2017.05.09 17:18:36.206,1.37439,1.37449,2.25,1.00
2017.05.09 17:18:36.717,1.37442,1.37449,1.00,1.00
2017.05.09 17:18:37.531,1.37442,1.3745,1.00,4.50
2017.05.09 17:18:39.669,1.37442,1.37446,1.00,1.00
2017.05.09 17:18:40.077,1.37436,1.37445,4.12,1.00
2017.05.09 17:18:40.792,1.37436,1.37444,2.62,1.00
2017.05.09 17:18:41.384,1.37435,1.37444,2.25,1.00
2017.05.09 17:18:41.895,1.37434,1.37442,3.37,1.00
2017.05.09 17:18:41.997,1.37434,1.37444,3.37,3.00
2017.05.09 17:18:42.150,1.37434,1.37442,2.62,1.00
2017.05.09 17:18:42.759,1.37436,1.37442,1.00,1.50
2017.05.09 17:18:47.621,1.37433,1.37442,2.25,1.50
2017.05.09 17:18:48.459,1.37433,1.37443,2.25,1.87
2017.05.09 17:18:48.662,1.37435,1.37444,2.62,1.87
2017.05.09 17:18:51.722,1.37435,1.37445,3.97,1.12
2017.05.09 17:18:52.070,1.3744,1.37447,1.00,1.50
2017.05.09 17:18:52.860,1.3744,1.37448,1.00,3.00
2017.05.09 17:18:54.956,1.3744,1.37447,1.00,1.00
2017.05.09 17:18:55.477,1.37437,1.37446,2.10,1.00
2017.05.09 17:18:56.484,1.37437,1.37447,2.10,1.87
2017.05.09 17:19:01.400,1.37437,1.37448,2.47,5.25
2017.05.09 17:19:02.374,1.37437,1.37447,2.47,1.00
2017.05.09 17:19:04.242,1.37439,1.37448,1.30,1.50
2017.05.09 17:19:04.552,1.37441,1.37451,4.72,1.00
2017.05.09 17:19:04.916,1.37443,1.37449,1.00,1.00
2017.05.09 17:19:05.547,1.37443,1.3745,1.00,1.00
2017.05.09 17:19:06.132,1.37443,1.37449,1.00,1.00
2017.05.09 17:19:07.210,1.37443,1.3745,1.00,1.00
2017.05.09 17:19:07.414,1.37443,1.37452,1.50,1.50
2017.05.09 17:19:07.466,1.37443,1.37452,3.75,2.62
2017.05.09 17:19:07.798,1.37445,1.37453,1.37,1.12
2017.05.09 17:19:08.106,1.37447,1.37456,1.50,3.00
2017.05.09 17:19:08.157,1.37448,1.37456,1.35,1.00
2017.05.09 17:19:08.259,1.37448,1.37457,1.75,1.12
2017.05.09 17:19:08.566,1.37449,1.37454,1.00,1.00
2017.05.09 17:19:09.112,1.37445,1.37454,3.97,1.00
2017.05.09 17:19:10.038,1.37445,1.37454,1.00,2.25
2017.05.09 17:19:10.243,1.37445,1.37452,1.00,1.00
2017.05.09 17:19:10.775,1.37443,1.37452,3.97,1.00
2017.05.09 17:19:13.099,1.37443,1.3745,3.97,1.00
2017.05.09 17:19:13.201,1.37443,1.37452,3.37,1.00
2017.05.09 17:19:13.774,1.37442,1.37451,4.50,1.00
2017.05.09 17:19:13.927,1.37442,1.37449,3.37,1.00
2017.05.09 17:19:14.324,1.37442,1.37447,2.25,1.00
2017.05.09 17:19:14.375,1.3744,1.37448,2.62,1.00
2017.05.09 17:19:14.884,1.3744,1.37446,2.62,1.00
2017.05.09 17:19:15.593,1.37438,1.37446,2.62,1.00
2017.05.09 17:19:16.130,1.37438,1.37445,2.62,1.50
2017.05.09 17:19:16.283,1.37436,1.37445,1.87,1.50
2017.05.09 17:19:16.791,1.37435,1.37444,1.87,1.00
2017.05.09 17:19:23.340,1.37437,1.37446,1.12,2.62
2017.05.09 17:19:23.391,1.37437,1.37446,3.60,3.37
2017.05.09 17:19:23.493,1.37439,1.37447,1.00,1.12
2017.05.09 17:19:23.545,1.37439,1.37447,1.37,1.12
2017.05.09 17:19:23.851,1.37441,1.37449,1.00,4.50
2017.05.09 17:19:24.365,1.37442,1.37448,1.00,1.00
2017.05.09 17:19:25.033,1.37442,1.37447,1.00,1.00
2017.05.09 17:19:27.098,1.37442,1.37448,1.00,1.00
2017.05.09 17:19:27.149,1.3744,1.3745,1.12,2.62
2017.05.09 17:19:27.302,1.3744,1.37447,2.05,1.00
2017.05.09 17:19:27.860,1.37439,1.37447,1.35,1.00
2017.05.09 17:19:28.581,1.37439,1.37448,1.67,1.87
2017.05.09 17:19:30.014,1.37438,1.37446,4.50,1.00
2017.05.09 17:19:30.122,1.37438,1.37448,4.50,1.87
2017.05.09 17:19:30.780,1.37438,1.37446,5.10,1.00
2017.05.09 17:19:31.089,1.37439,1.37448,1.67,3.37
2017.05.09 17:19:31.345,1.37442,1.3745,1.00,3.37
2017.05.09 17:19:31.512,1.37442,1.37448,1.37,1.00
2017.05.09 17:19:32.021,1.37439,1.37448,3.37,1.00
2017.05.09 17:19:32.277,1.37443,1.37451,2.10,2.25
2017.05.09 17:19:32.382,1.37444,1.37453,1.50,1.50
2017.05.09 17:19:32.891,1.37444,1.37454,2.10,1.12
2017.05.09 17:19:33.213,1.37443,1.37452,2.62,1.50
2017.05.09 17:19:33.562,1.37441,1.3745,4.50,1.00
2017.05.09 17:19:34.072,1.3744,1.37449,3.37,1.50
2017.05.09 17:19:35.206,1.37442,1.37449,1.00,1.00
2017.05.09 17:19:35.716,1.3744,1.3745,3.97,1.12
2017.05.09 17:19:36.693,1.37441,1.37451,4.50,1.50
2017.05.09 17:19:37.471,1.37441,1.37448,2.62,1.00
2017.05.09 17:19:37.988,1.37443,1.37448,1.00,1.00
2017.05.09 17:19:39.027,1.37439,1.37446,2.62,1.00
2017.05.09 17:19:39.231,1.37437,1.37446,3.00,1.50
2017.05.09 17:19:40.008,1.37437,1.37445,3.00,1.00
2017.05.09 17:19:40.110,1.37435,1.37445,4.12,1.00
2017.05.09 17:19:40.639,1.37435,1.37444,3.37,1.00
2017.05.09 17:19:43.659,1.37436,1.37446,4.50,3.37
2017.05.09 17:19:44.167,1.37436,1.37446,6.37,1.12
2017.05.09 17:19:44.680,1.37437,1.37446,2.62,2.25
2017.05.09 17:19:45.353,1.37437,1.37445,2.62,1.00
2017.05.09 17:19:47.747,1.37435,1.37445,3.97,1.12
2017.05.09 17:19:49.634,1.37436,1.37445,3.37,1.50
2017.05.09 17:19:53.129,1.37437,1.37446,1.87,1.12
2017.05.09 17:19:53.232,1.37437,1.37446,1.87,1.12
2017.05.09 17:19:53.336,1.37438,1.37448,1.87,3.00
2017.05.09 17:19:53.645,1.37443,1.37452,2.25,2.62
2017.05.09 17:19:53.952,1.37445,1.37453,1.50,1.00
2017.05.09 17:19:54.500,1.37445,1.37454,1.50,1.12
2017.05.09 17:19:55.714,1.37446,1.37455,1.72,2.25
2017.05.09 17:19:56.068,1.37446,1.37455,1.75,1.87
2017.05.09 17:19:56.561,1.3745,1.37459,3.97,1.00
2017.05.09 17:19:56.765,1.3745,1.37459,1.50,1.00
2017.05.09 17:19:59.161,1.37449,1.37457,1.35,1.00
2017.05.09 17:19:59.264,1.37448,1.37457,3.60,1.00
2017.05.09 17:19:59.367,1.37448,1.37457,5.62,1.00
2017.05.09 17:19:59.868,1.37448,1.37455,3.37,1.00
2017.05.09 17:19:59.972,1.37446,1.37454,4.12,1.12
2017.05.09 17:20:00.075,1.37446,1.37453,1.12,1.00
2017.05.09 17:20:00.127,1.37444,1.37451,1.75,1.00
2017.05.09 17:20:00.281,1.37442,1.3745,1.50,1.00
2017.05.09 17:20:00.828,1.37442,1.37448,1.50,1.00
2017.05.09 17:20:01.501,1.37442,1.37446,1.00,1.00
2017.05.09 17:20:01.553,1.37442,1.37446,1.00,1.00
2017.05.09 17:20:01.655,1.3744,1.37445,1.00,1.00
2017.05.09 17:20:01.859,1.37438,1.37445,1.30,1.00
2017.05.09 17:20:02.483,1.37437,1.37446,3.22,1.42
2017.05.09 17:20:02.890,1.37437,1.37444,1.00,1.00
2017.05.09 17:20:03.398,1.37435,1.37443,1.50,1.00
2017.05.09 17:20:06.748,1.37435,1.37442,1.00,1.00
2017.05.09 17:20:11.923,1.37435,1.37441,1.00,1.00
2017.05.09 17:20:16.322,1.37435,1.37442,1.00,1.00
2017.05.09 17:20:16.559,1.37434,1.37443,8.62,1.00
2017.05.09 17:20:16.916,1.37434,1.37443,2.25,1.00
2017.05.09 17:20:17.641,1.37434,1.37442,2.25,1.00
2017.05.09 17:20:19.576,1.37434,1.37442,1.00,1.00
2017.05.09 17:20:20.240,1.37434,1.37442,2.85,1.00
2017.05.09 17:20:20.292,1.37435,1.37442,1.50,1.00
2017.05.09 17:20:20.598,1.37434,1.37441,3.00,1.00
2017.05.09 17:20:21.893,1.37433,1.37441,2.25,1.12
2017.05.09 17:20:30.402,1.37433,1.3744,2.25,1.00
2017.05.09 17:20:32.005,1.37433,1.37442,3.37,2.25
2017.05.09 17:20:33.359,1.37433,1.37441,2.25,1.00
2017.05.09 17:20:37.972,1.37439,1.37443,1.00,1.12
2017.05.09 17:20:38.127,1.37439,1.37447,1.12,4.50
2017.05.09 17:20:38.636,1.37436,1.37444,2.25,1.00
2017.05.09 17:20:38.741,1.37435,1.37442,4.12,1.00
2017.05.09 17:20:38.944,1.37434,1.37442,2.10,1.00
2017.05.09 17:20:46.467,1.37441,1.37448,3.00,4.27
2017.05.09 17:20:46.519,1.37444,1.37449,1.12,1.00
2017.05.09 17:20:46.656,1.3745,1.37456,2.25,2.25
2017.05.09 17:20:46.759,1.3745,1.37454,1.00,1.12
2017.05.09 17:20:46.862,1.3745,1.37458,1.00,2.10
2017.05.09 17:20:47.118,1.3745,1.37457,1.00,2.62
2017.05.09 17:20:47.169,1.37448,1.37457,1.12,2.25
2017.05.09 17:20:47.221,1.37448,1.37459,1.50,2.62
2017.05.09 17:20:47.272,1.37448,1.37456,1.50,1.00
2017.05.09 17:20:47.617,1.37446,1.37454,1.50,1.00
2017.05.09 17:20:47.925,1.37445,1.37452,1.00,1.00
2017.05.09 17:20:48.436,1.37444,1.37452,1.00,1.50
2017.05.09 17:20:49.006,1.37444,1.37451,1.00,1.00
2017.05.09 17:20:49.311,1.37443,1.37451,2.25,3.37
2017.05.09 17:20:49.872,1.37444,1.37451,1.00,4.12
2017.05.09 17:20:50.450,1.37443,1.37451,1.50,3.37
2017.05.09 17:20:51.529,1.37443,1.3745,1.50,2.62
2017.05.09 17:20:51.632,1.37443,1.37452,1.87,4.12
2017.05.09 17:20:52.153,1.37444,1.37452,1.00,4.87
2017.05.09 17:20:52.873,1.37444,1.37451,2.25,2.25
2017.05.09 17:20:52.976,1.37444,1.37454,1.87,4.50
2017.05.09 17:20:53.487,1.37443,1.37452,1.87,1.50
2017.05.09 17:20:53.538,1.37447,1.37453,1.00,4.50
2017.05.09 17:20:53.641,1.37446,1.37455,1.87,3.37
2017.05.09 17:20:53.853,1.37447,1.37455,1.12,1.00
2017.05.09 17:20:56.086,1.37447,1.37456,1.12,1.12
2017.05.09 17:20:56.238,1.37447,1.37454,1.12,1.00
2017.05.09 17:20:56.698,1.37447,1.37456,1.12,1.12
2017.05.09 17:20:58.321,1.37449,1.37457,1.12,1.50
2017.05.09 17:20:58.423,1.37447,1.37458,2.62,3.37
2017.05.09 17:20:58.474,1.37447,1.37457,4.35,1.37
2017.05.09 17:20:58.998,1.37448,1.37456,1.12,1.00
2017.05.09 17:20:59.509,1.37448,1.37457,1.12,1.12
2017.05.09 17:20:59.815,1.37453,1.37461,1.75,3.37
2017.05.09 17:20:59.866,1.37452,1.37461,1.12,3.75
2017.05.09 17:21:00.376,1.3745,1.37458,1.60,1.50
2017.05.09 17:21:00.891,1.37449,1.37457,1.50,1.00
2017.05.09 17:21:04.189,1.37448,1.37457,3.37,1.00
2017.05.09 17:21:04.699,1.37451,1.37458,1.00,1.87
2017.05.09 17:21:05.204,1.3745,1.37457,1.00,1.00
2017.05.09 17:21:05.715,1.37451,1.37457,1.00,1.00
2017.05.09 17:21:06.064,1.37445,1.37455,3.37,1.50
2017.05.09 17:21:06.217,1.37445,1.37452,1.00,1.00
2017.05.09 17:21:06.878,1.37443,1.37452,3.00,1.50
2017.05.09 17:21:07.436,1.37444,1.37451,1.12,1.00
2017.05.09 17:21:13.482,1.37443,1.37451,1.50,1.50
2017.05.09 17:21:15.540,1.37444,1.37451,1.00,1.50
2017.05.09 17:21:16.021,1.37441,1.37449,1.87,1.00
2017.05.09 17:21:16.332,1.37438,1.37445,1.50,1.00
2017.05.09 17:21:16.689,1.37435,1.37444,4.12,1.12
2017.05.09 17:21:16.999,1.37436,1.37444,3.37,1.00
2017.05.09 17:21:17.457,1.3744,1.37447,1.98,3.00
2017.05.09 17:21:17.508,1.3744,1.37448,2.35,1.37
2017.05.09 17:21:17.611,1.37441,1.37449,1.60,1.12
2017.05.09 17:21:17.713,1.37441,1.37449,1.60,1.00
2017.05.09 17:21:17.817,1.3744,1.37449,2.35,1.12
2017.05.09 17:21:19.272,1.3744,1.37447,2.35,1.00
2017.05.09 17:21:19.859,1.3744,1.37446,1.12,1.00
2017.05.09 17:21:20.218,1.37441,1.37449,1.00,2.25
2017.05.09 17:21:22.289,1.37439,1.37449,3.85,2.25
2017.05.09 17:21:22.829,1.3744,1.37449,2.73,1.00
2017.05.09 17:21:23.019,1.37442,1.37451,2.25,1.00
2017.05.09 17:21:23.528,1.37444,1.37451,1.14,1.00
2017.05.09 17:21:25.433,1.37444,1.37451,1.60,1.00
2017.05.09 17:21:25.953,1.37443,1.37451,1.98,1.00
2017.05.09 17:21:27.829,1.37443,1.37452,1.98,1.50
2017.05.09 17:21:30.078,1.37444,1.37451,1.00,1.00
2017.05.09 17:21:30.423,1.37444,1.37453,1.12,4.50
2017.05.09 17:21:30.576,1.37444,1.37453,1.12,1.00
2017.05.09 17:21:30.978,1.37444,1.37451,1.87,1.00
2017.05.09 17:21:31.081,1.37444,1.37454,1.87,1.00
2017.05.09 17:21:32.792,1.37443,1.37453,4.60,1.00
2017.05.09 17:21:33.301,1.37444,1.37454,2.62,1.87
2017.05.09 17:21:37.449,1.37445,1.37455,1.50,1.37
2017.05.09 17:21:37.979,1.37445,1.37455,1.37,3.37
2017.05.09 17:21:40.925,1.37446,1.37456,1.50,3.37
2017.05.09 17:21:41.762,1.37447,1.37456,1.00,2.25
2017.05.09 17:21:46.249,1.37447,1.37455,1.00,1.00
2017.05.09 17:21:47.000,1.37447,1.37456,1.00,3.15
2017.05.09 17:21:49.251,1.37445,1.37456,2.25,5.25
2017.05.09 17:21:49.823,1.37446,1.37455,2.25,1.12
2017.05.09 17:21:53.067,1.37446,1.37455,1.50,1.37
2017.05.09 17:21:53.169,1.37446,1.37455,1.12,1.37
2017.05.09 17:21:54.363,1.37446,1.37455,1.12,1.12
2017.05.09 17:21:58.450,1.37447,1.37455,1.00,1.12
2017.05.09 17:21:58.604,1.37447,1.37457,2.62,1.50
2017.05.09 17:21:59.147,1.37447,1.37456,2.25,1.00
2017.05.09 17:22:03.829,1.37447,1.37455,3.00,1.00
2017.05.09 17:22:04.677,1.37449,1.37456,1.12,1.00
2017.05.09 17:22:04.729,1.37449,1.37458,1.12,2.62
2017.05.09 17:22:04.831,1.37453,1.37458,1.00,2.62
2017.05.09 17:22:05.995,1.37453,1.37457,1.50,1.00
2017.05.09 17:22:06.047,1.37451,1.37457,1.00,1.00
2017.05.09 17:22:06.150,1.37451,1.37455,1.00,1.00
2017.05.09 17:22:06.304,1.3745,1.37456,1.00,1.00
2017.05.09 17:22:06.558,1.37449,1.37453,1.50,1.00
2017.05.09 17:22:06.609,1.3745,1.37458,2.25,2.25
2017.05.09 17:22:06.660,1.3745,1.37456,1.50,1.00
2017.05.09 17:22:06.864,1.37451,1.37458,1.00,1.12
2017.05.09 17:22:07.398,1.37451,1.37457,1.00,1.00
2017.05.09 17:22:08.017,1.37451,1.37458,1.00,1.12
2017.05.09 17:22:08.527,1.37451,1.37457,1.00,1.00
2017.05.09 17:22:09.150,1.37449,1.37456,2.25,1.00
2017.05.09 17:22:09.320,1.37449,1.37458,1.75,1.87
2017.05.09 17:22:09.371,1.37449,1.37456,2.25,1.00
2017.05.09 17:22:09.878,1.3745,1.37456,1.00,1.00
2017.05.09 17:22:10.442,1.3745,1.37457,1.00,1.00
2017.05.09 17:22:11.096,1.3745,1.37458,1.00,1.87
2017.05.09 17:22:11.405,1.3745,1.37456,1.00,1.00
2017.05.09 17:22:11.907,1.3745,1.37457,1.00,1.00
2017.05.09 17:22:12.464,1.3745,1.37458,1.00,1.87
2017.05.09 17:22:13.052,1.3745,1.37457,1.00,1.00
2017.05.09 17:22:15.877,1.3745,1.37456,1.00,1.00
2017.05.09 17:22:16.419,1.3745,1.37457,1.00,1.00
2017.05.09 17:22:19.036,1.3745,1.37456,1.00,1.00
2017.05.09 17:22:19.552,1.3745,1.37457,1.00,1.12
2017.05.09 17:22:20.291,1.3745,1.37456,1.00,1.00
2017.05.09 17:22:20.638,1.3745,1.37458,1.00,1.50
2017.05.09 17:22:20.842,1.3745,1.37456,1.00,1.20
2017.05.09 17:22:20.946,1.37447,1.37456,1.50,1.00
2017.05.09 17:22:21.048,1.37447,1.37456,2.62,2.25
2017.05.09 17:22:21.269,1.37446,1.37456,3.37,2.92
2017.05.09 17:22:26.225,1.37451,1.37456,1.48,1.12
2017.05.09 17:22:26.328,1.37452,1.37459,1.48,1.12
2017.05.09 17:22:26.736,1.37451,1.37459,1.12,1.00
2017.05.09 17:22:26.838,1.3745,1.37459,4.60,1.00
2017.05.09 17:22:27.486,1.3745,1.37457,2.62,1.00
2017.05.09 17:22:27.640,1.37449,1.37459,3.75,1.50
2017.05.09 17:22:27.742,1.3745,1.37459,2.62,1.50
2017.05.09 17:22:27.947,1.3745,1.37459,1.00,2.25
2017.05.09 17:22:28.549,1.3745,1.37458,1.00,1.00
2017.05.09 17:22:28.958,1.37451,1.37458,1.51,1.00
2017.05.09 17:22:29.540,1.37455,1.3746,1.00,1.00
2017.05.09 17:22:29.847,1.37458,1.37466,1.12,1.20
2017.05.09 17:22:29.950,1.37458,1.37466,1.50,3.15
2017.05.09 17:22:30.261,1.37456,1.37464,1.12,1.00
2017.05.09 17:22:30.768,1.37457,1.37465,1.12,1.00
2017.05.09 17:22:30.874,1.37459,1.37465,3.75,2.62
2017.05.09 17:22:30.976,1.3746,1.37468,1.00,2.62
2017.05.09 17:22:31.078,1.3746,1.37468,3.00,1.00
2017.05.09 17:22:31.181,1.3746,1.37471,2.62,4.80
2017.05.09 17:22:31.232,1.3746,1.3747,1.50,2.62
2017.05.09 17:22:31.762,1.3746,1.37468,1.50,1.00
2017.05.09 17:22:32.492,1.37459,1.37468,3.00,1.00
2017.05.09 17:22:33.144,1.37459,1.37468,3.75,1.37
2017.05.09 17:22:33.703,1.37459,1.37468,2.25,1.12
2017.05.09 17:22:34.352,1.37461,1.37468,1.50,1.00
2017.05.09 17:22:34.976,1.37462,1.37468,1.00,1.00
2017.05.09 17:22:35.485,1.37467,1.37471,1.00,3.75
2017.05.09 17:22:35.537,1.37464,1.37471,1.50,3.00
2017.05.09 17:22:35.589,1.37465,1.37472,1.37,1.50
2017.05.09 17:22:35.692,1.37465,1.37473,2.25,1.00
2017.05.09 17:22:35.744,1.37467,1.37473,1.00,1.00
2017.05.09 17:22:36.093,1.37464,1.37473,2.62,1.50
2017.05.09 17:22:36.349,1.37464,1.37472,1.50,4.50
2017.05.09 17:22:36.859,1.37464,1.37472,1.50,8.25
2017.05.09 17:22:37.363,1.37463,1.37472,1.12,6.75
2017.05.09 17:22:37.566,1.3746,1.3747,3.75,1.12
2017.05.09 17:22:38.276,1.37461,1.3747,1.37,1.12
2017.05.09 17:22:39.655,1.37463,1.37471,1.00,3.75
2017.05.09 17:22:39.961,1.37461,1.3747,1.12,3.37
2017.05.09 17:22:42.166,1.37462,1.3747,1.00,3.37
2017.05.09 17:22:42.268,1.37462,1.3747,1.12,1.00
2017.05.09 17:22:42.813,1.37462,1.37471,1.12,1.12
2017.05.09 17:22:43.073,1.37464,1.3747,1.00,1.00
2017.05.09 17:22:44.151,1.37462,1.3747,1.50,1.00
2017.05.09 17:22:44.713,1.37462,1.37471,1.12,1.12
2017.05.09 17:22:45.220,1.37462,1.3747,1.12,1.00
2017.05.09 17:22:46.088,1.37462,1.37471,1.12,1.12
2017.05.09 17:22:46.622,1.37463,1.37472,1.00,2.62
2017.05.09 17:22:48.597,1.37464,1.37472,1.00,2.62
2017.05.09 17:22:49.142,1.37464,1.37471,1.87,1.00
2017.05.09 17:22:49.503,1.37465,1.37473,1.12,3.58
2017.05.09 17:22:50.011,1.37465,1.37473,1.12,4.70
2017.05.09 17:22:53.728,1.37463,1.37472,1.12,1.12
2017.05.09 17:22:54.311,1.37464,1.37472,1.00,1.87
2017.05.09 17:22:55.045,1.37463,1.37472,1.12,1.87
2017.05.09 17:22:55.097,1.37465,1.37473,1.00,3.20
2017.05.09 17:22:57.185,1.37464,1.37473,1.00,3.20
2017.05.09 17:22:57.560,1.37466,1.37473,1.00,2.45
2017.05.09 17:22:58.703,1.37466,1.37473,1.12,2.45
2017.05.09 17:22:59.921,1.37466,1.37472,1.00,1.00
2017.05.09 17:23:00.429,1.37467,1.37472,1.00,1.00
2017.05.09 17:23:01.228,1.37467,1.37473,1.00,3.20
2017.05.09 17:23:01.406,1.37465,1.37472,1.00,1.00
2017.05.09 17:23:01.957,1.37466,1.37472,1.00,1.00
2017.05.09 17:23:02.467,1.37465,1.37473,1.00,5.83
2017.05.09 17:23:02.989,1.37466,1.37473,1.00,5.83
2017.05.09 17:23:03.041,1.37466,1.37473,1.12,3.95
2017.05.09 17:23:03.499,1.37469,1.37474,1.00,1.87
2017.05.09 17:23:03.550,1.37468,1.37475,5.85,1.12
2017.05.09 17:23:03.601,1.37471,1.37475,1.00,1.12
2017.05.09 17:23:03.653,1.37472,1.37478,1.00,1.50
2017.05.09 17:23:03.704,1.37472,1.37478,1.87,1.12
2017.05.09 17:23:03.755,1.37472,1.3748,2.25,1.50
2017.05.09 17:23:04.297,1.37473,1.3748,1.00,1.00
2017.05.09 17:23:04.816,1.37473,1.37482,1.12,4.50
2017.05.09 17:23:05.314,1.3747,1.37481,1.87,4.50
2017.05.09 17:23:05.921,1.37473,1.37481,1.12,2.25
2017.05.09 17:23:08.715,1.37473,1.37482,2.47,3.37
2017.05.09 17:23:08.767,1.37474,1.37483,1.00,3.31
2017.05.09 17:23:08.818,1.37478,1.37483,1.00,1.12
2017.05.09 17:23:09.227,1.37482,1.37488,1.12,3.75
2017.05.09 17:23:09.330,1.37481,1.37487,3.00,2.25
2017.05.09 17:23:09.381,1.37481,1.37487,1.50,2.25
2017.05.09 17:23:09.535,1.3748,1.37486,1.00,4.12
2017.05.09 17:23:09.825,1.37476,1.37485,1.37,4.12
2017.05.09 17:23:10.336,1.37475,1.37485,3.00,6.62
2017.05.09 17:23:11.301,1.37476,1.37484,1.12,1.00
2017.05.09 17:23:11.845,1.37476,1.37483,1.12,1.00
2017.05.09 17:23:12.253,1.37475,1.37483,1.00,1.50
2017.05.09 17:23:12.759,1.37476,1.37483,1.00,1.87
2017.05.09 17:23:13.270,1.37476,1.37482,1.00,1.50
2017.05.09 17:23:13.576,1.37476,1.37483,1.37,1.50
2017.05.09 17:23:13.911,1.37481,1.37485,1.00,1.00
2017.05.09 17:23:13.963,1.37481,1.37486,1.37,1.00
2017.05.09 17:23:14.168,1.37479,1.37485,1.12,2.25
2017.05.09 17:23:14.219,1.37479,1.37484,1.37,1.50
2017.05.09 17:23:14.373,1.37478,1.37483,1.00,1.00
2017.05.09 17:23:14.475,1.37477,1.37484,2.62,1.50
2017.05.09 17:23:15.119,1.37477,1.37484,2.62,1.50
2017.05.09 17:23:18.692,1.37479,1.37483,1.00,1.00
2017.05.09 17:23:19.202,1.37476,1.37483,3.00,1.00
2017.05.09 17:23:19.304,1.37476,1.37485,1.12,1.87
2017.05.09 17:23:19.559,1.37478,1.37485,3.00,1.00
2017.05.09 17:23:20.067,1.37478,1.37486,1.12,1.50
2017.05.09 17:23:20.450,1.37477,1.37484,2.62,1.00
2017.05.09 17:23:21.106,1.37477,1.37485,2.62,1.10
2017.05.09 17:23:21.634,1.37479,1.37483,1.00,1.00
2017.05.09 17:23:24.974,1.37477,1.37485,2.62,1.00
2017.05.09 17:23:25.475,1.37478,1.37486,4.12,1.00
2017.05.09 17:23:25.577,1.3748,1.37487,2.62,1.00
2017.05.09 17:23:26.366,1.3748,1.37488,2.62,1.00
2017.05.09 17:23:26.469,1.37481,1.37488,1.00,1.00
2017.05.09 17:23:27.621,1.3748,1.37488,1.75,1.00
2017.05.09 17:23:27.774,1.37481,1.3749,2.25,1.50
2017.05.09 17:23:28.447,1.37481,1.37489,3.75,1.00
2017.05.09 17:23:28.958,1.37481,1.3749,2.25,2.62
2017.05.09 17:23:29.468,1.37484,1.3749,1.00,3.37
2017.05.09 17:23:29.520,1.37483,1.37487,1.00,1.00
2017.05.09 17:23:29.676,1.37477,1.37485,2.62,1.00
2017.05.09 17:23:30.270,1.37483,1.37487,1.00,4.12
2017.05.09 17:23:30.374,1.37483,1.37491,1.00,4.87
2017.05.09 17:23:30.477,1.37484,1.37492,1.87,1.00
2017.05.09 17:23:30.529,1.37484,1.37492,1.87,1.00
2017.05.09 17:23:31.090,1.37483,1.37493,3.37,3.00
2017.05.09 17:23:31.493,1.37487,1.37497,1.12,4.12
2017.05.09 17:23:31.544,1.37487,1.37497,5.62,4.12
2017.05.09 17:23:31.800,1.37485,1.37494,1.12,1.50
2017.05.09 17:23:32.309,1.37488,1.37495,1.00,1.00
2017.05.09 17:23:32.411,1.37487,1.37495,1.50,2.62
2017.05.09 17:23:32.514,1.37489,1.37496,1.00,1.00
2017.05.09 17:23:32.811,1.37489,1.37498,1.75,1.00
2017.05.09 17:23:33.927,1.3749,1.37499,1.12,3.00
2017.05.09 17:23:34.449,1.3749,1.37499,1.50,1.37
2017.05.09 17:23:35.639,1.37492,1.375,1.00,3.37
2017.05.09 17:23:36.234,1.37491,1.375,1.87,2.62
2017.05.09 17:23:37.225,1.37492,1.375,1.00,2.62
2017.05.09 17:23:37.328,1.37492,1.37502,1.12,2.25
2017.05.09 17:23:44.210,1.37491,1.37501,1.00,1.50
2017.05.09 17:23:45.232,1.37494,1.37501,1.00,2.25
2017.05.09 17:23:45.436,1.37494,1.37502,2.25,1.50
2017.05.09 17:23:46.584,1.37493,1.37502,1.37,3.37
2017.05.09 17:23:46.687,1.37492,1.37501,1.87,1.00
2017.05.09 17:23:49.635,1.37492,1.37502,1.87,3.37
2017.05.09 17:23:50.365,1.37494,1.37502,1.50,1.37
2017.05.09 17:23:50.467,1.37497,1.37504,1.00,1.27
2017.05.09 17:23:50.653,1.37497,1.37504,3.75,1.00
2017.05.09 17:23:50.911,1.37498,1.37507,1.87,1.12
2017.05.09 17:23:51.115,1.37498,1.37505,1.75,1.00
2017.05.09 17:23:51.321,1.37497,1.37505,1.87,1.00
2017.05.09 17:23:51.626,1.37502,1.37506,1.00,1.00
2017.05.09 17:23:51.728,1.37502,1.37508,1.00,1.50
2017.05.09 17:23:51.830,1.37505,1.3751,1.00,2.25
2017.05.09 17:23:52.128,1.37509,1.37517,1.00,6.00
2017.05.09 17:23:52.231,1.37507,1.37516,1.12,1.12
2017.05.09 17:23:52.282,1.37506,1.37516,1.37,1.12
2017.05.09 17:23:52.435,1.37511,1.37517,1.00,1.70
2017.05.09 17:23:52.588,1.37515,1.37524,2.85,1.87
2017.05.09 17:23:52.639,1.37519,1.37523,1.00,1.00
2017.05.09 17:23:52.793,1.37521,1.37529,1.50,1.00
2017.05.09 17:23:52.957,1.37521,1.37531,2.25,2.25
2017.05.09 17:23:53.111,1.37523,1.37531,2.25,1.12
2017.05.09 17:23:53.214,1.37523,1.37533,2.25,3.00
2017.05.09 17:23:53.266,1.37523,1.37533,2.62,1.50
2017.05.09 17:23:53.471,1.37523,1.37533,1.00,3.00
2017.05.09 17:23:53.573,1.37523,1.37533,1.87,1.00
2017.05.09 17:23:54.186,1.37524,1.37533,1.50,1.00
2017.05.09 17:23:54.899,1.37523,1.37533,1.12,2.62
2017.05.09 17:23:55.256,1.37523,1.37528,1.00,1.50
2017.05.09 17:23:55.460,1.37518,1.37526,1.87,1.50
2017.05.09 17:23:55.562,1.37515,1.37524,2.25,2.25
2017.05.09 17:23:55.766,1.37515,1.37524,1.00,1.37
2017.05.09 17:23:56.520,1.37514,1.37524,3.00,2.25
2017.05.09 17:23:56.571,1.37515,1.37524,1.87,1.87
2017.05.09 17:23:56.673,1.37516,1.37525,1.50,1.00
2017.05.09 17:23:56.776,1.37516,1.37527,3.00,3.75
2017.05.09 17:23:56.878,1.37518,1.37527,1.00,1.50
2017.05.09 17:23:58.077,1.3752,1.37529,2.25,3.00
2017.05.09 17:23:58.281,1.37521,1.37531,2.25,1.81
2017.05.09 17:23:59.002,1.37523,1.37531,1.00,1.43
2017.05.09 17:23:59.524,1.37524,1.37532,1.00,2.25
2017.05.09 17:24:00.050,1.37523,1.37532,1.50,2.25
2017.05.09 17:24:00.358,1.37525,1.37532,1.50,1.50
2017.05.09 17:24:00.667,1.37528,1.37538,1.75,1.50
2017.05.09 17:24:00.954,1.37527,1.37538,1.87,2.25
2017.05.09 17:24:01.281,1.37527,1.37534,1.87,1.00
2017.05.09 17:24:01.587,1.37524,1.37533,1.00,1.00
2017.05.09 17:24:02.096,1.37524,1.37532,1.00,1.00
2017.05.09 17:24:02.482,1.37522,1.37531,1.50,1.00
2017.05.09 17:24:03.043,1.37522,1.3753,1.12,1.00
2017.05.09 17:24:03.602,1.37522,1.37528,1.00,1.00
2017.05.09 17:24:04.022,1.3752,1.37528,1.00,1.50
2017.05.09 17:24:04.531,1.37519,1.37528,1.12,1.50
2017.05.09 17:24:04.685,1.37519,1.37526,1.12,1.00
2017.05.09 17:24:04.991,1.37514,1.37523,2.25,1.87
2017.05.09 17:24:05.093,1.37514,1.37522,1.12,1.00
2017.05.09 17:24:05.455,1.37513,1.3752,2.25,1.00
2017.05.09 17:24:05.965,1.37513,1.37521,1.00,3.75
2017.05.09 17:24:06.494,1.37512,1.37521,1.12,4.50
2017.05.09 17:24:09.671,1.3751,1.3752,1.12,1.50
2017.05.09 17:24:14.847,1.37509,1.37518,4.12,1.00
2017.05.09 17:24:15.050,1.37508,1.37512,2.62,1.00
2017.05.09 17:24:15.152,1.37505,1.37509,1.00,1.00
2017.05.09 17:24:15.204,1.37507,1.37511,2.25,2.25
2017.05.09 17:24:15.306,1.37504,1.3751,1.50,1.00
2017.05.09 17:24:15.408,1.37504,1.37512,1.12,3.00
2017.05.09 17:24:15.511,1.37503,1.37512,3.00,2.62
2017.05.09 17:24:16.104,1.37503,1.37512,2.02,1.12
2017.05.09 17:24:16.666,1.3751,1.37514,1.00,2.62
2017.05.09 17:24:16.819,1.37509,1.37516,2.62,2.62
2017.05.09 17:24:16.870,1.3751,1.37514,1.00,1.12
2017.05.09 17:24:17.023,1.37506,1.37514,4.12,1.00
2017.05.09 17:24:17.125,1.37507,1.37514,1.12,1.00
2017.05.09 17:24:17.227,1.37507,1.37514,1.50,1.00
2017.05.09 17:24:17.415,1.37508,1.37518,1.50,4.81
2017.05.09 17:24:17.569,1.37508,1.37513,1.00,1.00
2017.05.09 17:24:17.824,1.37506,1.37514,1.00,1.00
2017.05.09 17:24:18.079,1.37506,1.37512,1.00,1.00
2017.05.09 17:24:18.436,1.37507,1.37515,3.75,1.00
2017.05.09 17:24:18.786,1.37508,1.37513,1.00,1.00
2017.05.09 17:24:18.939,1.37504,1.37513,1.50,2.62
2017.05.09 17:24:18.991,1.37504,1.37513,1.50,1.00
2017.05.09 17:24:19.245,1.37508,1.37513,1.00,1.00
2017.05.09 17:24:19.501,1.37509,1.37515,1.00,1.00
2017.05.09 17:24:19.603,1.37509,1.37518,1.12,3.00
2017.05.09 17:24:19.808,1.37509,1.37519,1.87,1.12
2017.05.09 17:24:20.056,1.3751,1.37517,1.00,1.00
2017.05.09 17:24:20.362,1.37508,1.37514,1.00,1.00
2017.05.09 17:24:20.667,1.37505,1.37512,1.12,1.00
2017.05.09 17:24:21.604,1.37503,1.37512,1.50,3.00
2017.05.09 17:24:21.655,1.37503,1.3751,1.50,1.00
2017.05.09 17:24:22.460,1.37502,1.37508,1.12,1.00
2017.05.09 17:24:22.800,1.37499,1.37503,2.62,1.00
2017.05.09 17:24:22.852,1.37497,1.37504,2.62,1.00
2017.05.09 17:24:22.904,1.37495,1.37503,2.62,1.12
2017.05.09 17:24:22.955,1.37494,1.37503,1.87,1.12
2017.05.09 17:24:23.261,1.37497,1.37505,1.00,1.12
2017.05.09 17:24:24.287,1.37497,1.37506,1.00,2.25
2017.05.09 17:24:25.858,1.37497,1.37505,1.00,1.00
2017.05.09 17:24:26.555,1.37498,1.37504,1.12,1.00
2017.05.09 17:24:26.607,1.37498,1.37506,1.12,1.50
2017.05.09 17:24:26.709,1.37498,1.37506,1.37,1.50
2017.05.09 17:24:26.862,1.37498,1.37505,1.00,1.00
2017.05.09 17:24:27.391,1.37499,1.37505,1.00,1.00
2017.05.09 17:24:28.960,1.37499,1.37507,1.00,1.50
2017.05.09 17:24:29.472,1.37499,1.37506,1.50,1.50
2017.05.09 17:24:29.779,1.37498,1.37504,1.50,1.00
2017.05.09 17:24:29.933,1.37496,1.37504,1.37,2.25
2017.05.09 17:24:30.429,1.37497,1.37506,1.00,1.12
2017.05.09 17:24:30.532,1.37499,1.37506,1.00,1.00
2017.05.09 17:24:35.056,1.37499,1.37503,1.00,1.00
2017.05.09 17:24:35.159,1.37499,1.37506,1.00,1.00
2017.05.09 17:24:35.719,1.37497,1.37507,1.50,4.12
2017.05.09 17:24:36.164,1.37496,1.37503,1.00,1.87
2017.05.09 17:24:36.675,1.37493,1.37503,1.87,1.00
2017.05.09 17:24:37.636,1.37493,1.37501,1.75,1.00
2017.05.09 17:24:37.892,1.3749,1.37499,1.75,1.00
2017.05.09 17:24:40.189,1.37489,1.37497,3.75,1.50
2017.05.09 17:24:40.393,1.37488,1.37496,1.37,1.00
2017.05.09 17:24:40.758,1.37485,1.37495,3.37,1.12
2017.05.09 17:24:40.809,1.37485,1.37493,3.37,1.00
2017.05.09 17:24:42.924,1.37487,1.37495,2.25,1.87
2017.05.09 17:24:43.256,1.3749,1.37497,1.50,1.00
2017.05.09 17:24:43.804,1.3749,1.37498,1.50,1.50
2017.05.09 17:24:44.310,1.37491,1.375,1.50,1.87
2017.05.09 17:24:44.702,1.37493,1.37501,1.00,1.00
2017.05.09 17:24:45.213,1.37493,1.375,1.00,1.00
2017.05.09 17:24:47.094,1.37492,1.375,1.00,5.62
2017.05.09 17:24:47.616,1.3749,1.375,2.62,1.50
2017.05.09 17:24:49.619,1.3749,1.375,1.50,3.37
2017.05.09 17:24:51.443,1.3749,1.375,1.87,3.75
2017.05.09 17:24:57.102,1.3749,1.37497,1.50,1.20
2017.05.09 17:24:57.207,1.37486,1.37494,1.50,1.50
2017.05.09 17:24:57.411,1.37486,1.37495,2.62,1.50
2017.05.09 17:24:57.920,1.37486,1.37495,1.75,1.12
2017.05.09 17:24:58.210,1.37488,1.37497,1.00,4.12
2017.05.09 17:24:58.619,1.37489,1.37497,1.87,2.62
2017.05.09 17:24:58.722,1.3749,1.37499,1.37,1.87
2017.05.09 17:24:59.233,1.37491,1.375,1.12,1.12
2017.05.09 17:25:01.503,1.37491,1.37502,1.37,3.00
2017.05.09 17:25:02.020,1.37491,1.375,2.62,1.00
2017.05.09 17:25:02.072,1.37492,1.375,3.37,1.00
2017.05.09 17:25:02.124,1.37493,1.37502,1.50,3.00
2017.05.09 17:25:03.216,1.37493,1.37502,1.00,3.00
2017.05.09 17:25:06.814,1.37493,1.37502,1.12,1.50
2017.05.09 17:25:07.731,1.37491,1.37501,6.00,1.12
2017.05.09 17:25:08.034,1.37491,1.375,2.62,1.00
2017.05.09 17:25:11.665,1.37491,1.37499,2.25,2.25
2017.05.09 17:25:11.767,1.3749,1.375,3.75,3.75
2017.05.09 17:25:12.027,1.3749,1.37501,1.50,5.62
2017.05.09 17:25:13.221,1.37491,1.37497,1.87,1.00
2017.05.09 17:25:13.425,1.37489,1.37496,1.50,1.00
2017.05.09 17:25:13.527,1.37487,1.37495,1.00,1.00
2017.05.09 17:25:13.648,1.37489,1.37496,3.00,1.50
2017.05.09 17:25:13.752,1.3749,1.37499,1.37,1.50
2017.05.09 17:25:14.036,1.37491,1.375,1.00,1.12
2017.05.09 17:25:14.291,1.37493,1.37502,1.00,3.37
2017.05.09 17:25:14.444,1.37493,1.37502,1.12,1.87
2017.05.09 17:25:15.668,1.37494,1.37502,1.00,1.00
2017.05.09 17:25:16.178,1.37494,1.37503,2.25,2.62
2017.05.09 17:25:21.155,1.37495,1.37503,1.87,1.50
2017.05.09 17:25:21.465,1.37501,1.37511,3.37,4.12
2017.05.09 17:25:21.775,1.37503,1.37512,1.00,3.75
2017.05.09 17:25:22.486,1.37505,1.37513,1.00,1.37
2017.05.09 17:25:23.842,1.37506,1.37514,1.30,2.62
2017.05.09 17:25:24.149,1.37511,1.37519,2.25,2.25
2017.05.09 17:25:24.201,1.37511,1.37521,2.25,1.12
2017.05.09 17:25:24.739,1.37512,1.37522,2.25,3.37
2017.05.09 17:25:25.252,1.37512,1.37521,1.50,1.00
2017.05.09 17:25:25.355,1.37512,1.37521,1.50,1.12
2017.05.09 17:25:25.439,1.37511,1.37516,1.87,1.65
2017.05.09 17:25:25.542,1.37507,1.37516,3.00,1.00
2017.05.09 17:25:26.058,1.37507,1.37516,1.87,1.00
2017.05.09 17:25:26.396,1.37509,1.37516,1.00,1.50
2017.05.09 17:25:26.703,1.37511,1.3752,1.50,1.50
2017.05.09 17:25:27.212,1.37511,1.37519,1.87,1.00
2017.05.09 17:25:27.708,1.37512,1.37521,1.12,1.00
2017.05.09 17:25:28.168,1.37512,1.37522,1.87,1.87
2017.05.09 17:25:28.718,1.37514,1.37522,1.50,1.37
2017.05.09 17:25:28.871,1.37514,1.37523,1.50,3.00
2017.05.09 17:25:29.448,1.37515,1.37523,1.00,3.75
2017.05.09 17:25:29.602,1.37514,1.37523,1.50,1.50
2017.05.09 17:25:31.722,1.37514,1.37521,1.50,1.00
2017.05.09 17:25:32.232,1.37514,1.37522,1.12,1.50
2017.05.09 17:25:32.981,1.37513,1.37521,1.37,1.00
2017.05.09 17:25:33.439,1.37511,1.3752,1.00,1.00
2017.05.09 17:25:33.967,1.37512,1.3752,1.00,1.00
2017.05.09 17:25:34.302,1.37512,1.3752,1.50,1.00
2017.05.09 17:25:35.107,1.37514,1.37522,1.12,2.25
2017.05.09 17:25:36.017,1.37512,1.37521,1.75,3.00
2017.05.09 17:25:36.529,1.37512,1.37521,1.37,2.25
2017.05.09 17:25:37.156,1.37512,1.37521,1.00,3.00
2017.05.09 17:25:38.050,1.37512,1.37519,1.12,1.50
2017.05.09 17:25:38.358,1.37507,1.37513,1.12,3.00
2017.05.09 17:25:38.410,1.37507,1.37513,1.12,1.50
2017.05.09 17:25:39.000,1.37504,1.37513,1.87,1.50
2017.05.09 17:25:39.257,1.37507,1.37514,1.00,1.50
2017.05.09 17:25:39.308,1.37505,1.37514,1.87,1.50
2017.05.09 17:25:39.411,1.37505,1.37514,1.50,3.37
2017.05.09 17:25:39.712,1.3751,1.37517,1.12,1.50
2017.05.09 17:25:40.223,1.37509,1.37516,1.50,3.00
2017.05.09 17:25:40.664,1.37507,1.37515,1.50,1.00
2017.05.09 17:25:40.719,1.37505,1.37513,1.75,1.00
2017.05.09 17:25:41.024,1.37504,1.37512,1.72,1.12
2017.05.09 17:25:45.109,1.37506,1.37514,1.50,1.00
2017.05.09 17:25:45.314,1.37507,1.37517,5.25,1.87
2017.05.09 17:25:45.853,1.3751,1.37517,1.00,1.00
2017.05.09 17:25:46.240,1.37511,1.37519,1.00,1.87
2017.05.09 17:25:47.670,1.3751,1.37516,1.00,1.00
2017.05.09 17:25:47.976,1.37506,1.37514,3.37,1.50
2017.05.09 17:25:48.028,1.37506,1.37514,1.12,1.00
2017.05.09 17:25:48.486,1.37509,1.37515,1.00,1.00
2017.05.09 17:25:48.994,1.37509,1.37516,1.12,1.12
2017.05.09 17:25:49.656,1.3751,1.37516,1.00,1.12
2017.05.09 17:25:50.063,1.37508,1.37516,1.00,1.12
2017.05.09 17:25:50.598,1.37509,1.37517,1.50,1.50
2017.05.09 17:25:50.821,1.37507,1.37514,3.37,1.00
2017.05.09 17:25:50.974,1.37505,1.37514,1.75,1.50
2017.05.09 17:25:51.025,1.37505,1.37514,1.12,1.87
2017.05.09 17:25:51.552,1.37504,1.37512,1.00,1.00
2017.05.09 17:25:52.087,1.37503,1.37512,2.62,1.00
2017.05.09 17:25:52.393,1.37498,1.37506,1.00,1.50
2017.05.09 17:25:52.903,1.37499,1.37506,1.00,2.02
2017.05.09 17:25:53.210,1.375,1.37507,1.87,2.55
2017.05.09 17:25:53.264,1.37501,1.37508,1.00,1.27
2017.05.09 17:25:53.468,1.37502,1.3751,1.00,2.62
2017.05.09 17:25:53.867,1.37501,1.37508,1.50,1.00
2017.05.09 17:25:54.575,1.37501,1.3751,1.50,1.87
2017.05.09 17:25:59.144,1.37502,1.3751,1.00,2.25
2017.05.09 17:25:59.654,1.37502,1.37511,2.25,1.50
2017.05.09 17:26:00.442,1.37502,1.37511,2.25,1.00
2017.05.09 17:26:02.827,1.37502,1.3751,1.50,1.50
2017.05.09 17:26:03.360,1.37501,1.37509,1.50,1.00
2017.05.09 17:26:05.393,1.37501,1.37505,1.00,1.00
2017.05.09 17:26:05.599,1.37495,1.37501,2.62,3.37
2017.05.09 17:26:05.735,1.37493,1.37499,2.62,2.25
2017.05.09 17:26:05.786,1.37493,1.37499,1.00,2.25
2017.05.09 17:26:06.143,1.3749,1.37497,2.25,1.50
2017.05.09 17:26:06.195,1.37489,1.37497,3.75,1.50
2017.05.09 17:26:06.706,1.3749,1.37497,2.25,1.12
2017.05.09 17:26:09.690,1.3749,1.37497,1.00,1.50
2017.05.09 17:26:09.976,1.3749,1.37498,1.75,2.25
2017.05.09 17:26:10.488,1.37492,1.37499,1.00,1.50
2017.05.09 17:26:10.997,1.37493,1.375,1.00,2.25
2017.05.09 17:26:11.308,1.37499,1.37503,1.00,1.87
2017.05.09 17:26:11.359,1.37497,1.37503,1.50,1.50
2017.05.09 17:26:11.516,1.37501,1.37507,1.00,3.75
2017.05.09 17:26:11.619,1.37499,1.37507,1.50,2.25
2017.05.09 17:26:11.992,1.37501,1.37508,1.00,3.00
2017.05.09 17:26:12.095,1.37499,1.37508,1.50,3.75
2017.05.09 17:26:12.301,1.37501,1.37508,1.00,1.00
2017.05.09 17:26:12.404,1.37499,1.37508,1.87,1.50
2017.05.09 17:26:12.507,1.375,1.37509,1.50,5.62
2017.05.09 17:26:12.816,1.37499,1.37509,2.25,4.50
2017.05.09 17:26:13.381,1.375,1.37509,1.00,6.00
2017.05.09 17:26:13.882,1.375,1.37508,1.00,1.50
2017.05.09 17:26:14.880,1.37499,1.37507,1.12,1.50
2017.05.09 17:26:15.033,1.37497,1.37504,1.75,1.00
2017.05.09 17:26:15.377,1.37494,1.37502,3.37,1.00
2017.05.09 17:26:15.531,1.37494,1.37502,1.00,4.12
2017.05.09 17:26:16.056,1.37494,1.37501,1.00,1.50
2017.05.09 17:26:17.713,1.37493,1.37501,1.00,3.75
2017.05.09 17:26:21.416,1.37496,1.37502,1.00,6.00
2017.05.09 17:26:21.468,1.37495,1.37502,1.00,4.12
2017.05.09 17:26:21.625,1.37498,1.37502,1.00,1.00
2017.05.09 17:26:21.729,1.375,1.37506,1.12,1.12
2017.05.09 17:26:22.358,1.37501,1.37507,1.12,1.00
2017.05.09 17:26:22.918,1.37501,1.37509,1.12,1.37
2017.05.09 17:26:23.542,1.37501,1.37509,1.37,1.12
2017.05.09 17:26:23.797,1.37499,1.37509,4.87,3.37
2017.05.09 17:26:23.900,1.375,1.37508,1.50,1.50
2017.05.09 17:26:23.952,1.375,1.37507,1.50,1.00
2017.05.09 17:26:24.464,1.375,1.37508,1.00,1.00
2017.05.09 17:26:25.591,1.37501,1.37508,1.00,1.00
2017.05.09 17:26:25.642,1.37501,1.37508,1.00,3.00
2017.05.09 17:26:25.693,1.37499,1.37508,1.12,4.87
2017.05.09 17:26:29.534,1.37499,1.37507,1.00,3.37
2017.05.09 17:26:30.049,1.37498,1.37507,2.62,4.50
2017.05.09 17:26:30.408,1.375,1.37507,1.00,3.00
2017.05.09 17:26:30.913,1.37499,1.37508,2.25,4.50
2017.05.09 17:26:33.352,1.375,1.37508,1.00,1.87
2017.05.09 17:26:33.657,1.37498,1.37503,1.12,3.75
2017.05.09 17:26:33.867,1.37493,1.375,1.50,1.00
2017.05.09 17:26:33.969,1.37491,1.375,2.25,1.00
2017.05.09 17:26:35.153,1.37491,1.37501,1.12,3.37
2017.05.09 17:26:37.430,1.3749,1.37499,1.87,1.50
2017.05.09 17:26:37.482,1.3749,1.37498,1.50,2.25
2017.05.09 17:26:37.533,1.3749,1.37498,1.00,1.00
2017.05.09 17:26:38.874,1.3749,1.37499,1.00,3.00
2017.05.09 17:26:39.321,1.37492,1.37499,1.00,3.00
2017.05.09 17:26:43.867,1.3749,1.37499,1.12,3.75
2017.05.09 17:26:44.433,1.37489,1.37498,1.12,3.00
2017.05.09 17:26:44.953,1.37489,1.37498,1.87,1.87
2017.05.09 17:26:46.337,1.37489,1.37498,1.50,3.37
2017.05.09 17:26:49.196,1.37489,1.37498,2.25,1.50
2017.05.09 17:26:53.977,1.37487,1.37496,6.37,1.00
2017.05.09 17:26:54.499,1.37487,1.37497,5.62,1.87
2017.05.09 17:26:54.890,1.37488,1.37496,1.00,2.25
2017.05.09 17:26:55.285,1.37486,1.37494,1.00,1.50
2017.05.09 17:26:55.591,1.37484,1.37492,3.75,1.00
2017.05.09 17:26:56.101,1.37484,1.37492,1.50,1.12
2017.05.09 17:26:58.751,1.37486,1.37492,1.00,1.87
2017.05.09 17:26:58.853,1.37483,1.37492,2.62,1.12
2017.05.09 17:26:59.359,1.37484,1.37492,1.00,1.12
2017.05.09 17:27:00.019,1.37483,1.37492,1.60,1.12
2017.05.09 17:27:00.121,1.37486,1.37492,1.50,1.12
2017.05.09 17:27:00.377,1.37489,1.37496,1.12,1.00
2017.05.09 17:27:01.334,1.37487,1.37497,4.87,1.50
2017.05.09 17:27:01.742,1.37488,1.37492,1.00,1.00
2017.05.09 17:27:01.950,1.37481,1.37489,1.12,1.00
2017.05.09 17:27:02.239,1.37478,1.37485,3.37,1.50
2017.05.09 17:27:02.443,1.37474,1.37482,1.75,1.00
2017.05.09 17:27:02.546,1.37473,1.37483,1.87,2.62
2017.05.09 17:27:03.108,1.37473,1.37481,1.00,1.37
2017.05.09 17:27:03.741,1.37472,1.37482,1.50,3.37
2017.05.09 17:27:04.267,1.37473,1.37481,1.00,1.00
2017.05.09 17:27:09.536,1.37473,1.37481,1.00,1.50
2017.05.09 17:27:10.125,1.37476,1.37481,1.00,1.37
2017.05.09 17:27:10.280,1.37478,1.37483,3.00,1.00
2017.05.09 17:27:10.383,1.37478,1.37487,3.00,1.50
2017.05.09 17:27:11.097,1.37478,1.37485,1.00,1.00
2017.05.09 17:27:11.649,1.37477,1.37484,1.37,1.00
2017.05.09 17:27:11.956,1.37474,1.3748,1.00,1.50
2017.05.09 17:27:13.819,1.37472,1.37481,2.73,1.12
2017.05.09 17:27:14.400,1.37472,1.37481,2.35,1.37
2017.05.09 17:27:14.990,1.37474,1.37482,1.00,4.12
2017.05.09 17:27:17.157,1.37475,1.37482,1.00,3.37
2017.05.09 17:27:17.310,1.37476,1.37483,1.00,1.50
2017.05.09 17:27:17.361,1.37474,1.37483,2.25,1.87
2017.05.09 17:27:18.193,1.37475,1.37481,1.00,1.00
2017.05.09 17:27:18.702,1.37474,1.37482,1.00,1.12
2017.05.09 17:27:19.218,1.37473,1.37481,1.98,1.00
2017.05.09 17:27:19.372,1.37472,1.37479,1.00,1.50
2017.05.09 17:27:19.915,1.37473,1.3748,1.00,1.50
2017.05.09 17:27:20.549,1.37472,1.3748,1.00,1.50
2017.05.09 17:27:21.057,1.37472,1.3748,1.00,3.00
2017.05.09 17:27:21.569,1.37469,1.37477,1.50,1.12
2017.05.09 17:27:21.621,1.37469,1.37474,1.00,1.00
2017.05.09 17:27:21.912,1.37464,1.3747,1.12,1.00
2017.05.09 17:27:22.424,1.37463,1.3747,1.00,1.50
2017.05.09 17:27:22.900,1.37464,1.37471,1.00,1.87
2017.05.09 17:27:23.452,1.37464,1.37472,1.00,1.00
2017.05.09 17:27:24.513,1.37468,1.37472,1.00,1.00
2017.05.09 17:27:24.774,1.37471,1.37478,1.00,2.62
2017.05.09 17:27:25.288,1.3747,1.37478,1.12,1.87
2017.05.09 17:27:27.028,1.37472,1.37478,1.00,1.50
2017.05.09 17:27:28.400,1.37472,1.37479,1.00,1.50
2017.05.09 17:27:29.540,1.37469,1.37476,2.25,1.00
2017.05.09 17:27:29.593,1.37472,1.37476,1.00,1.00
2017.05.09 17:27:29.644,1.37469,1.37476,1.50,1.00
2017.05.09 17:27:30.155,1.3747,1.37477,1.00,2.62
2017.05.09 17:27:30.620,1.37471,1.37478,1.00,1.00
2017.05.09 17:27:32.186,1.37472,1.37478,1.00,1.00
2017.05.09 17:27:32.646,1.37474,1.37481,1.50,2.62
2017.05.09 17:27:32.954,1.3748,1.37487,1.00,2.62
2017.05.09 17:27:33.005,1.3748,1.37488,1.00,3.37
2017.05.09 17:27:33.525,1.3748,1.37487,1.00,1.00
2017.05.09 17:27:35.095,1.3748,1.37487,1.00,3.10
2017.05.09 17:27:35.375,1.3748,1.37487,1.12,1.23
2017.05.09 17:27:35.616,1.37478,1.37484,2.25,1.00
2017.05.09 17:27:35.719,1.37477,1.37486,1.37,1.87
2017.05.09 17:27:36.232,1.37476,1.37485,1.12,2.25
2017.05.09 17:27:37.013,1.37475,1.37484,2.25,2.25
2017.05.09 17:27:37.551,1.37472,1.37481,3.37,1.12
2017.05.09 17:27:37.604,1.37472,1.37481,1.12,2.25
2017.05.09 17:27:37.994,1.37471,1.37479,1.12,1.87
2017.05.09 17:27:38.503,1.37471,1.37479,1.37,1.12
2017.05.09 17:27:39.087,1.37471,1.37478,1.00,1.87
2017.05.09 17:27:39.190,1.37468,1.37475,1.00,1.00
2017.05.09 17:27:39.703,1.37469,1.37477,1.00,1.50
2017.05.09 17:27:40.217,1.37469,1.37477,1.00,1.12
2017.05.09 17:27:40.424,1.37472,1.37479,1.00,3.75
2017.05.09 17:27:40.940,1.37472,1.3748,1.00,4.50
2017.05.09 17:27:41.280,1.37476,1.37482,1.00,2.62
2017.05.09 17:27:41.332,1.37479,1.37485,1.00,1.37
2017.05.09 17:27:41.537,1.37479,1.37486,1.00,1.12
2017.05.09 17:27:42.384,1.37479,1.37486,1.00,1.37
2017.05.09 17:27:43.255,1.37479,1.37486,1.00,1.12
