2017.05.18 05:00:00.000,1.36141,1.36148,1.00,2.62
2017.05.18 05:00:00.563,1.36141,1.36149,1.00,2.25
2017.05.18 05:00:02.975,1.36142,1.36149,1.00,2.25
2017.05.18 05:00:04.020,1.3614,1.36149,1.50,3.45
2017.05.18 05:00:04.122,1.3614,1.36147,1.00,2.62
2017.05.18 05:00:04.224,1.3614,1.36148,1.00,1.12
2017.05.18 05:00:05.024,1.3614,1.36148,1.00,2.62
2017.05.18 05:00:05.991,1.36139,1.36148,1.00,3.37
2017.05.18 05:00:06.496,1.36139,1.36149,1.00,3.37
2017.05.18 05:00:10.097,1.3614,1.36149,1.00,3.75
2017.05.18 05:00:11.646,1.3614,1.36148,1.00,2.62
2017.05.18 05:00:15.647,1.36141,1.36148,1.00,2.62
2017.05.18 05:00:17.622,1.36142,1.36148,1.00,2.62
2017.05.18 05:00:19.525,1.36141,1.36148,1.00,2.62
2017.05.18 05:00:24.957,1.36141,1.36146,1.00,1.00
2017.05.18 05:00:25.059,1.36141,1.36149,1.00,3.37
2017.05.18 05:00:25.876,1.36141,1.36148,1.00,2.62
2017.05.18 05:00:35.888,1.3614,1.36149,1.00,3.37
2017.05.18 05:00:36.767,1.36139,1.36147,1.50,3.37
2017.05.18 05:00:37.094,1.36139,1.36145,1.00,2.25
2017.05.18 05:00:37.298,1.36139,1.36146,1.00,1.00
2017.05.18 05:00:48.873,1.36139,1.36146,1.00,2.62
2017.05.18 05:00:49.411,1.36139,1.36146,1.50,1.00
2017.05.18 05:00:50.854,1.36141,1.36146,1.00,1.00
2017.05.18 05:00:51.059,1.36152,1.36161,1.50,1.00
2017.05.18 05:00:51.111,1.36153,1.36157,1.00,1.00
2017.05.18 05:00:51.162,1.36155,1.3616,1.00,2.62
2017.05.18 05:00:51.301,1.36156,1.36162,1.00,1.50
2017.05.18 05:00:51.813,1.36157,1.36162,1.00,2.62
2017.05.18 05:00:52.401,1.36157,1.36163,1.00,2.62
2017.05.18 05:00:53.172,1.36156,1.36163,1.00,2.62
2017.05.18 05:00:57.222,1.36157,1.36163,1.00,2.62
2017.05.18 05:00:57.324,1.36157,1.36165,1.00,2.62
2017.05.18 05:00:58.989,1.36157,1.36165,1.00,1.00
2017.05.18 05:01:00.606,1.36159,1.36165,1.00,1.00
2017.05.18 05:01:01.130,1.36159,1.36165,1.00,2.62
2017.05.18 05:01:03.653,1.36159,1.36166,1.00,2.62
2017.05.18 05:01:04.160,1.3616,1.36167,1.00,2.62
2017.05.18 05:01:07.368,1.3616,1.36168,1.50,2.62
2017.05.18 05:01:08.022,1.3616,1.36167,1.50,2.62
2017.05.18 05:01:13.876,1.3616,1.36167,1.50,1.00
2017.05.18 05:01:22.238,1.36161,1.36168,1.00,2.25
2017.05.18 05:01:22.549,1.36165,1.3617,1.57,2.62
2017.05.18 05:01:22.744,1.36169,1.36173,1.00,1.00
2017.05.18 05:01:22.796,1.36169,1.36176,1.00,3.75
2017.05.18 05:01:22.950,1.36169,1.36174,1.00,2.25
2017.05.18 05:01:25.856,1.36169,1.36175,1.00,1.00
2017.05.18 05:01:26.568,1.36167,1.36173,1.12,1.50
2017.05.18 05:01:26.722,1.36164,1.36173,3.37,1.65
2017.05.18 05:01:26.877,1.36165,1.36171,1.00,2.25
2017.05.18 05:01:27.228,1.36167,1.36173,1.00,3.37
2017.05.18 05:01:36.766,1.36164,1.36173,1.00,2.62
2017.05.18 05:01:37.275,1.36164,1.36171,1.00,1.00
2017.05.18 05:01:37.595,1.36165,1.36174,1.00,2.62
2017.05.18 05:01:38.035,1.36167,1.36174,1.00,2.62
2017.05.18 05:01:38.530,1.36169,1.36173,1.00,2.62
2017.05.18 05:01:38.581,1.36169,1.36174,1.00,1.00
2017.05.18 05:01:39.972,1.36169,1.36176,1.00,3.00
2017.05.18 05:01:45.898,1.36169,1.36177,1.00,2.62
2017.05.18 05:02:02.738,1.36169,1.36176,1.00,2.25
2017.05.18 05:02:03.251,1.36168,1.36176,1.50,2.62
2017.05.18 05:02:03.533,1.36164,1.36173,1.10,1.00
2017.05.18 05:02:03.638,1.36163,1.36171,1.00,2.25
2017.05.18 05:02:03.792,1.36165,1.36173,1.00,1.12
2017.05.18 05:02:03.844,1.36165,1.36172,1.50,2.25
2017.05.18 05:02:04.099,1.36166,1.36174,1.00,2.25
2017.05.18 05:02:05.860,1.36166,1.36173,1.00,2.62
2017.05.18 05:02:06.066,1.36169,1.36173,1.00,2.25
2017.05.18 05:02:06.169,1.36169,1.36175,1.00,2.62
2017.05.18 05:02:06.733,1.36169,1.36175,1.00,1.00
2017.05.18 05:02:06.836,1.36167,1.36175,1.50,1.00
2017.05.18 05:02:08.160,1.36167,1.36173,1.00,2.25
2017.05.18 05:02:08.697,1.36166,1.36173,1.00,2.25
2017.05.18 05:02:18.096,1.36164,1.36173,1.50,2.25
2017.05.18 05:02:18.632,1.36162,1.36171,3.00,1.20
2017.05.18 05:02:18.786,1.36161,1.3617,1.12,1.00
2017.05.18 05:02:19.093,1.36162,1.36169,1.00,2.25
2017.05.18 05:02:19.312,1.36163,1.36171,1.00,1.00
2017.05.18 05:02:24.014,1.36163,1.36172,1.00,3.07
2017.05.18 05:02:24.635,1.36163,1.36171,1.00,1.00
2017.05.18 05:02:38.182,1.36161,1.3617,1.00,1.00
2017.05.18 05:02:38.894,1.36161,1.36169,1.00,1.12
2017.05.18 05:02:42.253,1.36162,1.3617,1.00,3.07
2017.05.18 05:02:42.855,1.36162,1.3617,1.00,1.87
2017.05.18 05:02:43.624,1.36161,1.3617,1.87,1.12
2017.05.18 05:02:44.128,1.36161,1.36169,1.50,1.50
2017.05.18 05:02:45.377,1.36161,1.36171,1.50,4.20
2017.05.18 05:02:45.856,1.36163,1.36171,1.00,2.70
2017.05.18 05:02:46.162,1.36163,1.36172,1.00,2.70
2017.05.18 05:02:46.521,1.36163,1.3617,1.00,2.32
2017.05.18 05:02:47.114,1.36163,1.36171,1.00,2.62
2017.05.18 05:02:47.617,1.36163,1.36172,1.00,5.32
2017.05.18 05:02:49.372,1.36161,1.3617,1.50,1.00
2017.05.18 05:02:49.905,1.36161,1.3617,1.50,4.20
2017.05.18 05:02:50.437,1.36163,1.3617,1.00,1.50
2017.05.18 05:02:52.665,1.36162,1.3617,1.00,1.12
2017.05.18 05:02:53.212,1.36162,1.36169,1.00,1.12
2017.05.18 05:02:55.701,1.36164,1.3617,1.50,2.25
2017.05.18 05:02:55.754,1.36164,1.36172,1.50,1.00
2017.05.18 05:02:56.069,1.36166,1.36174,1.00,3.45
2017.05.18 05:02:56.596,1.36166,1.36173,1.00,2.32
2017.05.18 05:02:57.121,1.36165,1.36174,1.12,2.70
2017.05.18 05:02:57.654,1.36164,1.36173,1.50,3.45
2017.05.18 05:02:59.368,1.36163,1.36171,1.12,1.00
2017.05.18 05:02:59.674,1.36163,1.3617,1.00,2.25
2017.05.18 05:02:59.725,1.36163,1.36172,1.00,1.10
2017.05.18 05:02:59.827,1.36163,1.36171,1.00,2.25
2017.05.18 05:03:00.918,1.36166,1.36171,1.00,2.25
2017.05.18 05:03:01.072,1.36165,1.36174,1.50,2.25
2017.05.18 05:03:01.691,1.36165,1.36175,1.50,3.45
2017.05.18 05:03:03.599,1.36164,1.36174,1.50,1.20
2017.05.18 05:03:03.650,1.36164,1.36173,1.50,1.07
2017.05.18 05:03:07.256,1.36164,1.36172,1.50,2.32
2017.05.18 05:03:08.313,1.36167,1.36172,1.00,2.25
2017.05.18 05:03:08.466,1.36167,1.36174,1.50,2.62
2017.05.18 05:03:08.974,1.36167,1.36175,1.50,2.70
2017.05.18 05:03:12.858,1.36166,1.36174,1.00,1.12
2017.05.18 05:03:14.201,1.36165,1.36173,1.87,1.00
2017.05.18 05:03:15.800,1.36167,1.36174,1.00,2.62
2017.05.18 05:03:20.582,1.36167,1.36174,1.00,1.00
2017.05.18 05:03:21.137,1.36167,1.36176,1.50,2.70
2017.05.18 05:03:45.882,1.36167,1.36174,1.00,2.25
2017.05.18 05:03:46.471,1.36168,1.36174,1.00,2.25
2017.05.18 05:03:47.189,1.36167,1.36174,1.00,2.25
2017.05.18 05:03:47.291,1.36167,1.36175,1.00,2.25
2017.05.18 05:03:47.954,1.36167,1.36174,1.00,1.00
2017.05.18 05:03:48.516,1.36167,1.36175,1.00,1.12
2017.05.18 05:03:49.362,1.36167,1.36174,1.00,1.10
2017.05.18 05:03:51.189,1.36167,1.36174,1.00,2.62
2017.05.18 05:03:51.507,1.36167,1.36175,1.50,1.57
2017.05.18 05:03:51.610,1.36167,1.36174,1.50,2.25
2017.05.18 05:03:51.714,1.36167,1.36175,1.50,1.10
2017.05.18 05:03:52.378,1.36168,1.36175,1.00,1.20
2017.05.18 05:03:52.726,1.36167,1.36174,1.00,2.25
2017.05.18 05:03:53.736,1.36163,1.36171,3.75,1.00
2017.05.18 05:03:54.256,1.36163,1.36171,1.50,1.00
2017.05.18 05:03:59.387,1.36165,1.36172,1.00,2.25
2017.05.18 05:03:59.605,1.36165,1.36173,1.50,1.10
2017.05.18 05:03:59.708,1.36167,1.36173,1.00,1.00
2017.05.18 05:04:00.217,1.36167,1.36175,1.00,3.00
2017.05.18 05:04:01.762,1.36168,1.36175,1.00,2.32
2017.05.18 05:04:02.138,1.36168,1.36177,1.00,4.20
2017.05.18 05:04:02.760,1.36167,1.36177,1.00,3.45
2017.05.18 05:04:05.832,1.36167,1.36176,1.00,2.32
2017.05.18 05:04:07.796,1.36167,1.36177,1.00,4.20
2017.05.18 05:04:11.348,1.36166,1.36174,1.00,1.10
2017.05.18 05:04:11.450,1.36164,1.36173,1.12,3.07
2017.05.18 05:04:11.991,1.36165,1.36174,1.00,1.12
2017.05.18 05:04:12.514,1.36166,1.36174,1.00,1.12
2017.05.18 05:04:12.565,1.36166,1.36173,1.00,2.25
2017.05.18 05:04:12.667,1.36166,1.36174,1.00,1.12
2017.05.18 05:04:15.172,1.36167,1.36175,1.00,2.62
2017.05.18 05:04:16.509,1.36168,1.36175,1.00,2.62
2017.05.18 05:04:21.444,1.36167,1.36175,1.00,2.62
2017.05.18 05:04:21.817,1.36167,1.36176,1.50,2.62
2017.05.18 05:04:22.548,1.36167,1.36175,1.50,1.00
2017.05.18 05:04:24.140,1.36167,1.36176,1.50,1.12
2017.05.18 05:04:25.538,1.36168,1.36176,1.00,1.12
2017.05.18 05:04:25.894,1.36168,1.36175,1.00,2.25
2017.05.18 05:04:29.360,1.36169,1.36175,1.00,2.25
2017.05.18 05:04:29.462,1.3617,1.36176,1.00,1.00
2017.05.18 05:04:37.265,1.36171,1.36177,1.00,2.62
2017.05.18 05:04:43.298,1.36171,1.36178,1.00,2.62
2017.05.18 05:04:43.813,1.36171,1.36179,1.00,3.45
2017.05.18 05:04:45.879,1.36171,1.36178,1.00,2.25
2017.05.18 05:04:49.901,1.36176,1.36178,1.00,1.87
2017.05.18 05:04:50.004,1.36174,1.3618,1.00,4.12
2017.05.18 05:04:50.160,1.36173,1.36182,1.00,3.82
2017.05.18 05:04:50.211,1.36173,1.3618,1.00,2.25
2017.05.18 05:05:03.260,1.36173,1.3618,1.00,1.20
2017.05.18 05:05:04.149,1.36173,1.36179,1.00,1.00
2017.05.18 05:05:04.662,1.36173,1.3618,1.00,1.20
2017.05.18 05:05:05.178,1.36173,1.36179,1.00,1.00
2017.05.18 05:05:07.932,1.36173,1.3618,1.00,1.20
2017.05.18 05:05:08.710,1.36173,1.36179,1.00,1.00
2017.05.18 05:05:09.112,1.36171,1.36179,1.00,1.35
2017.05.18 05:05:09.164,1.36171,1.36178,1.00,2.10
2017.05.18 05:05:09.215,1.36168,1.36175,2.25,1.00
2017.05.18 05:05:09.471,1.36167,1.36174,1.50,2.25
2017.05.18 05:05:09.635,1.36167,1.36175,1.50,1.57
2017.05.18 05:05:10.181,1.36168,1.36175,1.00,2.62
2017.05.18 05:05:10.385,1.36168,1.36176,1.00,1.50
2017.05.18 05:05:10.913,1.36168,1.36175,1.00,1.00
2017.05.18 05:05:11.495,1.36168,1.36176,1.00,1.50
2017.05.18 05:05:13.076,1.36168,1.36175,1.00,1.00
2017.05.18 05:05:13.759,1.36168,1.36176,1.00,1.50
2017.05.18 05:05:14.289,1.36168,1.36175,1.00,1.00
2017.05.18 05:05:15.081,1.36168,1.36176,1.00,1.50
2017.05.18 05:05:18.049,1.36168,1.36175,1.00,1.00
2017.05.18 05:05:18.574,1.36168,1.36176,1.00,1.50
2017.05.18 05:05:18.838,1.3617,1.36176,1.50,1.00
2017.05.18 05:05:19.147,1.36172,1.36178,1.00,1.00
2017.05.18 05:05:20.224,1.3617,1.36179,1.50,4.57
2017.05.18 05:05:20.758,1.3617,1.36176,1.50,1.00
2017.05.18 05:05:21.306,1.3617,1.36177,1.00,2.25
2017.05.18 05:05:23.665,1.36169,1.36177,1.00,3.07
2017.05.18 05:05:23.994,1.36168,1.36175,1.00,1.00
2017.05.18 05:05:25.791,1.36168,1.36176,1.00,2.62
2017.05.18 05:05:26.307,1.36168,1.36175,1.00,1.00
2017.05.18 05:05:26.965,1.36168,1.36176,1.00,2.62
2017.05.18 05:05:27.795,1.36168,1.36175,1.00,1.00
2017.05.18 05:05:28.737,1.36168,1.36176,1.00,1.12
2017.05.18 05:05:29.277,1.36168,1.36175,1.50,1.50
2017.05.18 05:05:35.753,1.36168,1.36174,1.50,1.00
2017.05.18 05:05:39.619,1.36168,1.36176,1.00,2.25
2017.05.18 05:05:47.534,1.3617,1.36176,1.00,1.00
2017.05.18 05:05:47.738,1.36172,1.3618,1.00,3.45
2017.05.18 05:05:48.264,1.36172,1.36178,1.50,1.00
2017.05.18 05:05:48.366,1.36172,1.36181,1.50,5.32
2017.05.18 05:05:48.943,1.36172,1.36179,1.50,2.25
2017.05.18 05:05:49.228,1.36172,1.36181,1.50,4.95
2017.05.18 05:05:55.625,1.36173,1.3618,1.00,1.20
2017.05.18 05:05:56.181,1.36173,1.36179,1.00,1.00
2017.05.18 05:05:59.366,1.36174,1.36179,1.00,1.00
2017.05.18 05:05:59.655,1.36174,1.36181,1.00,4.12
2017.05.18 05:06:00.354,1.36174,1.3618,1.00,1.50
2017.05.18 05:06:02.588,1.36172,1.3618,1.00,2.62
2017.05.18 05:06:02.640,1.3617,1.36178,1.00,1.00
2017.05.18 05:06:03.047,1.36171,1.36176,1.00,2.62
2017.05.18 05:06:03.151,1.36173,1.36178,1.00,1.00
2017.05.18 05:06:05.855,1.36173,1.3618,1.00,1.50
2017.05.18 05:06:06.059,1.36173,1.36179,1.00,2.25
2017.05.18 05:06:15.205,1.36173,1.3618,1.00,1.00
2017.05.18 05:06:18.403,1.36172,1.3618,1.50,1.50
2017.05.18 05:06:19.019,1.36171,1.3618,1.00,2.40
2017.05.18 05:06:19.223,1.36171,1.36178,1.00,1.00
2017.05.18 05:06:19.738,1.36172,1.3618,1.00,6.07
2017.05.18 05:06:22.152,1.36174,1.3618,1.00,4.12
2017.05.18 05:06:22.407,1.36172,1.3618,1.50,1.12
2017.05.18 05:06:25.896,1.36172,1.3618,1.00,4.20
2017.05.18 05:06:40.130,1.36172,1.3618,1.00,1.12
2017.05.18 05:06:45.516,1.36172,1.36179,1.00,2.25
2017.05.18 05:06:46.019,1.36171,1.36179,1.00,3.07
2017.05.18 05:06:46.927,1.36171,1.36179,1.00,1.10
2017.05.18 05:06:47.801,1.36171,1.36179,1.00,1.57
2017.05.18 05:06:48.316,1.36171,1.36179,1.00,1.20
2017.05.18 05:06:50.349,1.36171,1.36179,1.00,1.45
2017.05.18 05:06:53.846,1.36171,1.36179,1.00,1.20
2017.05.18 05:06:54.364,1.3617,1.36179,1.50,1.20
2017.05.18 05:07:04.956,1.3617,1.36179,1.50,1.45
2017.05.18 05:07:05.384,1.36172,1.36179,1.00,1.45
2017.05.18 05:07:11.234,1.36172,1.36178,1.00,1.10
2017.05.18 05:07:13.126,1.3617,1.36178,1.87,1.20
2017.05.18 05:07:14.409,1.3617,1.36179,1.00,4.57
2017.05.18 05:07:15.036,1.3617,1.36178,1.00,2.70
2017.05.18 05:07:21.170,1.3617,1.36177,1.50,1.07
2017.05.18 05:07:22.163,1.36171,1.36178,1.00,2.70
2017.05.18 05:07:25.687,1.36172,1.36179,1.50,1.20
2017.05.18 05:07:27.159,1.36173,1.36179,1.00,2.70
2017.05.18 05:07:27.567,1.36173,1.36181,1.50,3.45
2017.05.18 05:07:36.141,1.36172,1.3618,1.50,1.10
2017.05.18 05:07:39.544,1.36171,1.3618,1.50,1.95
2017.05.18 05:07:42.402,1.36171,1.36179,1.50,1.00
2017.05.18 05:07:43.501,1.36172,1.36179,1.50,1.00
2017.05.18 05:07:43.755,1.36174,1.36182,1.00,1.50
2017.05.18 05:07:52.141,1.36174,1.36181,1.00,1.50
2017.05.18 05:07:52.192,1.36172,1.3618,1.95,1.00
2017.05.18 05:07:52.243,1.3617,1.36179,1.20,1.50
2017.05.18 05:07:52.294,1.36173,1.3618,1.00,1.50
2017.05.18 05:07:52.842,1.36173,1.3618,1.00,3.75
2017.05.18 05:08:05.910,1.36173,1.3618,1.00,1.00
2017.05.18 05:08:06.596,1.36173,1.36181,1.00,3.22
2017.05.18 05:08:06.901,1.36173,1.36179,1.00,2.25
2017.05.18 05:08:11.366,1.36171,1.36179,1.00,3.45
2017.05.18 05:08:11.417,1.36169,1.36179,1.12,4.20
2017.05.18 05:08:11.622,1.36168,1.36177,1.50,2.25
2017.05.18 05:08:18.896,1.36169,1.36177,1.00,2.25
2017.05.18 05:08:19.412,1.36169,1.36178,1.57,2.25
2017.05.18 05:08:24.911,1.3617,1.36178,1.00,2.25
2017.05.18 05:08:25.928,1.3617,1.36178,1.00,1.00
2017.05.18 05:08:27.907,1.36171,1.36178,1.00,2.25
2017.05.18 05:08:45.873,1.36171,1.36179,1.00,1.27
2017.05.18 05:08:51.527,1.36172,1.36179,1.00,1.00
2017.05.18 05:08:59.568,1.36173,1.36179,1.00,1.00
2017.05.18 05:09:02.067,1.36172,1.36179,1.00,1.00
2017.05.18 05:09:11.250,1.3617,1.36179,1.50,1.12
2017.05.18 05:09:11.809,1.3617,1.36178,1.00,1.00
2017.05.18 05:09:14.598,1.36169,1.36178,1.00,1.00
2017.05.18 05:09:15.125,1.36168,1.36179,2.32,1.87
2017.05.18 05:09:16.106,1.36168,1.36178,2.32,1.00
2017.05.18 05:09:17.346,1.3617,1.36179,1.00,1.12
2017.05.18 05:09:17.852,1.3617,1.36179,1.50,2.62
2017.05.18 05:09:18.384,1.36171,1.36179,1.00,2.62
2017.05.18 05:09:21.829,1.36173,1.36179,1.00,2.62
2017.05.18 05:09:21.933,1.36173,1.36181,1.50,2.25
2017.05.18 05:09:22.039,1.36173,1.36182,1.95,1.12
2017.05.18 05:09:25.804,1.36173,1.36182,1.50,2.25
2017.05.18 05:09:27.074,1.36174,1.36182,1.00,3.75
2017.05.18 05:09:27.579,1.36174,1.3618,1.00,1.00
2017.05.18 05:09:28.843,1.36174,1.36183,1.00,3.37
2017.05.18 05:09:32.148,1.36173,1.36183,1.57,2.62
2017.05.18 05:09:42.185,1.36172,1.36183,1.00,4.12
2017.05.18 05:09:42.237,1.36172,1.3618,1.00,1.00
2017.05.18 05:09:42.582,1.36172,1.36183,1.10,4.12
2017.05.18 05:09:46.145,1.3617,1.36181,4.12,1.30
2017.05.18 05:09:46.653,1.36172,1.36182,1.00,1.12
2017.05.18 05:09:47.639,1.36173,1.36182,1.00,1.12
2017.05.18 05:09:51.070,1.36172,1.36182,1.00,1.12
2017.05.18 05:09:52.860,1.36172,1.36181,1.00,1.72
2017.05.18 05:09:52.962,1.36171,1.3618,1.00,3.52
2017.05.18 05:10:05.906,1.36171,1.3618,1.00,1.00
2017.05.18 05:10:20.386,1.3617,1.36181,1.50,3.97
2017.05.18 05:10:20.974,1.3617,1.36181,1.50,2.47
2017.05.18 05:10:21.531,1.3617,1.3618,1.50,1.00
2017.05.18 05:10:22.035,1.3617,1.36181,1.50,2.47
2017.05.18 05:10:23.067,1.3617,1.3618,1.50,1.00
2017.05.18 05:10:24.097,1.3617,1.3618,1.00,5.62
2017.05.18 05:10:33.605,1.36172,1.3618,1.00,4.27
2017.05.18 05:10:45.839,1.36172,1.36179,1.00,2.25
2017.05.18 05:10:57.685,1.36172,1.3618,1.00,2.62
2017.05.18 05:10:58.221,1.36172,1.36181,1.00,4.27
2017.05.18 05:10:58.648,1.36177,1.36181,1.00,1.10
2017.05.18 05:10:58.700,1.36175,1.36182,1.00,2.25
2017.05.18 05:10:58.751,1.36175,1.36183,1.00,1.50
2017.05.18 05:10:59.359,1.36176,1.36183,1.00,1.50
2017.05.18 05:11:00.523,1.36175,1.36183,1.00,1.00
2017.05.18 05:11:00.625,1.36177,1.36183,1.00,1.10
2017.05.18 05:11:01.163,1.36176,1.36183,1.00,2.70
2017.05.18 05:11:09.882,1.36176,1.36184,1.00,3.00
2017.05.18 05:11:13.106,1.36175,1.36184,1.00,3.00
2017.05.18 05:11:18.647,1.36174,1.36184,1.12,3.75
2017.05.18 05:11:19.833,1.36175,1.36184,1.00,3.00
2017.05.18 05:11:28.167,1.36175,1.36183,1.00,2.62
2017.05.18 05:11:28.693,1.36176,1.36183,1.00,1.20
2017.05.18 05:11:28.744,1.36174,1.36184,1.00,5.32
2017.05.18 05:11:47.098,1.36176,1.36183,1.00,1.50
2017.05.18 05:11:47.418,1.36176,1.36182,1.00,2.62
2017.05.18 05:12:09.367,1.36175,1.36182,1.00,2.62
2017.05.18 05:12:25.895,1.36175,1.36183,1.00,2.62
2017.05.18 05:12:40.366,1.36176,1.36183,1.00,2.62
2017.05.18 05:13:07.677,1.36175,1.36183,1.00,2.62
2017.05.18 05:13:07.982,1.36181,1.36187,1.00,1.00
2017.05.18 05:13:08.034,1.36181,1.36189,1.00,1.95
2017.05.18 05:13:18.039,1.3618,1.36188,1.00,1.00
2017.05.18 05:13:27.294,1.36178,1.36188,3.00,1.12
2017.05.18 05:13:33.785,1.3618,1.36189,1.00,2.32
2017.05.18 05:13:41.861,1.3618,1.36188,1.00,1.80
2017.05.18 05:13:42.405,1.3618,1.36187,1.00,2.55
2017.05.18 05:13:48.012,1.3618,1.36188,1.00,1.12
2017.05.18 05:13:48.835,1.3618,1.36189,1.00,2.10
2017.05.18 05:13:50.717,1.3618,1.36188,1.00,1.00
2017.05.18 05:14:06.123,1.36178,1.36186,1.00,1.00
2017.05.18 05:14:09.317,1.36178,1.36188,1.00,1.12
2017.05.18 05:14:09.520,1.36179,1.36188,2.25,1.00
2017.05.18 05:14:10.592,1.36179,1.36187,2.25,1.00
2017.05.18 05:14:11.275,1.36179,1.36188,2.25,1.00
2017.05.18 05:14:11.805,1.36178,1.36188,3.00,1.12
2017.05.18 05:14:15.662,1.36178,1.36187,3.00,1.00
2017.05.18 05:14:16.169,1.36178,1.36188,3.00,1.12
2017.05.18 05:14:16.477,1.36183,1.36191,1.12,2.25
2017.05.18 05:14:16.528,1.36183,1.36193,1.50,1.00
2017.05.18 05:14:20.796,1.36182,1.36191,1.12,1.00
2017.05.18 05:14:23.519,1.36183,1.36191,1.00,1.00
2017.05.18 05:14:23.826,1.36186,1.36193,1.00,1.00
2017.05.18 05:14:30.796,1.36186,1.36195,1.00,1.50
2017.05.18 05:14:31.050,1.36184,1.36194,1.50,1.10
2017.05.18 05:14:31.583,1.36184,1.36193,1.50,1.00
2017.05.18 05:14:44.792,1.36186,1.36194,1.00,1.10
2017.05.18 05:14:45.770,1.36186,1.36195,1.00,2.17
2017.05.18 05:14:46.382,1.36186,1.36195,1.00,4.05
2017.05.18 05:14:51.036,1.36185,1.36194,1.00,1.30
2017.05.18 05:14:52.470,1.36186,1.36194,1.00,1.50
2017.05.18 05:14:55.630,1.36186,1.36194,1.00,2.70
2017.05.18 05:14:56.587,1.36186,1.36194,1.00,1.00
2017.05.18 05:14:58.401,1.36186,1.36194,1.00,5.55
2017.05.18 05:14:58.452,1.36184,1.36192,1.00,1.00
2017.05.18 05:14:58.867,1.36183,1.3619,1.00,1.00
2017.05.18 05:14:58.969,1.36183,1.36192,1.00,1.00
2017.05.18 05:14:59.767,1.36185,1.36192,1.00,1.00
2017.05.18 05:15:00.307,1.36186,1.36194,1.00,2.25
2017.05.18 05:15:05.226,1.36185,1.36194,1.00,3.00
2017.05.18 05:15:05.749,1.36184,1.36194,1.12,3.07
2017.05.18 05:15:06.288,1.36183,1.36193,1.50,1.35
2017.05.18 05:15:06.810,1.36182,1.36192,2.25,1.12
2017.05.18 05:15:07.340,1.36183,1.36191,1.12,1.00
2017.05.18 05:15:09.532,1.36183,1.36191,1.00,3.45
2017.05.18 05:15:10.182,1.36186,1.36191,1.00,2.62
2017.05.18 05:15:10.234,1.36186,1.36193,1.00,2.32
2017.05.18 05:15:15.989,1.36185,1.36193,1.00,2.25
2017.05.18 05:15:16.493,1.36185,1.36194,1.00,3.67
2017.05.18 05:15:17.004,1.36184,1.36193,1.12,1.07
2017.05.18 05:15:17.259,1.36186,1.36194,1.00,4.42
2017.05.18 05:15:18.077,1.36183,1.36191,3.37,1.00
2017.05.18 05:15:33.435,1.36183,1.3619,2.62,1.00
2017.05.18 05:15:33.994,1.36184,1.3619,2.25,1.00
2017.05.18 05:15:34.298,1.36181,1.36187,1.00,1.00
2017.05.18 05:15:34.813,1.3618,1.36187,1.12,1.00
2017.05.18 05:15:36.376,1.3618,1.36186,1.20,1.00
2017.05.18 05:15:36.580,1.36178,1.36185,1.00,1.00
2017.05.18 05:15:37.090,1.36179,1.36185,1.00,1.00
2017.05.18 05:15:37.665,1.36179,1.36186,1.50,1.00
2017.05.18 05:15:59.438,1.36178,1.36185,2.62,1.00
2017.05.18 05:15:59.489,1.36178,1.36183,2.25,1.00
2017.05.18 05:15:59.540,1.36176,1.36183,2.62,1.00
2017.05.18 05:16:00.206,1.36176,1.36182,1.00,1.00
2017.05.18 05:16:05.162,1.36176,1.36182,1.45,1.00
2017.05.18 05:16:06.311,1.36175,1.36184,1.95,1.00
2017.05.18 05:16:06.844,1.36175,1.36183,1.95,1.00
2017.05.18 05:16:15.016,1.36175,1.36183,1.57,1.00
2017.05.18 05:16:18.205,1.36175,1.36183,1.20,1.00
2017.05.18 05:16:18.721,1.36176,1.36185,1.00,2.25
2017.05.18 05:16:25.802,1.36176,1.36185,1.20,2.25
2017.05.18 05:16:26.443,1.36176,1.36186,1.57,3.00
2017.05.18 05:16:31.702,1.36176,1.36186,1.57,3.00
2017.05.18 05:16:37.997,1.36176,1.36186,1.12,1.00
2017.05.18 05:16:56.392,1.36176,1.36186,1.00,3.67
2017.05.18 05:17:01.968,1.36176,1.36186,1.45,3.97
2017.05.18 05:17:02.471,1.36177,1.36187,1.57,3.97
2017.05.18 05:17:05.946,1.36177,1.36187,1.00,1.72
2017.05.18 05:17:08.388,1.36177,1.36187,1.00,3.22
2017.05.18 05:17:10.995,1.36177,1.36187,1.00,1.72
2017.05.18 05:17:11.644,1.36177,1.36186,1.00,2.25
2017.05.18 05:17:29.738,1.36177,1.36186,1.20,3.22
2017.05.18 05:17:30.276,1.36177,1.36187,1.20,3.60
2017.05.18 05:17:31.043,1.36177,1.36187,1.20,1.50
2017.05.18 05:17:34.276,1.36177,1.36187,1.00,2.17
2017.05.18 05:17:35.001,1.36177,1.36187,1.20,2.10
2017.05.18 05:17:44.057,1.36177,1.36187,1.20,2.10
2017.05.18 05:17:46.496,1.36177,1.36187,1.00,2.55
2017.05.18 05:17:47.001,1.36177,1.36187,1.00,2.55
2017.05.18 05:17:47.824,1.36177,1.36187,1.00,2.55
2017.05.18 05:17:48.350,1.36177,1.36187,1.00,1.80
2017.05.18 05:17:50.566,1.36177,1.36187,1.00,1.80
2017.05.18 05:17:53.614,1.36177,1.36187,1.00,1.80
2017.05.18 05:18:00.470,1.36178,1.36186,1.00,1.00
2017.05.18 05:18:00.997,1.36177,1.36187,1.00,1.80
2017.05.18 05:18:01.537,1.36177,1.36187,1.00,1.20
2017.05.18 05:18:03.213,1.36179,1.36187,2.25,1.10
2017.05.18 05:18:03.419,1.36184,1.36193,1.00,2.70
2017.05.18 05:18:03.777,1.36186,1.36194,1.00,4.42
2017.05.18 05:18:04.212,1.36185,1.36192,1.00,2.32
2017.05.18 05:18:05.030,1.36181,1.36188,1.87,1.00
2017.05.18 05:18:06.435,1.36181,1.36187,1.00,1.50
2017.05.18 05:18:06.743,1.36178,1.36187,1.00,2.47
2017.05.18 05:18:07.288,1.36179,1.36188,1.12,1.30
2017.05.18 05:18:09.450,1.36179,1.36188,1.00,3.22
2017.05.18 05:18:09.501,1.36178,1.36188,1.00,1.72
2017.05.18 05:18:09.552,1.36178,1.36186,1.00,1.00
2017.05.18 05:18:10.184,1.36178,1.36187,1.00,1.50
2017.05.18 05:18:10.853,1.36178,1.36186,1.00,1.00
2017.05.18 05:18:11.533,1.3618,1.36188,1.00,2.62
2017.05.18 05:18:12.066,1.3618,1.36189,1.00,1.50
2017.05.18 05:18:12.568,1.3618,1.36188,1.00,1.00
2017.05.18 05:18:13.104,1.3618,1.36189,1.00,1.50
2017.05.18 05:18:15.225,1.3618,1.36188,1.00,1.00
2017.05.18 05:18:15.768,1.3618,1.36189,1.00,1.50
2017.05.18 05:18:16.433,1.3618,1.36188,1.00,1.00
2017.05.18 05:18:16.587,1.36178,1.36188,1.12,1.42
2017.05.18 05:18:17.136,1.36178,1.36188,1.12,1.70
2017.05.18 05:18:20.490,1.36178,1.36188,1.12,2.17
2017.05.18 05:18:21.560,1.36178,1.36188,1.12,2.17
2017.05.18 05:18:22.453,1.36178,1.36188,1.12,2.17
2017.05.18 05:18:25.484,1.36181,1.36188,1.00,1.35
2017.05.18 05:18:26.008,1.36182,1.36189,1.10,1.50
2017.05.18 05:18:26.553,1.36183,1.36191,1.00,2.62
2017.05.18 05:18:28.984,1.36182,1.36191,1.10,2.62
2017.05.18 05:18:29.309,1.36185,1.36193,1.00,1.12
2017.05.18 05:18:29.894,1.36186,1.36194,1.00,3.00
2017.05.18 05:18:30.402,1.36186,1.36194,1.10,1.12
2017.05.18 05:18:43.923,1.36186,1.36196,1.20,3.97
2017.05.18 05:18:45.104,1.36186,1.36194,1.00,2.25
2017.05.18 05:18:46.953,1.36187,1.36194,1.00,2.62
2017.05.18 05:18:49.656,1.36185,1.36194,1.00,3.97
2017.05.18 05:18:49.708,1.36185,1.36192,1.00,2.25
2017.05.18 05:18:50.052,1.36187,1.36193,1.00,1.12
2017.05.18 05:18:50.712,1.36187,1.36192,1.00,1.00
2017.05.18 05:18:56.144,1.36187,1.36195,1.00,1.12
2017.05.18 05:18:56.246,1.36187,1.36194,1.00,2.62
2017.05.18 05:18:58.080,1.36189,1.36194,1.00,2.62
2017.05.18 05:19:05.827,1.36189,1.36194,1.00,1.00
2017.05.18 05:19:12.373,1.36188,1.36195,1.00,2.62
2017.05.18 05:19:25.854,1.36188,1.36196,1.00,2.62
2017.05.18 05:19:26.508,1.36188,1.36196,1.00,3.37
2017.05.18 05:19:31.142,1.36189,1.36196,1.00,2.62
2017.05.18 05:19:32.966,1.36187,1.36196,1.00,3.22
2017.05.18 05:19:33.273,1.36187,1.36195,1.00,2.85
2017.05.18 05:19:33.803,1.36187,1.36195,1.00,1.35
2017.05.18 05:19:34.135,1.36186,1.36195,1.00,3.60
2017.05.18 05:19:35.959,1.36186,1.36195,1.00,4.35
2017.05.18 05:19:36.265,1.36186,1.36193,1.00,2.62
2017.05.18 05:19:40.236,1.36187,1.36193,1.00,3.22
2017.05.18 05:19:40.441,1.36187,1.36195,1.00,2.10
2017.05.18 05:19:41.122,1.36187,1.36195,1.00,3.60
2017.05.18 05:19:41.935,1.36187,1.36195,1.00,1.35
2017.05.18 05:19:41.987,1.36187,1.36194,1.00,2.25
2017.05.18 05:19:42.902,1.36187,1.36194,1.00,1.30
2017.05.18 05:19:47.210,1.36185,1.36194,1.20,2.47
2017.05.18 05:19:47.313,1.36185,1.36194,1.00,4.72
2017.05.18 05:19:47.821,1.36184,1.36191,1.00,1.30
2017.05.18 05:19:48.123,1.36186,1.36194,1.10,1.35
2017.05.18 05:19:50.405,1.36186,1.36194,1.00,3.22
2017.05.18 05:19:50.868,1.36183,1.36192,1.12,2.47
2017.05.18 05:19:51.385,1.36183,1.36192,1.12,1.30
2017.05.18 05:19:53.973,1.36183,1.36192,1.12,2.47
2017.05.18 05:19:56.477,1.36186,1.36192,1.00,1.30
2017.05.18 05:19:57.138,1.36186,1.36195,1.00,3.60
2017.05.18 05:19:58.441,1.36186,1.36195,1.00,2.10
2017.05.18 05:19:58.965,1.36186,1.36195,1.00,2.10
2017.05.18 05:19:59.627,1.36186,1.36194,1.00,2.10
2017.05.18 05:20:00.482,1.36186,1.36195,1.00,4.35
2017.05.18 05:20:01.035,1.36186,1.36194,1.00,1.60
2017.05.18 05:20:01.663,1.36186,1.36194,1.00,1.35
2017.05.18 05:20:06.859,1.36186,1.36194,1.00,1.60
2017.05.18 05:20:10.255,1.36186,1.36194,1.00,1.35
2017.05.18 05:20:14.333,1.36185,1.36194,1.00,2.85
2017.05.18 05:20:15.334,1.36185,1.36194,1.00,1.35
2017.05.18 05:20:17.349,1.36185,1.36194,1.00,2.85
2017.05.18 05:20:18.126,1.36185,1.36193,1.00,2.85
2017.05.18 05:20:22.217,1.36186,1.36193,1.00,2.25
2017.05.18 05:20:26.003,1.36186,1.36194,1.00,2.85
2017.05.18 05:20:40.420,1.36187,1.36194,1.00,3.00
2017.05.18 05:20:45.900,1.36187,1.36195,1.00,2.85
2017.05.18 05:20:46.596,1.36187,1.36195,1.00,1.35
2017.05.18 05:20:48.480,1.36188,1.36195,1.00,1.35
2017.05.18 05:20:49.007,1.36188,1.36195,1.00,2.85
2017.05.18 05:20:49.516,1.36188,1.36195,1.00,1.35
2017.05.18 05:20:50.116,1.36188,1.36195,1.00,2.92
2017.05.18 05:20:50.661,1.36188,1.36195,1.00,2.17
2017.05.18 05:20:52.479,1.36188,1.36194,1.00,2.10
2017.05.18 05:20:58.539,1.36188,1.36195,1.00,3.67
2017.05.18 05:21:01.011,1.36187,1.36195,1.00,3.67
2017.05.18 05:21:01.599,1.36187,1.36194,1.00,2.10
2017.05.18 05:21:02.710,1.36187,1.36195,1.00,4.05
2017.05.18 05:21:03.620,1.36187,1.36194,1.00,2.10
2017.05.18 05:21:04.342,1.36187,1.36195,1.00,4.80
2017.05.18 05:21:06.596,1.36186,1.36194,1.00,1.80
2017.05.18 05:21:08.409,1.36186,1.36194,1.00,2.92
2017.05.18 05:21:09.683,1.36186,1.36193,1.00,2.17
2017.05.18 05:21:10.374,1.36186,1.36194,1.00,3.67
2017.05.18 05:21:10.949,1.36186,1.36193,1.00,2.17
2017.05.18 05:21:11.462,1.36186,1.36194,1.50,4.42
2017.05.18 05:21:12.026,1.36186,1.36192,1.00,2.10
2017.05.18 05:21:12.617,1.36186,1.36193,1.00,2.17
2017.05.18 05:21:13.157,1.36186,1.36192,1.00,2.10
2017.05.18 05:21:14.136,1.36183,1.36191,1.12,2.85
2017.05.18 05:21:14.398,1.36181,1.36189,1.50,1.70
2017.05.18 05:21:16.201,1.3618,1.36187,1.00,1.00
2017.05.18 05:21:16.792,1.36179,1.36187,1.50,1.35
2017.05.18 05:21:18.194,1.36179,1.36187,1.00,2.85
2017.05.18 05:21:18.722,1.36178,1.36186,1.00,4.35
2017.05.18 05:21:19.294,1.36178,1.36185,1.00,1.35
2017.05.18 05:21:20.394,1.36178,1.36185,1.00,2.85
2017.05.18 05:21:20.954,1.36178,1.36185,1.00,1.35
2017.05.18 05:21:21.260,1.36181,1.36189,1.00,1.12
2017.05.18 05:21:24.614,1.36181,1.36188,1.50,1.00
2017.05.18 05:21:24.919,1.36181,1.36191,2.25,2.85
2017.05.18 05:21:25.579,1.36181,1.36191,2.25,1.35
2017.05.18 05:21:26.791,1.36181,1.36191,1.50,2.17
2017.05.18 05:21:27.336,1.36181,1.36191,1.50,2.17
2017.05.18 05:21:29.335,1.36181,1.36191,1.87,1.60
2017.05.18 05:21:29.851,1.36181,1.36191,1.87,1.35
2017.05.18 05:21:30.387,1.36181,1.36191,1.87,1.60
2017.05.18 05:21:30.547,1.36184,1.36191,1.00,1.35
2017.05.18 05:21:30.877,1.36184,1.36193,1.87,1.12
2017.05.18 05:21:31.570,1.36185,1.36193,1.00,1.12
2017.05.18 05:21:32.688,1.36186,1.36194,1.00,3.07
2017.05.18 05:22:02.282,1.36183,1.3619,2.62,3.75
2017.05.18 05:22:02.435,1.36181,1.3619,1.00,6.67
2017.05.18 05:22:02.979,1.36182,1.36189,1.00,1.72
2017.05.18 05:22:05.358,1.36182,1.36189,1.00,1.72
2017.05.18 05:22:05.965,1.36182,1.36189,1.00,1.72
2017.05.18 05:22:07.203,1.36181,1.36188,1.00,1.00
2017.05.18 05:22:08.019,1.3618,1.36187,1.00,1.35
2017.05.18 05:22:08.129,1.36178,1.36187,1.12,1.35
2017.05.18 05:22:08.282,1.36176,1.36186,1.87,1.35
2017.05.18 05:22:08.384,1.36178,1.36186,1.00,3.37
2017.05.18 05:22:10.155,1.36178,1.36187,1.12,1.80
2017.05.18 05:22:10.674,1.36178,1.36187,1.12,1.72
2017.05.18 05:22:11.274,1.36178,1.36187,1.12,1.72
2017.05.18 05:22:12.261,1.36178,1.36186,1.00,3.30
2017.05.18 05:22:16.208,1.36177,1.36186,1.00,2.85
2017.05.18 05:22:17.311,1.36177,1.36186,1.00,1.35
2017.05.18 05:22:17.899,1.36176,1.36186,1.87,1.42
2017.05.18 05:22:18.207,1.36176,1.36185,1.50,2.10
2017.05.18 05:22:18.716,1.36176,1.36185,1.50,2.85
2017.05.18 05:22:19.226,1.36177,1.36185,1.00,2.85
2017.05.18 05:22:20.409,1.36178,1.36185,1.50,3.00
2017.05.18 05:22:20.916,1.36178,1.36185,1.50,1.00
2017.05.18 05:22:24.316,1.36179,1.36185,1.00,1.35
2017.05.18 05:22:24.940,1.36179,1.36186,1.00,2.10
2017.05.18 05:22:26.234,1.36179,1.36187,1.00,2.10
2017.05.18 05:22:26.536,1.36177,1.36186,1.87,1.35
2017.05.18 05:22:27.203,1.36177,1.36186,1.00,1.72
2017.05.18 05:22:27.356,1.36176,1.36183,1.00,1.00
2017.05.18 05:22:27.663,1.36175,1.3618,1.50,1.00
2017.05.18 05:22:28.372,1.36175,1.36182,1.50,1.00
2017.05.18 05:22:28.786,1.36177,1.36185,1.00,1.30
2017.05.18 05:22:29.325,1.36177,1.36186,1.00,1.30
2017.05.18 05:22:29.836,1.36177,1.36187,1.50,5.92
2017.05.18 05:22:30.851,1.36177,1.36186,1.50,1.30
2017.05.18 05:22:31.005,1.36177,1.36185,1.00,2.85
2017.05.18 05:22:31.540,1.36178,1.36186,1.00,5.10
2017.05.18 05:22:33.483,1.36178,1.36186,1.00,2.10
2017.05.18 05:22:33.826,1.36178,1.36185,1.00,2.17
2017.05.18 05:22:34.290,1.36175,1.36181,1.50,1.00
2017.05.18 05:22:43.300,1.36177,1.36184,1.50,3.00
2017.05.18 05:22:43.807,1.36177,1.36184,1.50,1.00
2017.05.18 05:22:58.358,1.36177,1.36183,1.00,1.00
2017.05.18 05:22:58.691,1.36171,1.36178,1.00,2.32
2017.05.18 05:22:58.997,1.36167,1.36173,1.00,1.00
2017.05.18 05:23:03.199,1.36169,1.36173,1.00,1.00
2017.05.18 05:23:05.013,1.36173,1.36177,1.00,1.00
2017.05.18 05:23:05.318,1.36175,1.36179,1.00,1.00
2017.05.18 05:23:06.938,1.36173,1.3618,1.00,1.10
2017.05.18 05:23:07.448,1.36173,1.36179,1.00,1.00
2017.05.18 05:23:09.208,1.36176,1.3618,1.00,1.10
2017.05.18 05:23:10.820,1.36176,1.36181,1.00,1.00
2017.05.18 05:23:29.740,1.36177,1.36181,1.00,1.00
2017.05.18 05:23:30.338,1.36176,1.36181,1.00,1.00
2017.05.18 05:23:41.433,1.36178,1.36182,1.00,1.00
2017.05.18 05:23:50.368,1.36178,1.36182,1.00,1.00
2017.05.18 05:23:51.794,1.36178,1.36185,1.00,1.57
2017.05.18 05:23:52.297,1.36178,1.36185,1.00,1.20
2017.05.18 05:24:01.370,1.36176,1.36185,1.87,1.57
2017.05.18 05:24:03.847,1.36176,1.36185,1.87,1.57
2017.05.18 05:24:04.051,1.36179,1.36185,1.00,1.57
2017.05.18 05:24:05.148,1.36177,1.36184,1.00,1.45
2017.05.18 05:24:05.699,1.36177,1.36183,1.00,1.07
2017.05.18 05:24:06.228,1.36177,1.36184,1.00,2.70
2017.05.18 05:24:12.361,1.36176,1.36184,1.50,2.32
2017.05.18 05:24:15.942,1.36177,1.36184,1.00,3.07
2017.05.18 05:24:16.529,1.36178,1.36185,1.00,1.57
2017.05.18 05:24:17.464,1.36178,1.36185,1.50,1.57
2017.05.18 05:24:19.468,1.36179,1.36187,1.00,3.82
2017.05.18 05:24:20.068,1.36179,1.36187,1.00,1.10
2017.05.18 05:24:22.335,1.36179,1.36186,1.00,2.62
2017.05.18 05:24:24.039,1.36179,1.36187,1.00,1.00
2017.05.18 05:24:24.219,1.36182,1.36187,1.50,1.00
2017.05.18 05:24:24.525,1.36186,1.36192,1.00,4.72
2017.05.18 05:24:25.637,1.36187,1.36191,1.00,1.30
2017.05.18 05:24:33.932,1.36187,1.36195,1.00,1.20
2017.05.18 05:24:34.938,1.36186,1.36195,1.50,1.20
2017.05.18 05:24:36.734,1.36186,1.36194,1.50,1.45
2017.05.18 05:24:37.105,1.36184,1.36191,1.50,1.20
2017.05.18 05:24:37.554,1.36183,1.3619,1.00,1.95
2017.05.18 05:24:45.807,1.36182,1.36189,1.50,1.00
2017.05.18 05:24:47.706,1.36182,1.3619,1.00,1.10
2017.05.18 05:24:48.238,1.36182,1.36189,1.00,1.00
2017.05.18 05:24:48.892,1.36182,1.3619,1.00,1.10
2017.05.18 05:24:50.318,1.36182,1.36189,1.00,1.00
2017.05.18 05:24:50.870,1.36182,1.3619,1.00,1.10
2017.05.18 05:24:52.608,1.36184,1.3619,1.00,1.00
2017.05.18 05:24:54.506,1.36184,1.36191,1.00,1.50
2017.05.18 05:24:55.279,1.36184,1.3619,1.00,1.00
2017.05.18 05:24:55.608,1.36186,1.36193,1.50,4.20
2017.05.18 05:24:57.740,1.36187,1.36193,1.00,3.07
2017.05.18 05:24:58.289,1.36187,1.36194,1.00,3.45
2017.05.18 05:25:01.005,1.36188,1.36194,1.00,2.62
2017.05.18 05:25:01.209,1.36188,1.36195,1.00,1.00
2017.05.18 05:25:01.745,1.36187,1.36193,1.00,1.00
2017.05.18 05:25:02.306,1.36187,1.36195,1.00,4.95
2017.05.18 05:25:04.641,1.36191,1.36195,1.50,2.62
2017.05.18 05:25:04.794,1.36191,1.36198,1.00,3.37
2017.05.18 05:25:04.998,1.36191,1.36197,1.00,2.62
2017.05.18 05:25:05.100,1.36191,1.36198,1.00,1.12
2017.05.18 05:25:05.671,1.36191,1.36197,1.00,1.00
2017.05.18 05:25:06.280,1.36191,1.36198,1.00,1.12
2017.05.18 05:25:06.514,1.3619,1.36196,1.00,1.00
2017.05.18 05:25:07.057,1.3619,1.36196,1.50,2.25
2017.05.18 05:25:08.292,1.36191,1.36196,1.00,2.25
2017.05.18 05:25:13.198,1.36192,1.36196,1.00,2.25
2017.05.18 05:25:13.300,1.36192,1.36198,1.00,2.62
2017.05.18 05:25:13.401,1.36192,1.36199,1.00,1.12
2017.05.18 05:25:13.757,1.36192,1.36197,1.00,1.00
2017.05.18 05:25:14.306,1.36191,1.36198,1.00,2.70
2017.05.18 05:25:14.714,1.36191,1.362,1.50,4.95
2017.05.18 05:25:14.969,1.36193,1.362,1.00,2.62
2017.05.18 05:25:15.499,1.36193,1.36201,1.00,2.25
2017.05.18 05:25:16.921,1.36195,1.36201,1.00,2.25
2017.05.18 05:25:17.532,1.36194,1.36201,1.00,2.25
2017.05.18 05:25:18.141,1.362,1.36203,1.00,2.25
2017.05.18 05:25:18.192,1.36198,1.36201,1.00,2.25
2017.05.18 05:25:18.243,1.36198,1.36203,7.50,2.25
2017.05.18 05:25:18.346,1.36201,1.36211,1.00,1.20
2017.05.18 05:25:18.397,1.36203,1.36207,1.12,2.25
2017.05.18 05:25:18.499,1.36204,1.36209,1.00,2.25
2017.05.18 05:25:18.550,1.36204,1.36212,1.00,1.00
2017.05.18 05:25:19.062,1.36204,1.36211,1.00,1.00
2017.05.18 05:25:19.442,1.3621,1.36214,1.00,4.95
2017.05.18 05:25:19.596,1.3621,1.36216,1.00,2.25
2017.05.18 05:25:19.647,1.3621,1.36218,1.00,3.37
2017.05.18 05:25:20.307,1.3621,1.36218,1.00,1.12
2017.05.18 05:25:21.421,1.3621,1.36218,1.00,2.62
2017.05.18 05:25:21.934,1.36209,1.36216,1.00,1.50
2017.05.18 05:25:21.986,1.36206,1.36214,2.25,1.00
2017.05.18 05:25:22.744,1.36207,1.36213,1.00,1.00
2017.05.18 05:25:23.271,1.36205,1.36214,3.00,1.50
2017.05.18 05:25:23.624,1.36204,1.3621,1.00,1.00
2017.05.18 05:25:31.549,1.36203,1.3621,1.50,1.00
2017.05.18 05:25:32.329,1.36203,1.36208,1.00,1.00
2017.05.18 05:25:36.345,1.36202,1.36206,1.00,1.00
2017.05.18 05:25:36.681,1.36201,1.36205,1.00,1.00
2017.05.18 05:25:36.988,1.36198,1.36202,1.00,1.00
2017.05.18 05:25:37.523,1.36198,1.36202,3.00,1.10
2017.05.18 05:25:38.024,1.36197,1.36204,5.25,1.20
2017.05.18 05:25:38.741,1.36198,1.36204,2.25,1.20
2017.05.18 05:25:40.232,1.36197,1.36204,5.25,3.45
2017.05.18 05:25:41.498,1.36198,1.36204,1.00,3.45
2017.05.18 05:25:42.768,1.36198,1.36204,1.00,1.00
2017.05.18 05:25:43.275,1.36198,1.36205,1.50,1.95
2017.05.18 05:25:44.368,1.36199,1.36205,1.00,1.12
2017.05.18 05:25:44.521,1.36201,1.36207,1.00,2.62
2017.05.18 05:25:44.572,1.36201,1.36208,1.00,1.12
2017.05.18 05:25:45.882,1.362,1.36209,1.50,2.70
2017.05.18 05:25:46.383,1.36201,1.3621,1.00,3.82
2017.05.18 05:25:46.920,1.362,1.3621,1.50,3.82
2017.05.18 05:25:51.299,1.36201,1.36208,1.00,1.00
2017.05.18 05:25:51.502,1.36203,1.36209,1.00,2.70
2017.05.18 05:25:55.781,1.36203,1.36211,1.50,1.57
2017.05.18 05:25:56.740,1.36202,1.36209,1.00,1.00
2017.05.18 05:25:57.267,1.36202,1.36208,1.00,1.12
2017.05.18 05:26:00.381,1.36204,1.36211,1.00,3.45
2017.05.18 05:26:00.890,1.36204,1.36211,1.00,1.10
2017.05.18 05:26:01.431,1.3621,1.36213,1.00,3.75
2017.05.18 05:26:01.585,1.36211,1.36217,1.00,1.00
2017.05.18 05:26:04.312,1.36213,1.36218,1.00,1.00
2017.05.18 05:26:05.426,1.36211,1.36218,1.00,1.00
2017.05.18 05:26:06.640,1.3621,1.36218,1.00,1.00
2017.05.18 05:26:06.803,1.3621,1.36217,1.00,3.37
2017.05.18 05:26:07.336,1.3621,1.36215,1.00,1.00
2017.05.18 05:26:11.445,1.3621,1.36216,1.00,1.87
2017.05.18 05:26:13.178,1.3621,1.36215,1.00,1.00
2017.05.18 05:26:13.848,1.3621,1.36216,1.00,2.25
2017.05.18 05:26:14.865,1.3621,1.36215,1.00,1.00
2017.05.18 05:26:15.760,1.3621,1.36216,1.00,1.00
2017.05.18 05:26:17.666,1.3621,1.36215,1.00,1.00
2017.05.18 05:26:19.088,1.36209,1.36214,1.00,1.00
2017.05.18 05:26:19.601,1.36207,1.36212,1.00,1.00
2017.05.18 05:26:19.755,1.36208,1.36214,1.00,1.00
2017.05.18 05:26:20.294,1.36208,1.36213,1.00,1.00
2017.05.18 05:26:20.450,1.36208,1.36215,1.00,1.00
2017.05.18 05:26:23.781,1.36208,1.36216,1.50,1.00
2017.05.18 05:26:26.252,1.36209,1.36218,1.00,3.37
2017.05.18 05:26:26.796,1.36209,1.36217,1.00,1.00
2017.05.18 05:26:27.114,1.36211,1.36217,1.00,1.00
2017.05.18 05:26:27.621,1.36212,1.36217,1.00,1.00
2017.05.18 05:26:28.304,1.36212,1.36218,1.00,1.50
2017.05.18 05:26:29.273,1.36212,1.36217,1.00,1.00
2017.05.18 05:26:29.956,1.36212,1.36218,1.00,1.50
2017.05.18 05:26:30.491,1.36212,1.36217,1.00,1.00
2017.05.18 05:26:31.126,1.36212,1.36218,1.00,1.50
2017.05.18 05:26:31.658,1.36212,1.36217,1.00,1.00
2017.05.18 05:26:32.257,1.36212,1.36218,1.00,1.50
2017.05.18 05:26:33.125,1.36212,1.36217,1.00,1.00
2017.05.18 05:26:33.812,1.36212,1.36218,1.00,1.50
2017.05.18 05:26:34.445,1.36212,1.36217,1.00,1.00
2017.05.18 05:26:34.960,1.36212,1.36218,1.00,1.50
2017.05.18 05:26:35.265,1.36212,1.36216,1.00,1.50
2017.05.18 05:26:35.797,1.36211,1.36215,1.50,1.00
2017.05.18 05:26:36.347,1.36211,1.36216,1.50,1.50
2017.05.18 05:26:37.369,1.36211,1.36215,1.50,1.00
2017.05.18 05:26:38.577,1.36211,1.36216,1.50,1.50
2017.05.18 05:26:39.114,1.36211,1.36215,1.50,1.00
2017.05.18 05:26:40.027,1.36211,1.36216,1.50,1.50
2017.05.18 05:26:41.026,1.36211,1.36215,1.50,1.00
2017.05.18 05:26:41.579,1.36211,1.36216,1.50,1.50
2017.05.18 05:26:42.274,1.36211,1.36215,1.50,1.00
2017.05.18 05:26:42.796,1.36211,1.36216,1.50,1.50
2017.05.18 05:26:43.311,1.36211,1.36215,1.50,1.00
2017.05.18 05:26:43.835,1.36211,1.36216,1.50,1.50
2017.05.18 05:26:44.840,1.36211,1.36215,1.50,1.00
2017.05.18 05:26:45.363,1.36211,1.36216,1.50,1.50
2017.05.18 05:26:45.909,1.36211,1.36215,1.50,1.00
2017.05.18 05:26:46.750,1.3621,1.36215,1.00,1.00
2017.05.18 05:26:47.277,1.3621,1.36216,1.00,2.25
2017.05.18 05:26:50.071,1.3621,1.36215,1.00,1.00
2017.05.18 05:26:51.039,1.3621,1.36216,1.00,1.00
2017.05.18 05:26:51.677,1.36209,1.36213,1.00,1.00
2017.05.18 05:26:53.281,1.36208,1.36213,1.00,1.00
2017.05.18 05:26:53.383,1.36206,1.36213,1.00,1.00
2017.05.18 05:26:54.603,1.36205,1.36211,1.00,1.00
2017.05.18 05:27:04.248,1.36204,1.36211,1.50,1.00
2017.05.18 05:27:04.554,1.36202,1.36209,1.50,1.00
2017.05.18 05:27:05.078,1.36202,1.36208,1.00,1.00
2017.05.18 05:27:05.620,1.36201,1.36208,1.12,1.00
2017.05.18 05:27:10.812,1.36202,1.36211,1.00,3.45
2017.05.18 05:27:12.984,1.36202,1.36212,1.12,3.00
2017.05.18 05:27:20.083,1.36203,1.3621,1.00,1.00
2017.05.18 05:27:20.537,1.362,1.36209,1.12,1.00
2017.05.18 05:27:20.640,1.36199,1.36206,2.25,1.00
2017.05.18 05:27:20.794,1.36196,1.36205,3.00,1.00
2017.05.18 05:27:20.896,1.36196,1.36203,1.00,1.00
2017.05.18 05:27:24.431,1.36194,1.36204,1.00,1.57
2017.05.18 05:27:25.783,1.36194,1.36204,1.00,1.20
2017.05.18 05:27:25.936,1.36194,1.36202,1.50,1.00
2017.05.18 05:27:27.097,1.36194,1.36204,1.12,3.07
2017.05.18 05:27:29.651,1.36194,1.36203,1.12,1.95
2017.05.18 05:27:30.159,1.36194,1.36203,1.00,1.57
2017.05.18 05:27:30.464,1.36196,1.36203,1.00,1.00
2017.05.18 05:27:33.049,1.36194,1.36204,1.00,4.57
2017.05.18 05:27:38.356,1.36192,1.36201,3.37,3.00
2017.05.18 05:27:38.664,1.3619,1.36194,4.50,1.10
2017.05.18 05:27:38.716,1.36185,1.36194,3.37,1.20
2017.05.18 05:27:38.819,1.36185,1.36193,1.00,2.62
2017.05.18 05:27:39.124,1.36185,1.36194,1.12,1.50
2017.05.18 05:27:39.563,1.36188,1.36194,1.00,2.62
2017.05.18 05:27:39.614,1.36188,1.36195,1.00,1.12
2017.05.18 05:27:41.599,1.36189,1.36196,1.00,1.00
2017.05.18 05:27:41.752,1.36189,1.36198,1.00,2.25
2017.05.18 05:27:42.293,1.3619,1.36198,1.00,1.00
2017.05.18 05:27:45.867,1.36192,1.36198,1.00,1.00
2017.05.18 05:27:46.216,1.36192,1.36201,1.00,2.70
2017.05.18 05:27:46.523,1.36191,1.362,1.00,4.20
2017.05.18 05:27:47.033,1.3619,1.36199,1.00,2.70
2017.05.18 05:27:47.558,1.36189,1.36198,1.00,1.57
2017.05.18 05:27:48.099,1.36189,1.36198,1.00,3.82
2017.05.18 05:27:50.107,1.3619,1.36198,1.00,3.45
2017.05.18 05:27:50.616,1.36191,1.36198,1.00,2.62
2017.05.18 05:27:50.718,1.36191,1.362,1.00,2.70
2017.05.18 05:28:06.568,1.36191,1.36199,1.00,4.95
2017.05.18 05:28:07.089,1.36189,1.36197,1.00,1.00
2017.05.18 05:28:07.243,1.36187,1.36195,1.12,1.00
2017.05.18 05:28:07.790,1.36187,1.36195,1.00,3.82
2017.05.18 05:28:08.471,1.36187,1.36195,1.00,1.20
2017.05.18 05:28:08.987,1.36188,1.36196,1.00,1.00
2017.05.18 05:28:18.017,1.36188,1.36198,1.00,1.95
2017.05.18 05:28:21.707,1.36188,1.36198,1.00,1.20
2017.05.18 05:28:23.051,1.3619,1.36198,1.00,1.95
2017.05.18 05:28:23.206,1.36188,1.36198,1.00,1.95
2017.05.18 05:28:23.258,1.36188,1.36198,1.00,2.32
2017.05.18 05:28:23.411,1.36186,1.36196,1.12,3.45
2017.05.18 05:28:23.925,1.36186,1.36195,1.00,2.25
2017.05.18 05:28:26.001,1.36186,1.36195,1.00,1.00
2017.05.18 05:28:26.526,1.36185,1.36195,1.00,1.50
2017.05.18 05:28:26.628,1.36184,1.36192,1.50,1.00
2017.05.18 05:28:26.933,1.36179,1.36189,1.12,3.07
2017.05.18 05:28:27.137,1.36182,1.36189,1.00,3.37
2017.05.18 05:28:27.778,1.36182,1.3619,1.00,3.00
2017.05.18 05:28:33.535,1.36182,1.36191,1.00,2.25
2017.05.18 05:28:34.538,1.36181,1.36188,1.12,1.00
2017.05.18 05:28:36.132,1.36181,1.36191,3.75,3.00
2017.05.18 05:28:36.285,1.36182,1.36192,5.32,3.00
2017.05.18 05:28:36.388,1.36184,1.36194,3.00,1.87
2017.05.18 05:28:36.825,1.36184,1.36192,2.62,1.00
2017.05.18 05:28:37.337,1.36183,1.36192,2.62,1.00
2017.05.18 05:28:37.914,1.36183,1.36192,1.00,1.00
2017.05.18 05:28:41.729,1.36183,1.36192,3.00,1.00
2017.05.18 05:28:42.085,1.36185,1.36192,2.25,1.00
2017.05.18 05:28:45.380,1.36185,1.36193,2.25,1.00
2017.05.18 05:28:45.957,1.36183,1.36193,3.75,1.00
2017.05.18 05:28:52.666,1.36189,1.36196,2.25,2.62
2017.05.18 05:28:52.770,1.36189,1.36199,4.72,1.50
2017.05.18 05:28:52.872,1.36191,1.36199,2.25,1.00
2017.05.18 05:28:53.230,1.3619,1.362,1.00,1.50
2017.05.18 05:28:53.332,1.36191,1.362,2.62,1.00
2017.05.18 05:28:53.434,1.3619,1.362,1.12,1.00
2017.05.18 05:29:00.964,1.3619,1.36198,1.12,1.00
2017.05.18 05:29:01.323,1.36189,1.36196,2.25,1.00
2017.05.18 05:29:01.374,1.36188,1.36196,2.62,1.00
2017.05.18 05:29:02.088,1.36188,1.36196,3.00,1.00
2017.05.18 05:29:03.525,1.36188,1.36194,2.25,1.00
2017.05.18 05:29:03.695,1.36186,1.36193,1.00,1.00
2017.05.18 05:29:03.748,1.36183,1.36193,2.70,1.00
2017.05.18 05:29:05.870,1.36182,1.36193,4.87,1.00
2017.05.18 05:29:11.265,1.36183,1.36193,2.62,1.00
2017.05.18 05:29:11.772,1.36183,1.36192,2.62,1.00
2017.05.18 05:29:13.581,1.36183,1.36193,4.87,1.00
2017.05.18 05:29:14.839,1.36185,1.36195,1.87,1.12
2017.05.18 05:29:16.406,1.36185,1.36194,1.10,1.00
2017.05.18 05:29:16.508,1.36186,1.36194,2.62,1.00
2017.05.18 05:29:17.187,1.36185,1.36194,2.62,1.00
2017.05.18 05:29:20.839,1.36185,1.36192,2.62,1.00
2017.05.18 05:29:20.993,1.36183,1.36191,2.62,1.00
2017.05.18 05:29:21.095,1.36182,1.3619,1.00,1.00
2017.05.18 05:29:23.024,1.36182,1.36187,1.00,1.00
2017.05.18 05:29:23.178,1.36177,1.36186,2.62,1.00
2017.05.18 05:29:23.432,1.36176,1.36183,4.20,1.00
2017.05.18 05:29:24.015,1.36177,1.36183,2.62,1.00
2017.05.18 05:29:27.649,1.36177,1.36184,2.62,1.00
2017.05.18 05:29:28.183,1.36176,1.36184,4.12,1.00
2017.05.18 05:29:29.180,1.36176,1.36183,3.37,1.00
2017.05.18 05:29:29.710,1.36176,1.36184,1.87,1.00
2017.05.18 05:29:30.268,1.36177,1.36184,1.00,1.00
2017.05.18 05:29:32.513,1.36177,1.36183,1.00,1.00
2017.05.18 05:29:33.025,1.36176,1.36182,1.00,1.00
2017.05.18 05:29:35.886,1.36176,1.36183,1.50,1.00
2017.05.18 05:29:39.827,1.36175,1.36183,1.00,1.00
2017.05.18 05:29:40.335,1.36174,1.36182,1.12,1.00
2017.05.18 05:29:40.872,1.36175,1.36182,1.00,1.00
2017.05.18 05:29:43.226,1.36174,1.36182,1.12,1.00
2017.05.18 05:29:43.630,1.36175,1.36182,2.25,1.00
2017.05.18 05:29:44.127,1.3617,1.36178,3.00,1.00
2017.05.18 05:29:44.333,1.36169,1.36178,1.00,1.50
2017.05.18 05:29:44.740,1.3617,1.36176,1.00,1.00
2017.05.18 05:29:44.945,1.36167,1.36175,3.00,1.00
2017.05.18 05:29:45.200,1.36166,1.36174,1.50,1.00
2017.05.18 05:29:45.773,1.36167,1.36174,1.00,1.00
2017.05.18 05:29:46.495,1.36166,1.36174,1.50,1.00
2017.05.18 05:29:48.707,1.36167,1.36174,1.00,1.00
2017.05.18 05:29:49.878,1.36167,1.36173,1.50,1.00
2017.05.18 05:29:50.448,1.36168,1.36174,1.00,1.00
2017.05.18 05:29:50.961,1.36167,1.36174,1.12,1.00
2017.05.18 05:29:53.584,1.36168,1.36174,1.00,1.00
2017.05.18 05:29:56.205,1.36167,1.36174,1.87,1.00
2017.05.18 05:29:56.756,1.36167,1.36173,1.50,1.00
2017.05.18 05:30:04.373,1.36172,1.36176,1.00,1.87
2017.05.18 05:30:04.424,1.3617,1.36177,1.00,2.62
2017.05.18 05:30:04.578,1.3617,1.36178,1.37,1.87
2017.05.18 05:30:05.085,1.3617,1.36177,1.00,1.00
2017.05.18 05:30:05.999,1.36171,1.36178,1.00,1.87
2017.05.18 05:30:06.377,1.36169,1.36176,1.12,1.00
2017.05.18 05:30:06.885,1.36169,1.36175,1.00,1.00
2017.05.18 05:30:07.489,1.3617,1.36175,1.00,1.00
2017.05.18 05:30:09.040,1.36167,1.36175,1.50,1.00
2017.05.18 05:30:10.101,1.3617,1.36176,1.00,1.00
2017.05.18 05:30:10.203,1.36168,1.36175,1.00,1.00
2017.05.18 05:30:10.941,1.36167,1.36175,2.25,1.00
2017.05.18 05:30:11.450,1.36168,1.36175,1.00,1.00
2017.05.18 05:30:12.685,1.36167,1.36175,2.25,1.00
2017.05.18 05:30:13.203,1.36168,1.36175,1.00,1.00
2017.05.18 05:30:15.812,1.36167,1.36174,3.00,1.00
2017.05.18 05:30:16.318,1.36167,1.36174,2.25,1.50
2017.05.18 05:30:18.725,1.36168,1.36175,1.00,3.37
2017.05.18 05:30:18.878,1.36168,1.36177,1.00,3.82
2017.05.18 05:30:18.981,1.36168,1.36176,1.00,4.12
2017.05.18 05:30:19.084,1.36168,1.36176,1.12,1.50
2017.05.18 05:30:20.820,1.36168,1.36176,1.00,2.62
2017.05.18 05:30:23.490,1.36169,1.36176,1.00,2.25
2017.05.18 05:30:24.043,1.36168,1.36177,1.87,5.62
2017.05.18 05:30:26.812,1.36169,1.36176,1.00,1.37
2017.05.18 05:30:27.745,1.36168,1.36177,1.87,4.87
2017.05.18 05:30:28.488,1.36169,1.36177,1.00,4.87
2017.05.18 05:30:28.996,1.36167,1.36174,2.62,1.00
2017.05.18 05:30:29.722,1.36167,1.36174,2.25,1.00
2017.05.18 05:30:30.265,1.36167,1.36173,1.00,1.00
2017.05.18 05:30:32.475,1.36166,1.36173,1.87,1.00
2017.05.18 05:30:33.385,1.36167,1.36173,1.00,1.00
2017.05.18 05:30:33.906,1.36166,1.36173,1.50,1.00
2017.05.18 05:30:36.213,1.36167,1.36173,1.00,1.00
2017.05.18 05:30:36.416,1.36167,1.36175,1.00,1.50
2017.05.18 05:30:36.953,1.36166,1.36175,1.50,1.50
2017.05.18 05:30:37.717,1.36167,1.36175,1.00,1.50
2017.05.18 05:30:38.287,1.36166,1.36175,1.50,1.50
2017.05.18 05:30:39.047,1.36168,1.36175,1.00,1.50
2017.05.18 05:30:43.232,1.36169,1.36175,1.00,1.50
2017.05.18 05:30:43.510,1.36167,1.36174,1.50,1.12
2017.05.18 05:31:00.411,1.36166,1.36174,1.00,1.00
2017.05.18 05:31:03.842,1.36167,1.36174,1.00,1.00
2017.05.18 05:31:03.893,1.36169,1.36174,1.00,1.00
2017.05.18 05:31:04.420,1.3617,1.36177,1.00,3.82
2017.05.18 05:31:19.932,1.36168,1.36176,1.00,1.50
2017.05.18 05:31:20.299,1.3617,1.36176,1.00,1.00
2017.05.18 05:31:21.940,1.36169,1.36176,1.00,1.50
2017.05.18 05:31:22.256,1.36169,1.36176,1.00,3.37
2017.05.18 05:31:25.825,1.36169,1.36177,1.00,1.50
2017.05.18 05:31:32.874,1.3617,1.36177,1.00,1.50
2017.05.18 05:31:36.104,1.36168,1.36178,1.00,4.20
2017.05.18 05:31:43.232,1.36169,1.36178,1.00,4.20
2017.05.18 05:31:43.386,1.36169,1.36178,1.50,2.44
2017.05.18 05:31:45.855,1.36169,1.36178,1.00,2.25
2017.05.18 05:31:52.416,1.36168,1.36178,1.12,1.50
2017.05.18 05:31:52.598,1.36171,1.36178,1.00,3.00
2017.05.18 05:31:54.132,1.36171,1.36178,1.00,2.70
2017.05.18 05:32:01.234,1.36169,1.36178,1.50,3.45
2017.05.18 05:32:01.651,1.36174,1.36178,1.00,1.20
2017.05.18 05:32:01.754,1.36174,1.36181,1.00,3.07
2017.05.18 05:32:01.857,1.36173,1.36181,1.12,1.12
2017.05.18 05:32:02.373,1.36173,1.36182,1.50,1.57
2017.05.18 05:32:03.916,1.36174,1.36182,1.00,1.20
2017.05.18 05:32:04.492,1.36174,1.36182,1.37,1.10
2017.05.18 05:32:05.058,1.36176,1.36182,1.00,1.10
2017.05.18 05:32:05.611,1.36177,1.36184,1.00,1.47
2017.05.18 05:32:06.214,1.36176,1.36186,1.50,4.57
2017.05.18 05:32:13.073,1.36176,1.3618,1.00,1.00
2017.05.18 05:32:13.607,1.36175,1.36181,2.62,1.00
2017.05.18 05:32:25.827,1.36175,1.36179,1.00,1.00
2017.05.18 05:32:32.360,1.36174,1.36178,2.62,1.00
2017.05.18 05:32:32.412,1.36174,1.36178,1.00,1.00
2017.05.18 05:32:32.874,1.36171,1.36178,1.50,1.00
2017.05.18 05:32:32.926,1.36172,1.36178,2.25,1.00
2017.05.18 05:32:33.332,1.36172,1.36176,1.00,1.00
2017.05.18 05:32:33.486,1.36168,1.36174,2.62,1.00
2017.05.18 05:32:34.127,1.36168,1.36174,2.62,1.00
2017.05.18 05:32:35.860,1.36168,1.36174,2.62,1.00
2017.05.18 05:32:45.124,1.36168,1.36174,2.62,1.00
2017.05.18 05:32:45.277,1.36169,1.36173,1.00,1.00
2017.05.18 05:32:58.512,1.36168,1.36174,2.62,1.00
2017.05.18 05:33:04.910,1.36167,1.36173,2.62,1.00
2017.05.18 05:33:05.736,1.36167,1.36173,2.62,1.00
2017.05.18 05:33:06.250,1.36167,1.36173,2.62,1.00
2017.05.18 05:33:08.510,1.36169,1.36177,3.75,1.00
2017.05.18 05:33:08.716,1.36172,1.36179,1.50,1.00
2017.05.18 05:33:08.819,1.36172,1.36179,3.75,1.00
2017.05.18 05:33:09.377,1.36173,1.36179,2.62,1.00
2017.05.18 05:33:15.139,1.36174,1.3618,2.62,1.00
2017.05.18 05:33:15.292,1.36175,1.36181,2.25,1.00
2017.05.18 05:33:15.343,1.36172,1.36178,2.62,1.00
2017.05.18 05:33:17.810,1.36171,1.36177,4.72,1.00
2017.05.18 05:33:18.343,1.36172,1.36178,2.62,1.00
2017.05.18 05:33:19.112,1.36171,1.36177,2.62,1.00
2017.05.18 05:33:19.449,1.3617,1.36174,1.00,1.00
2017.05.18 05:33:19.979,1.36169,1.36175,2.62,1.00
2017.05.18 05:33:21.313,1.36169,1.36176,2.62,1.00
2017.05.18 05:33:21.364,1.3617,1.36174,1.00,1.00
2017.05.18 05:33:21.894,1.36172,1.36176,1.00,1.00
2017.05.18 05:33:22.504,1.36171,1.36175,1.00,1.00
2017.05.18 05:33:23.521,1.3617,1.36176,2.62,1.00
2017.05.18 05:33:24.027,1.36171,1.36177,2.62,1.00
2017.05.18 05:33:26.835,1.3617,1.36174,1.00,1.00
2017.05.18 05:33:27.373,1.3617,1.36174,1.00,1.00
2017.05.18 05:33:28.660,1.36169,1.36173,1.00,1.00
2017.05.18 05:33:28.762,1.36168,1.36171,3.75,1.00
2017.05.18 05:33:29.303,1.36167,1.36173,2.62,1.00
2017.05.18 05:33:29.914,1.36167,1.36173,2.62,1.00
2017.05.18 05:33:31.825,1.36167,1.36173,2.62,1.00
2017.05.18 05:33:33.257,1.36165,1.36173,3.37,1.00
2017.05.18 05:33:34.256,1.36165,1.36174,3.37,1.00
2017.05.18 05:33:35.889,1.36165,1.36172,3.37,1.00
2017.05.18 05:33:41.331,1.36165,1.36174,5.47,1.00
2017.05.18 05:33:41.484,1.36168,1.36174,2.62,1.00
2017.05.18 05:33:42.200,1.36169,1.36176,1.50,1.57
2017.05.18 05:33:42.618,1.36172,1.36176,1.00,1.00
2017.05.18 05:33:42.772,1.36174,1.36181,1.00,3.45
2017.05.18 05:33:42.976,1.36174,1.36183,1.50,2.70
2017.05.18 05:33:43.851,1.36176,1.36182,1.00,1.20
2017.05.18 05:33:44.367,1.36176,1.36183,1.12,1.20
2017.05.18 05:33:45.882,1.36176,1.36182,1.00,1.10
2017.05.18 05:33:50.301,1.36178,1.36185,1.00,1.95
2017.05.18 05:33:50.814,1.36179,1.36185,1.00,1.37
2017.05.18 05:33:50.917,1.36178,1.36187,1.12,1.12
2017.05.18 05:33:51.436,1.36178,1.36187,1.50,1.10
2017.05.18 05:33:56.372,1.3618,1.36187,1.00,1.20
2017.05.18 05:33:56.614,1.36184,1.36189,1.00,1.47
2017.05.18 05:33:56.717,1.36184,1.3619,1.00,1.00
2017.05.18 05:33:57.264,1.36184,1.36192,1.00,1.57
2017.05.18 05:33:59.585,1.36185,1.36192,1.00,1.07
2017.05.18 05:34:00.096,1.36184,1.36193,1.50,3.45
2017.05.18 05:34:00.640,1.36185,1.36193,1.00,1.20
2017.05.18 05:34:00.691,1.36185,1.36194,3.37,1.87
2017.05.18 05:34:01.026,1.36183,1.36191,1.00,1.20
2017.05.18 05:34:01.230,1.36181,1.36191,1.12,1.95
2017.05.18 05:34:01.834,1.36182,1.36189,1.00,1.00
2017.05.18 05:34:02.401,1.36183,1.3619,1.12,1.20
2017.05.18 05:34:03.067,1.36183,1.3619,1.00,1.57
2017.05.18 05:34:05.268,1.36184,1.36191,1.00,2.62
2017.05.18 05:34:05.370,1.36185,1.36191,1.00,2.62
2017.05.18 05:34:05.421,1.36187,1.36191,1.00,1.00
2017.05.18 05:34:05.523,1.36188,1.36193,1.00,1.00
2017.05.18 05:34:05.707,1.36188,1.36195,1.00,2.25
2017.05.18 05:34:07.815,1.36189,1.36195,1.00,1.50
2017.05.18 05:34:08.122,1.36188,1.36197,1.50,1.50
2017.05.18 05:34:08.406,1.3619,1.36197,1.00,1.50
2017.05.18 05:34:09.870,1.3619,1.36199,1.21,7.20
2017.05.18 05:34:13.817,1.36187,1.36197,1.40,1.57
2017.05.18 05:34:14.037,1.36187,1.36197,1.22,1.57
2017.05.18 05:34:14.241,1.36185,1.36194,1.50,1.95
2017.05.18 05:34:14.569,1.36185,1.36192,1.00,1.37
2017.05.18 05:34:14.719,1.36185,1.36191,1.00,1.00
2017.05.18 05:34:14.923,1.36183,1.36191,1.00,1.00
2017.05.18 05:34:15.228,1.36183,1.3619,1.00,1.37
2017.05.18 05:34:18.258,1.36183,1.36192,1.00,1.10
2017.05.18 05:34:19.734,1.36181,1.3619,1.38,1.00
2017.05.18 05:34:19.836,1.36181,1.3619,1.37,1.37
2017.05.18 05:34:19.989,1.36181,1.3619,1.38,1.00
2017.05.18 05:34:20.040,1.36181,1.36192,1.00,1.12
2017.05.18 05:34:20.195,1.36183,1.36189,1.00,1.00
2017.05.18 05:34:20.614,1.36183,1.36193,1.12,4.42
2017.05.18 05:34:21.150,1.36185,1.36194,1.00,5.70
2017.05.18 05:34:21.694,1.36185,1.36192,1.00,1.50
2017.05.18 05:34:21.832,1.36186,1.36193,1.00,3.37
2017.05.18 05:34:21.934,1.36186,1.36195,1.12,4.12
2017.05.18 05:34:22.477,1.36186,1.36194,1.00,2.70
2017.05.18 05:34:24.846,1.36186,1.36195,1.12,4.12
2017.05.18 05:34:30.026,1.36188,1.36195,1.00,3.37
2017.05.18 05:34:30.544,1.36188,1.36195,1.00,1.50
2017.05.18 05:34:30.860,1.3619,1.36195,1.00,1.50
2017.05.18 05:34:30.911,1.36187,1.36195,1.12,1.50
2017.05.18 05:34:31.064,1.36188,1.36196,3.37,1.00
2017.05.18 05:34:31.597,1.36189,1.36196,2.62,1.00
2017.05.18 05:34:31.954,1.36188,1.36196,1.50,1.00
2017.05.18 05:34:32.524,1.36188,1.36197,1.50,1.50
2017.05.18 05:34:35.251,1.36188,1.36202,1.50,5.47
2017.05.18 05:34:35.580,1.36188,1.36201,1.50,26.70
2017.05.18 05:34:35.682,1.36188,1.36197,1.50,1.50
2017.05.18 05:34:38.569,1.36188,1.36197,2.62,1.00
2017.05.18 05:34:39.102,1.36189,1.36198,1.50,1.00
2017.05.18 05:34:45.872,1.36189,1.36198,1.50,1.12
2017.05.18 05:34:47.174,1.36189,1.36198,2.62,1.50
2017.05.18 05:34:47.717,1.36188,1.36198,3.37,1.37
2017.05.18 05:34:49.704,1.36187,1.36197,4.12,1.10
2017.05.18 05:34:55.116,1.36187,1.36195,2.62,1.00
2017.05.18 05:34:55.425,1.36183,1.36191,2.62,1.10
2017.05.18 05:34:55.785,1.36184,1.36193,2.62,1.12
2017.05.18 05:35:02.999,1.36185,1.36194,2.62,1.12
2017.05.18 05:35:03.305,1.36184,1.36194,1.50,3.00
2017.05.18 05:35:03.852,1.36184,1.36194,3.37,1.57
2017.05.18 05:35:03.954,1.36184,1.36194,1.12,1.95
2017.05.18 05:35:05.612,1.36184,1.36194,3.37,1.57
2017.05.18 05:35:06.137,1.36184,1.36194,1.37,3.45
2017.05.18 05:35:27.862,1.36184,1.36193,2.62,1.20
2017.05.18 05:35:27.964,1.36183,1.36193,1.50,1.20
2017.05.18 05:35:28.773,1.36183,1.36193,3.37,1.00
2017.05.18 05:35:32.353,1.36185,1.36195,1.50,2.70
2017.05.18 05:35:37.443,1.36187,1.36194,1.00,1.00
2017.05.18 05:35:37.697,1.36187,1.36194,3.37,1.00
2017.05.18 05:35:41.692,1.36186,1.36195,2.62,1.12
2017.05.18 05:35:43.619,1.36187,1.36194,1.37,1.00
2017.05.18 05:35:43.873,1.36185,1.36193,1.50,1.00
2017.05.18 05:35:44.424,1.36183,1.3619,2.62,1.00
2017.05.18 05:35:44.679,1.36178,1.36186,3.37,1.00
2017.05.18 05:35:45.272,1.36179,1.36189,1.37,3.45
2017.05.18 05:35:45.374,1.3618,1.36189,2.62,1.12
2017.05.18 05:35:45.501,1.3618,1.36189,1.00,1.50
2017.05.18 05:35:47.349,1.36179,1.36189,3.37,1.12
2017.05.18 05:35:47.503,1.36181,1.36187,1.00,1.00
2017.05.18 05:35:47.813,1.36178,1.36185,3.37,1.00
2017.05.18 05:35:48.335,1.36178,1.36185,1.50,1.00
2017.05.18 05:35:50.883,1.36177,1.36186,2.62,2.70
2017.05.18 05:35:50.985,1.36175,1.36185,1.50,1.12
2017.05.18 05:35:51.510,1.36175,1.36184,1.00,1.95
2017.05.18 05:36:01.705,1.36175,1.36184,2.62,1.00
2017.05.18 05:36:02.111,1.36178,1.36186,1.37,1.95
2017.05.18 05:36:03.683,1.36178,1.36186,1.12,1.57
2017.05.18 05:36:04.497,1.36178,1.36186,1.37,1.50
2017.05.18 05:36:06.676,1.36179,1.36188,1.12,1.12
2017.05.18 05:36:06.779,1.3618,1.36189,2.10,1.00
2017.05.18 05:36:07.313,1.36181,1.36191,1.37,3.82
2017.05.18 05:36:07.612,1.36182,1.36192,1.12,1.57
2017.05.18 05:36:07.816,1.36184,1.36191,1.00,1.12
2017.05.18 05:36:13.620,1.36182,1.36192,1.72,1.57
2017.05.18 05:36:15.527,1.36181,1.36191,3.97,1.00
2017.05.18 05:36:16.055,1.36181,1.36191,1.12,1.95
2017.05.18 05:36:16.598,1.3618,1.36189,1.00,1.57
2017.05.18 05:36:18.663,1.36181,1.3619,1.00,1.50
2017.05.18 05:36:22.949,1.36182,1.3619,1.00,1.10
2017.05.18 05:36:23.254,1.36183,1.3619,1.87,1.00
2017.05.18 05:36:23.977,1.36184,1.36192,1.12,1.37
2017.05.18 05:36:28.618,1.36185,1.36193,1.00,2.62
2017.05.18 05:36:28.873,1.36187,1.36194,1.00,1.20
2017.05.18 05:36:33.443,1.36189,1.36194,1.00,1.12
2017.05.18 05:36:33.545,1.36189,1.36198,1.00,3.07
2017.05.18 05:36:37.659,1.36188,1.36198,1.00,3.82
2017.05.18 05:36:38.172,1.36189,1.36198,1.12,3.45
2017.05.18 05:36:50.301,1.36188,1.36196,1.00,1.57
2017.05.18 05:36:50.819,1.36187,1.36196,1.00,3.45
2017.05.18 05:36:50.921,1.36185,1.36194,1.12,1.12
2017.05.18 05:36:59.135,1.36185,1.36194,1.50,1.00
2017.05.18 05:37:05.926,1.36186,1.36194,1.37,1.12
2017.05.18 05:37:10.198,1.36188,1.36194,1.00,1.12
2017.05.18 05:37:19.866,1.36188,1.36194,1.00,1.57
2017.05.18 05:37:25.880,1.36188,1.36194,1.00,1.12
2017.05.18 05:37:43.255,1.36189,1.36196,1.00,2.62
2017.05.18 05:37:43.408,1.36189,1.36197,1.00,1.50
2017.05.18 05:37:43.680,1.36191,1.36197,1.00,1.50
2017.05.18 05:37:43.986,1.36195,1.36201,1.00,2.62
2017.05.18 05:37:44.517,1.36195,1.36202,1.00,2.62
2017.05.18 05:37:45.005,1.36194,1.362,1.00,2.62
2017.05.18 05:37:45.107,1.36195,1.36201,1.00,1.00
2017.05.18 05:37:56.887,1.36195,1.36202,1.00,1.00
2017.05.18 05:37:59.920,1.36195,1.36203,1.00,2.62
2017.05.18 05:38:00.517,1.36195,1.36202,1.00,2.62
2017.05.18 05:38:03.103,1.36194,1.36202,1.00,2.62
2017.05.18 05:38:03.697,1.36194,1.36201,1.00,2.70
2017.05.18 05:38:05.056,1.36191,1.36201,1.00,3.45
2017.05.18 05:38:05.664,1.36192,1.36201,1.50,2.62
2017.05.18 05:38:05.873,1.36192,1.36201,1.50,1.50
2017.05.18 05:38:05.975,1.36192,1.36202,4.12,1.50
2017.05.18 05:38:06.539,1.36193,1.36202,3.37,1.50
2017.05.18 05:38:25.174,1.36199,1.36205,1.50,2.62
2017.05.18 05:38:25.276,1.36201,1.36208,1.00,2.62
2017.05.18 05:38:25.328,1.36201,1.36209,1.00,3.00
2017.05.18 05:38:25.879,1.36201,1.36209,1.00,3.75
2017.05.18 05:38:30.516,1.36201,1.36209,1.87,2.25
2017.05.18 05:38:34.946,1.36202,1.3621,1.50,3.45
2017.05.18 05:38:35.150,1.36203,1.3621,1.12,1.00
2017.05.18 05:38:35.672,1.36203,1.36211,2.62,1.00
2017.05.18 05:38:36.184,1.36203,1.3621,1.00,1.50
2017.05.18 05:38:36.687,1.36203,1.3621,1.37,1.00
2017.05.18 05:38:48.750,1.36201,1.36209,3.37,1.00
2017.05.18 05:38:48.853,1.362,1.36209,1.87,1.20
2017.05.18 05:38:53.159,1.36201,1.3621,1.00,1.50
2017.05.18 05:38:57.942,1.36201,1.3621,2.62,1.50
2017.05.18 05:39:00.066,1.362,1.3621,4.87,1.50
2017.05.18 05:39:00.650,1.36201,1.36209,1.00,1.37
2017.05.18 05:39:13.787,1.36199,1.36207,4.12,1.00
2017.05.18 05:39:13.991,1.36199,1.36208,1.87,1.12
2017.05.18 05:39:45.324,1.362,1.36208,1.00,1.12
2017.05.18 05:39:45.833,1.36199,1.36208,3.37,1.00
2017.05.18 05:39:46.374,1.36199,1.36207,4.12,1.00
2017.05.18 05:39:46.561,1.36199,1.36207,1.87,1.00
2017.05.18 05:39:50.190,1.36201,1.3621,1.00,3.82
2017.05.18 05:39:50.617,1.36198,1.36205,1.87,1.00
2017.05.18 05:39:50.872,1.36195,1.36202,1.50,1.10
2017.05.18 05:39:51.417,1.36194,1.36203,1.12,4.20
2017.05.18 05:39:55.293,1.36192,1.36201,1.12,1.12
2017.05.18 05:39:55.446,1.36195,1.36201,1.00,1.07
2017.05.18 05:39:59.149,1.36194,1.36199,1.00,1.50
2017.05.18 05:39:59.302,1.36191,1.36199,1.12,3.07
2017.05.18 05:39:59.507,1.36189,1.36196,1.12,1.00
2017.05.18 05:40:00.032,1.36189,1.36195,1.00,1.10
2017.05.18 05:40:00.751,1.36189,1.36195,1.00,2.70
2017.05.18 05:40:02.882,1.36189,1.36195,1.00,1.10
2017.05.18 05:40:02.933,1.36192,1.36197,1.00,1.45
2017.05.18 05:40:03.239,1.36192,1.36198,1.00,1.10
2017.05.18 05:40:03.341,1.36195,1.36199,1.00,2.70
2017.05.18 05:40:03.851,1.36194,1.36199,1.00,1.50
2017.05.18 05:40:04.360,1.36193,1.362,1.00,2.70
2017.05.18 05:40:06.409,1.36195,1.36199,1.00,1.10
2017.05.18 05:40:06.570,1.36192,1.362,1.50,1.00
2017.05.18 05:40:06.622,1.36192,1.36202,2.62,1.47
2017.05.18 05:40:06.725,1.36192,1.36201,1.12,1.07
2017.05.18 05:40:07.446,1.36196,1.36201,1.00,1.07
2017.05.18 05:40:07.989,1.36195,1.36201,1.00,1.07
2017.05.18 05:40:08.509,1.36195,1.36201,1.00,3.07
2017.05.18 05:40:08.714,1.36193,1.36199,1.00,1.45
2017.05.18 05:40:09.065,1.36191,1.36198,1.00,1.10
2017.05.18 05:40:11.517,1.36193,1.36199,1.00,1.47
2017.05.18 05:40:12.226,1.36193,1.362,1.00,2.32
2017.05.18 05:40:15.059,1.36194,1.362,1.00,1.57
2017.05.18 05:40:17.911,1.36194,1.362,1.00,3.07
2017.05.18 05:40:21.728,1.36194,1.36201,1.00,3.82
2017.05.18 05:40:24.106,1.36194,1.36199,1.00,1.35
2017.05.18 05:40:24.157,1.36191,1.36199,1.50,1.72
2017.05.18 05:40:24.698,1.36191,1.36198,1.00,1.57
2017.05.18 05:40:27.154,1.36193,1.36198,1.00,1.57
2017.05.18 05:40:27.425,1.36192,1.36199,1.50,1.00
2017.05.18 05:40:29.667,1.36192,1.36201,1.50,1.45
2017.05.18 05:40:30.270,1.36194,1.362,1.00,1.45
2017.05.18 05:40:35.065,1.36195,1.362,1.00,1.57
2017.05.18 05:40:36.616,1.36196,1.362,1.00,1.10
2017.05.18 05:40:36.813,1.36194,1.362,1.00,2.62
2017.05.18 05:40:36.864,1.36197,1.36203,1.00,1.57
2017.05.18 05:40:39.398,1.36198,1.36203,1.00,1.45
2017.05.18 05:40:39.500,1.36196,1.36202,1.00,1.45
2017.05.18 05:40:39.602,1.36196,1.36203,1.00,1.20
2017.05.18 05:40:40.120,1.36196,1.36203,1.00,3.07
2017.05.18 05:40:45.220,1.36195,1.36202,1.00,1.45
2017.05.18 05:40:45.424,1.36194,1.36198,1.00,1.00
2017.05.18 05:40:45.527,1.36194,1.362,1.00,1.00
2017.05.18 05:40:45.733,1.36196,1.36202,1.00,1.95
2017.05.18 05:40:46.318,1.36196,1.36201,1.00,1.07
2017.05.18 05:40:46.832,1.36196,1.36202,1.00,1.20
2017.05.18 05:40:51.047,1.36198,1.36202,1.00,1.10
2017.05.18 05:40:53.190,1.36197,1.36202,1.00,1.07
2017.05.18 05:40:55.109,1.36198,1.36202,1.00,1.10
2017.05.18 05:40:55.413,1.36196,1.36202,1.00,1.07
2017.05.18 05:40:55.922,1.36196,1.36202,1.00,1.10
2017.05.18 05:41:02.321,1.36196,1.36202,1.00,1.95
2017.05.18 05:41:02.576,1.36196,1.36204,1.00,1.95
2017.05.18 05:41:05.231,1.36196,1.36203,1.00,2.32
2017.05.18 05:41:05.283,1.36196,1.36202,1.00,3.07
2017.05.18 05:41:05.741,1.36194,1.36198,1.00,1.00
2017.05.18 05:41:05.844,1.36194,1.36198,1.00,1.00
2017.05.18 05:41:05.946,1.36192,1.36198,1.00,1.00
2017.05.18 05:41:06.212,1.36195,1.36201,1.00,2.70
2017.05.18 05:41:06.522,1.36202,1.36205,1.00,1.87
2017.05.18 05:41:06.624,1.36203,1.36207,1.12,2.25
2017.05.18 05:41:06.676,1.36206,1.36211,1.00,1.00
2017.05.18 05:41:06.779,1.3621,1.36213,1.00,1.00
2017.05.18 05:41:06.830,1.3621,1.36215,1.00,1.12
2017.05.18 05:41:06.882,1.36209,1.36213,1.00,1.00
2017.05.18 05:41:06.933,1.3621,1.36216,1.00,1.00
2017.05.18 05:41:07.188,1.36212,1.36217,1.00,1.00
2017.05.18 05:41:07.494,1.36213,1.36217,1.00,1.00
2017.05.18 05:41:07.716,1.36213,1.36218,1.00,1.12
2017.05.18 05:41:08.219,1.36214,1.36218,1.50,1.87
2017.05.18 05:41:08.721,1.36213,1.36217,1.50,1.00
2017.05.18 05:41:09.239,1.36213,1.36218,1.00,1.12
2017.05.18 05:41:09.494,1.36212,1.36216,1.00,1.00
2017.05.18 05:41:10.036,1.36212,1.36217,1.00,1.00
2017.05.18 05:41:10.621,1.36212,1.36216,1.00,1.00
2017.05.18 05:41:11.162,1.36212,1.36217,1.00,1.00
2017.05.18 05:41:11.706,1.36216,1.36219,1.00,1.87
2017.05.18 05:41:11.808,1.36217,1.36222,1.00,2.25
2017.05.18 05:41:12.012,1.36217,1.36225,1.00,2.70
2017.05.18 05:41:12.521,1.36217,1.36222,2.25,1.00
2017.05.18 05:41:13.098,1.36218,1.36222,1.00,1.00
2017.05.18 05:41:14.307,1.36217,1.36222,2.25,1.00
2017.05.18 05:41:15.145,1.36218,1.36222,1.50,1.00
2017.05.18 05:41:19.213,1.36218,1.36224,1.50,1.00
2017.05.18 05:41:28.319,1.36217,1.36224,2.25,1.00
2017.05.18 05:41:29.094,1.36218,1.36224,1.00,1.00
2017.05.18 05:41:30.253,1.36217,1.36224,1.00,1.00
2017.05.18 05:41:30.355,1.36217,1.36222,1.00,1.00
2017.05.18 05:41:30.502,1.36217,1.36224,1.00,1.00
2017.05.18 05:41:30.553,1.36216,1.36223,1.00,2.62
2017.05.18 05:41:31.065,1.36215,1.36223,1.50,2.62
2017.05.18 05:41:32.404,1.36217,1.36223,1.00,2.62
2017.05.18 05:41:35.175,1.36219,1.36223,1.00,2.62
2017.05.18 05:41:35.226,1.36219,1.36226,1.00,3.07
2017.05.18 05:41:36.953,1.36218,1.36226,1.00,4.20
2017.05.18 05:41:39.227,1.36217,1.36225,1.00,1.37
2017.05.18 05:41:39.990,1.36216,1.36223,2.25,1.00
2017.05.18 05:41:40.727,1.36216,1.36224,2.25,1.12
2017.05.18 05:41:45.743,1.36216,1.36224,1.00,2.70
2017.05.18 05:41:46.343,1.36216,1.36223,1.00,2.70
2017.05.18 05:41:47.578,1.36216,1.36223,1.00,1.00
2017.05.18 05:41:47.629,1.36217,1.36223,1.00,2.62
2017.05.18 05:41:48.288,1.36218,1.36223,1.00,2.70
2017.05.18 05:41:55.165,1.36217,1.36223,1.00,2.70
2017.05.18 05:41:55.269,1.36217,1.36224,1.00,1.57
2017.05.18 05:41:55.817,1.36218,1.36225,1.00,4.20
2017.05.18 05:41:58.823,1.36222,1.36225,1.00,2.25
2017.05.18 05:41:58.977,1.36225,1.36229,1.00,1.00
2017.05.18 05:41:59.181,1.36226,1.36232,1.00,2.62
2017.05.18 05:41:59.729,1.36227,1.36232,1.00,2.62
2017.05.18 05:42:00.306,1.36226,1.36232,1.00,2.62
2017.05.18 05:42:00.881,1.36226,1.36233,1.00,1.12
2017.05.18 05:42:02.316,1.36227,1.36234,1.00,1.50
2017.05.18 05:42:05.295,1.36229,1.36235,1.00,7.12
2017.05.18 05:42:05.346,1.36227,1.36235,1.00,6.37
2017.05.18 05:42:05.448,1.36229,1.36235,1.00,2.62
2017.05.18 05:42:06.167,1.36229,1.36236,1.00,4.27
2017.05.18 05:42:06.473,1.36227,1.36234,1.50,1.12
2017.05.18 05:42:06.724,1.36229,1.36234,1.00,1.12
2017.05.18 05:42:07.029,1.3623,1.36235,1.00,1.65
2017.05.18 05:42:07.290,1.36229,1.36234,1.00,1.12
2017.05.18 05:42:07.393,1.36229,1.36237,1.00,1.87
2017.05.18 05:42:07.495,1.3623,1.36235,1.00,1.00
2017.05.18 05:42:08.907,1.36228,1.36234,1.00,1.00
2017.05.18 05:42:09.010,1.36228,1.36232,1.00,1.00
2017.05.18 05:42:09.317,1.36231,1.36235,1.00,2.62
2017.05.18 05:42:09.524,1.36233,1.36239,1.00,3.37
2017.05.18 05:42:10.034,1.36234,1.36239,1.00,1.50
2017.05.18 05:42:10.709,1.36233,1.36239,1.00,1.50
2017.05.18 05:42:13.767,1.3623,1.36236,1.87,1.12
2017.05.18 05:42:13.871,1.36229,1.36235,1.12,2.25
2017.05.18 05:42:13.924,1.36228,1.36234,1.12,2.25
2017.05.18 05:42:14.038,1.36229,1.36236,1.12,4.27
2017.05.18 05:42:15.219,1.36229,1.36235,1.00,2.77
2017.05.18 05:42:15.976,1.36231,1.36235,1.00,4.50
2017.05.18 05:42:16.510,1.3623,1.36236,1.00,2.62
2017.05.18 05:42:17.019,1.36232,1.36236,1.00,2.25
2017.05.18 05:42:17.226,1.36233,1.3624,1.00,2.62
2017.05.18 05:42:19.256,1.36234,1.3624,1.00,2.62
2017.05.18 05:42:19.564,1.36231,1.36238,1.50,1.87
2017.05.18 05:42:19.616,1.36231,1.36238,1.00,3.22
2017.05.18 05:42:19.919,1.36228,1.36235,1.12,2.25
2017.05.18 05:42:19.971,1.36228,1.36235,1.00,4.12
2017.05.18 05:42:20.479,1.36228,1.36234,1.00,3.37
2017.05.18 05:42:22.377,1.36226,1.36234,1.00,2.62
2017.05.18 05:42:22.683,1.36224,1.36231,1.00,1.12
2017.05.18 05:42:23.424,1.36224,1.36231,1.00,1.50
2017.05.18 05:42:23.970,1.36223,1.3623,1.00,1.00
2017.05.18 05:42:25.897,1.36223,1.36231,1.50,2.62
2017.05.18 05:42:40.782,1.36221,1.36226,1.00,1.00
2017.05.18 05:42:52.148,1.36221,1.36228,1.00,1.00
2017.05.18 05:42:52.386,1.36221,1.36226,1.00,1.00
2017.05.18 05:42:52.770,1.36221,1.36229,1.50,2.25
2017.05.18 05:42:54.098,1.36222,1.36229,1.00,1.50
2017.05.18 05:42:54.809,1.36221,1.36229,1.50,1.00
2017.05.18 05:42:55.318,1.36222,1.36229,1.00,1.00
2017.05.18 05:42:55.858,1.36223,1.36229,1.00,1.00
2017.05.18 05:43:00.274,1.36224,1.36229,1.00,1.00
2017.05.18 05:43:00.490,1.36223,1.36233,1.20,3.37
2017.05.18 05:43:03.548,1.36225,1.36233,1.00,3.37
2017.05.18 05:43:04.861,1.36224,1.36233,1.50,3.37
2017.05.18 05:43:13.019,1.36223,1.3623,1.50,1.00
2017.05.18 05:43:13.552,1.36223,1.36229,1.00,1.00
2017.05.18 05:43:18.729,1.36222,1.36229,1.00,1.00
2017.05.18 05:43:25.805,1.36222,1.3623,1.00,1.12
2017.05.18 05:43:29.357,1.36224,1.36231,1.00,1.50
2017.05.18 05:43:29.409,1.36222,1.36231,1.50,1.50
2017.05.18 05:43:29.511,1.36224,1.36229,1.00,1.00
2017.05.18 05:43:29.563,1.36222,1.36229,1.57,1.00
2017.05.18 05:43:30.110,1.36222,1.36231,1.50,1.50
2017.05.18 05:43:46.301,1.36222,1.36229,1.00,1.50
2017.05.18 05:43:46.454,1.3622,1.36229,1.12,3.37
2017.05.18 05:43:46.988,1.36221,1.36228,1.00,1.50
2017.05.18 05:44:05.906,1.36221,1.36228,1.00,1.12
2017.05.18 05:44:07.158,1.36222,1.36229,1.00,1.50
2017.05.18 05:44:09.828,1.36221,1.36228,1.00,1.12
2017.05.18 05:44:10.352,1.36218,1.36228,4.20,1.50
2017.05.18 05:44:15.826,1.36219,1.36228,1.00,1.50
2017.05.18 05:44:20.721,1.36219,1.36228,1.47,1.37
2017.05.18 05:44:23.070,1.3622,1.36228,1.07,1.37
2017.05.18 05:44:23.643,1.36218,1.36228,5.32,1.37
2017.05.18 05:44:30.192,1.36218,1.36226,2.70,1.12
2017.05.18 05:44:30.345,1.36216,1.36225,3.07,1.12
2017.05.18 05:44:30.989,1.36215,1.36225,5.32,1.50
2017.05.18 05:44:31.609,1.36216,1.36223,1.57,1.00
2017.05.18 05:44:34.823,1.36216,1.36223,1.00,1.50
2017.05.18 05:44:40.116,1.36215,1.36222,1.12,1.00
2017.05.18 05:44:41.022,1.36213,1.36223,3.82,1.00
2017.05.18 05:44:41.277,1.36214,1.36223,1.12,3.37
2017.05.18 05:44:43.200,1.36214,1.36221,1.57,1.12
2017.05.18 05:44:43.883,1.36214,1.36221,1.20,2.47
2017.05.18 05:44:46.196,1.36214,1.36221,1.20,1.72
2017.05.18 05:44:46.757,1.36214,1.36221,1.20,2.47
2017.05.18 05:44:47.063,1.36212,1.36221,1.10,2.10
2017.05.18 05:44:47.583,1.36212,1.36221,1.57,2.10
2017.05.18 05:44:48.107,1.36213,1.36221,1.10,1.00
2017.05.18 05:44:48.209,1.36214,1.36222,1.07,1.50
2017.05.18 05:44:48.743,1.36214,1.36222,1.10,1.00
2017.05.18 05:44:49.964,1.36213,1.36222,1.57,1.12
2017.05.18 05:44:50.414,1.36214,1.36223,1.20,1.50
2017.05.18 05:44:50.944,1.36214,1.36223,1.20,1.12
2017.05.18 05:44:52.575,1.36214,1.36223,1.57,1.12
2017.05.18 05:44:53.118,1.36214,1.36223,3.82,1.12
2017.05.18 05:44:54.357,1.36216,1.36223,1.57,1.12
2017.05.18 05:44:54.586,1.36219,1.36227,1.07,1.00
2017.05.18 05:44:55.133,1.3622,1.36228,1.07,3.00
2017.05.18 05:44:55.184,1.36219,1.36225,3.00,1.00
2017.05.18 05:44:55.286,1.36218,1.36225,1.20,1.00
2017.05.18 05:44:55.388,1.36218,1.36225,2.32,1.00
2017.05.18 05:44:55.542,1.36218,1.36227,1.95,1.00
2017.05.18 05:44:55.949,1.3622,1.36228,1.07,1.50
2017.05.18 05:44:56.102,1.36221,1.3623,1.37,1.87
2017.05.18 05:44:56.620,1.36221,1.3623,1.20,1.50
2017.05.18 05:44:57.724,1.3622,1.36228,2.32,1.00
2017.05.18 05:44:57.928,1.36219,1.36226,1.47,1.00
2017.05.18 05:44:58.397,1.36216,1.36224,2.70,1.00
2017.05.18 05:44:58.500,1.36216,1.36224,1.10,1.00
2017.05.18 05:44:59.363,1.36219,1.36225,1.00,1.00
2017.05.18 05:44:59.745,1.36218,1.36223,2.25,1.12
2017.05.18 05:44:59.799,1.36216,1.36223,1.20,1.50
2017.05.18 05:44:59.952,1.36214,1.36223,2.32,1.50
2017.05.18 05:45:00.055,1.36215,1.36223,1.20,1.00
2017.05.18 05:45:00.208,1.36214,1.36223,1.20,1.12
2017.05.18 05:45:05.804,1.36214,1.36223,1.95,1.00
2017.05.18 05:45:06.836,1.36216,1.36223,1.00,1.00
2017.05.18 05:45:07.234,1.36217,1.36226,1.57,1.50
2017.05.18 05:45:07.540,1.36218,1.36228,3.82,1.37
2017.05.18 05:45:16.903,1.36219,1.36229,1.95,1.12
2017.05.18 05:45:17.932,1.36219,1.36228,1.95,1.00
2017.05.18 05:45:18.972,1.36219,1.36228,1.47,1.37
2017.05.18 05:45:19.329,1.36218,1.36225,1.00,1.00
2017.05.18 05:45:19.839,1.36217,1.36226,1.10,1.50
2017.05.18 05:45:20.352,1.36216,1.36225,1.57,1.12
2017.05.18 05:45:20.862,1.36216,1.36224,1.10,1.00
2017.05.18 05:45:29.399,1.36217,1.36225,2.25,2.25
2017.05.18 05:45:29.705,1.36221,1.36227,1.95,2.62
2017.05.18 05:45:29.757,1.36221,1.3623,1.95,3.37
2017.05.18 05:45:30.267,1.36221,1.36227,1.10,1.12
2017.05.18 05:45:30.777,1.36218,1.36225,1.57,1.00
2017.05.18 05:45:31.643,1.36218,1.36225,1.95,1.00
2017.05.18 05:45:32.164,1.36218,1.36225,3.82,1.00
2017.05.18 05:45:34.528,1.36218,1.36226,3.82,1.00
2017.05.18 05:45:35.134,1.36219,1.36226,1.20,1.12
2017.05.18 05:45:35.998,1.36218,1.36227,1.57,1.00
2017.05.18 05:45:36.694,1.36218,1.36227,1.95,1.50
2017.05.18 05:45:37.663,1.36217,1.36224,3.07,1.00
2017.05.18 05:45:37.765,1.36217,1.36224,1.00,1.00
2017.05.18 05:45:38.273,1.36215,1.36223,1.07,1.00
2017.05.18 05:45:40.137,1.36214,1.36223,2.25,1.00
2017.05.18 05:45:43.843,1.36216,1.36223,1.00,1.00
2017.05.18 05:45:43.996,1.36218,1.36224,1.00,1.00
2017.05.18 05:45:44.403,1.36218,1.36227,1.12,1.12
2017.05.18 05:45:45.822,1.36218,1.36227,3.37,1.12
2017.05.18 05:45:49.234,1.36217,1.36224,3.37,1.00
2017.05.18 05:45:51.760,1.36217,1.36223,2.62,1.00
2017.05.18 05:45:51.898,1.36215,1.36223,1.50,1.00
2017.05.18 05:45:52.427,1.36215,1.36222,1.00,1.00
2017.05.18 05:45:57.947,1.36215,1.3622,1.00,1.00
2017.05.18 05:45:58.496,1.36212,1.36221,3.37,1.12
2017.05.18 05:45:59.004,1.36212,1.3622,2.62,1.00
2017.05.18 05:45:59.915,1.36211,1.3622,1.50,1.00
2017.05.18 05:46:01.525,1.36211,1.3622,3.45,1.00
2017.05.18 05:46:04.255,1.36211,1.36219,2.62,1.00
2017.05.18 05:46:04.306,1.36211,1.36217,2.62,1.00
2017.05.18 05:46:04.460,1.3621,1.36217,2.25,1.00
2017.05.18 05:46:04.664,1.36211,1.36219,1.00,1.00
2017.05.18 05:46:05.466,1.3621,1.36219,3.00,1.50
2017.05.18 05:46:05.721,1.3621,1.36219,4.87,1.12
2017.05.18 05:46:08.338,1.36212,1.3622,1.37,1.00
2017.05.18 05:46:19.264,1.36211,1.3622,1.12,1.12
2017.05.18 05:46:19.469,1.36211,1.3622,4.12,1.00
2017.05.18 05:46:19.775,1.36214,1.36221,2.62,1.00
2017.05.18 05:46:20.181,1.36212,1.36221,3.75,1.00
2017.05.18 05:46:25.906,1.36213,1.36221,1.00,1.00
2017.05.18 05:46:27.848,1.36213,1.36219,1.00,1.00
2017.05.18 05:46:33.112,1.36212,1.36219,1.12,1.12
2017.05.18 05:46:33.621,1.36211,1.3622,2.62,1.12
2017.05.18 05:46:34.182,1.36211,1.36218,3.37,1.00
2017.05.18 05:46:34.687,1.36211,1.36218,1.37,1.00
2017.05.18 05:46:35.100,1.36211,1.3622,2.62,1.12
2017.05.18 05:46:35.697,1.3621,1.3622,3.37,1.50
2017.05.18 05:46:37.210,1.36211,1.36219,2.62,1.00
2017.05.18 05:46:37.313,1.36211,1.36219,1.00,1.00
2017.05.18 05:46:43.010,1.36211,1.36218,1.50,1.00
2017.05.18 05:46:43.668,1.36209,1.36219,4.87,1.37
2017.05.18 05:46:44.175,1.3621,1.36219,2.70,1.00
2017.05.18 05:46:45.682,1.36211,1.36219,2.62,1.00
2017.05.18 05:46:46.312,1.36211,1.36219,1.50,1.12
2017.05.18 05:46:49.973,1.36211,1.36215,1.00,1.00
2017.05.18 05:46:50.024,1.36207,1.36213,3.00,1.00
2017.05.18 05:46:50.127,1.36207,1.36212,1.00,1.00
2017.05.18 05:46:50.330,1.36205,1.3621,1.00,1.00
2017.05.18 05:46:50.885,1.36203,1.3621,1.37,1.00
2017.05.18 05:46:53.161,1.36202,1.36212,4.50,1.00
2017.05.18 05:46:53.836,1.36202,1.3621,3.75,1.00
2017.05.18 05:46:54.344,1.36203,1.36211,1.00,1.50
2017.05.18 05:46:57.212,1.36201,1.36205,3.00,1.00
2017.05.18 05:46:57.410,1.36195,1.36202,1.00,1.87
2017.05.18 05:46:57.463,1.36193,1.36199,1.00,1.00
2017.05.18 05:46:58.636,1.36191,1.36198,2.62,1.00
2017.05.18 05:46:59.638,1.36191,1.36199,3.37,1.00
2017.05.18 05:46:59.740,1.36192,1.36201,1.50,1.00
2017.05.18 05:47:00.249,1.36194,1.36202,1.00,1.12
2017.05.18 05:47:00.776,1.36195,1.36202,1.00,1.12
2017.05.18 05:47:02.669,1.36195,1.36203,1.57,1.12
2017.05.18 05:47:03.636,1.36196,1.36205,3.45,3.00
2017.05.18 05:47:03.687,1.36198,1.36206,1.00,1.12
2017.05.18 05:47:03.840,1.362,1.36209,1.00,3.37
2017.05.18 05:47:04.349,1.362,1.36209,1.95,1.37
2017.05.18 05:47:04.938,1.36202,1.36209,1.00,1.37
2017.05.18 05:47:04.989,1.36203,1.3621,1.00,1.00
2017.05.18 05:47:06.465,1.36203,1.36211,1.10,1.00
2017.05.18 05:47:12.909,1.36204,1.36211,1.10,1.00
2017.05.18 05:47:13.418,1.36204,1.36212,1.20,1.12
2017.05.18 05:47:14.537,1.36209,1.36214,1.00,2.62
2017.05.18 05:47:14.687,1.36212,1.3622,1.00,3.00
2017.05.18 05:47:14.789,1.36212,1.36221,1.20,1.12
2017.05.18 05:47:15.809,1.36212,1.36221,1.10,1.50
2017.05.18 05:47:17.288,1.3621,1.3622,1.57,1.12
2017.05.18 05:47:17.390,1.3621,1.36219,1.37,1.37
2017.05.18 05:47:17.899,1.36209,1.36218,1.47,1.37
2017.05.18 05:47:25.902,1.36209,1.36218,4.57,1.12
2017.05.18 05:47:33.127,1.36208,1.36218,5.32,1.37
2017.05.18 05:47:34.600,1.3621,1.36215,1.00,1.00
2017.05.18 05:47:34.753,1.36207,1.36215,1.10,1.00
2017.05.18 05:47:35.111,1.36207,1.36212,1.10,1.00
2017.05.18 05:47:35.624,1.36204,1.36212,2.32,1.12
2017.05.18 05:47:40.345,1.36204,1.36212,6.45,1.00
2017.05.18 05:47:50.303,1.36204,1.36211,2.62,1.00
2017.05.18 05:47:50.405,1.36203,1.36211,3.07,1.12
2017.05.18 05:47:50.913,1.36202,1.3621,6.07,1.00
2017.05.18 05:47:51.439,1.36203,1.36211,1.57,1.12
2017.05.18 05:48:03.626,1.36205,1.36211,1.20,1.12
2017.05.18 05:48:05.804,1.36204,1.36211,1.57,1.00
2017.05.18 05:48:16.412,1.36204,1.36213,1.01,1.50
2017.05.18 05:48:25.803,1.36205,1.36213,1.57,1.50
2017.05.18 05:48:26.332,1.36205,1.36213,1.57,1.00
2017.05.18 05:48:34.813,1.36205,1.36211,1.57,1.00
2017.05.18 05:48:35.320,1.36203,1.3621,1.50,1.00
2017.05.18 05:48:35.879,1.36203,1.3621,1.12,1.12
2017.05.18 05:48:41.445,1.36201,1.36207,3.37,1.00
2017.05.18 05:48:41.597,1.362,1.36207,2.62,1.00
2017.05.18 05:48:41.911,1.36201,1.36205,1.12,1.00
2017.05.18 05:48:42.165,1.36199,1.36208,4.57,1.12
2017.05.18 05:48:42.685,1.36201,1.36209,1.57,1.37
2017.05.18 05:48:43.249,1.36201,1.36209,1.95,1.00
2017.05.18 05:48:44.052,1.36202,1.36209,1.95,1.00
2017.05.18 05:48:44.821,1.36202,1.36211,3.07,1.37
2017.05.18 05:48:45.804,1.36203,1.36211,1.57,1.37
2017.05.18 05:48:46.471,1.36203,1.36211,1.57,1.00
2017.05.18 05:48:47.024,1.36203,1.36212,1.57,1.12
2017.05.18 05:49:01.859,1.36203,1.36211,1.50,1.00
2017.05.18 05:49:05.905,1.36202,1.36211,2.70,1.37
2017.05.18 05:49:06.416,1.36203,1.36212,2.32,3.37
2017.05.18 05:49:06.518,1.36203,1.36212,4.57,1.12
2017.05.18 05:49:25.903,1.36203,1.36212,1.57,1.12
2017.05.18 05:49:45.840,1.36203,1.36212,1.57,1.50
2017.05.18 05:49:46.347,1.36204,1.36212,1.10,1.00
2017.05.18 05:50:14.074,1.36203,1.3621,1.57,1.00
2017.05.18 05:50:19.506,1.36203,1.36212,1.10,1.12
2017.05.18 05:50:21.306,1.36203,1.3621,1.57,1.00
2017.05.18 05:50:24.801,1.36203,1.36212,3.82,1.12
2017.05.18 05:50:25.784,1.36203,1.36212,3.45,1.12
2017.05.18 05:50:26.383,1.36203,1.36212,5.70,1.12
2017.05.18 05:50:45.858,1.36204,1.36213,1.00,1.50
2017.05.18 05:50:49.023,1.36205,1.36214,1.00,3.37
2017.05.18 05:50:54.551,1.36208,1.36214,1.00,2.62
2017.05.18 05:51:07.709,1.36208,1.36215,1.00,2.62
2017.05.18 05:51:11.217,1.36209,1.36215,1.00,2.62
2017.05.18 05:51:18.951,1.36213,1.36215,1.00,2.25
2017.05.18 05:51:19.053,1.36212,1.36217,1.57,2.87
2017.05.18 05:51:19.105,1.36216,1.36222,1.00,2.62
2017.05.18 05:51:19.207,1.36217,1.36222,1.00,1.00
2017.05.18 05:51:21.068,1.36213,1.36222,1.57,1.50
2017.05.18 05:51:25.800,1.36213,1.36222,1.95,1.50
2017.05.18 05:51:28.621,1.36213,1.36222,1.20,1.50
2017.05.18 05:51:28.673,1.36212,1.36219,1.12,1.00
2017.05.18 05:51:30.529,1.36212,1.36221,1.10,1.50
2017.05.18 05:51:30.631,1.36213,1.36222,1.12,1.12
2017.05.18 05:51:31.184,1.36213,1.36222,1.57,1.12
2017.05.18 05:51:45.852,1.36214,1.36223,1.20,3.37
2017.05.18 05:51:53.177,1.36212,1.36221,2.32,1.37
2017.05.18 05:52:05.870,1.36212,1.36221,1.12,3.00
2017.05.18 05:52:18.981,1.36213,1.36221,1.00,2.62
2017.05.18 05:52:19.032,1.36213,1.36222,1.00,1.50
2017.05.18 05:52:25.823,1.36213,1.36222,1.47,1.37
2017.05.18 05:52:38.215,1.36214,1.36222,1.07,1.37
2017.05.18 05:52:38.421,1.36215,1.36223,1.10,1.00
2017.05.18 05:52:43.853,1.36215,1.36221,1.10,1.00
2017.05.18 05:52:51.158,1.36213,1.36221,1.07,1.37
2017.05.18 05:52:51.700,1.36212,1.36221,1.47,1.37
2017.05.18 05:52:52.699,1.36212,1.3622,1.82,1.12
2017.05.18 05:52:53.628,1.36214,1.36221,1.07,1.00
2017.05.18 05:52:58.144,1.36213,1.3622,1.47,1.00
2017.05.18 05:52:58.588,1.36211,1.36218,5.32,1.00
2017.05.18 05:53:12.273,1.36211,1.3622,4.95,1.12
2017.05.18 05:53:12.426,1.36213,1.3622,2.62,1.00
2017.05.18 05:53:23.380,1.36213,1.36219,2.62,1.00
2017.05.18 05:53:23.431,1.36211,1.36219,1.50,1.00
2017.05.18 05:53:27.541,1.36212,1.36219,4.35,1.00
2017.05.18 05:53:29.623,1.36212,1.36219,2.62,1.00
2017.05.18 05:53:30.081,1.36211,1.36217,4.12,1.00
2017.05.18 05:53:30.234,1.36207,1.36213,1.37,1.00
2017.05.18 05:53:30.769,1.36205,1.36212,4.12,1.00
2017.05.18 05:53:32.355,1.36205,1.36213,4.12,1.00
2017.05.18 05:53:33.049,1.36205,1.36213,3.00,1.00
2017.05.18 05:53:34.555,1.36205,1.36212,3.00,1.00
2017.05.18 05:53:35.084,1.36205,1.36212,1.87,1.00
2017.05.18 05:53:38.962,1.36205,1.36212,1.87,1.00
2017.05.18 05:53:42.183,1.36205,1.36211,1.50,1.00
2017.05.18 05:53:42.751,1.36205,1.36211,1.50,1.00
2017.05.18 05:54:14.089,1.36205,1.3621,1.12,1.00
2017.05.18 05:54:15.234,1.36205,1.36212,1.12,1.12
2017.05.18 05:54:15.740,1.36205,1.36212,1.37,1.00
2017.05.18 05:54:18.590,1.36206,1.36215,1.12,3.37
2017.05.18 05:54:21.505,1.36206,1.36215,1.12,1.50
2017.05.18 05:54:23.019,1.36206,1.36215,1.00,1.37
2017.05.18 05:54:35.112,1.36206,1.36215,1.50,1.50
2017.05.18 05:54:38.618,1.36206,1.36211,1.00,1.00
2017.05.18 05:54:39.239,1.36203,1.36207,7.87,1.12
2017.05.18 05:54:39.545,1.36199,1.36204,1.00,1.00
2017.05.18 05:54:39.991,1.36198,1.36202,1.00,1.00
2017.05.18 05:54:40.247,1.3619,1.36198,3.45,1.00
2017.05.18 05:54:40.501,1.36192,1.36199,4.95,1.00
2017.05.18 05:54:42.670,1.36194,1.362,2.25,1.00
2017.05.18 05:54:42.992,1.36194,1.362,3.37,1.00
2017.05.18 05:54:44.002,1.36194,1.36202,4.12,1.00
2017.05.18 05:54:58.879,1.36195,1.36202,2.25,1.00
2017.05.18 05:54:59.386,1.36195,1.36203,2.62,1.00
2017.05.18 05:54:59.671,1.36195,1.36201,2.62,1.00
2017.05.18 05:55:08.950,1.36196,1.362,1.00,1.00
2017.05.18 05:55:09.052,1.36194,1.362,1.00,1.00
2017.05.18 05:55:09.600,1.36194,1.36199,1.00,1.00
2017.05.18 05:55:09.806,1.36193,1.36197,1.00,1.00
2017.05.18 05:55:10.498,1.36191,1.36197,4.12,1.00
2017.05.18 05:55:13.287,1.36193,1.36199,1.00,1.00
2017.05.18 05:55:19.501,1.36193,1.36201,2.10,1.00
2017.05.18 05:55:20.424,1.36195,1.36201,2.25,1.00
2017.05.18 05:55:23.937,1.36194,1.36201,2.62,1.00
2017.05.18 05:55:23.988,1.36193,1.36201,1.50,1.00
2017.05.18 05:55:25.808,1.36194,1.36201,2.25,1.00
2017.05.18 05:55:29.705,1.36193,1.36201,3.37,1.12
2017.05.18 05:55:30.248,1.36193,1.36201,1.37,1.12
2017.05.18 05:55:31.650,1.36193,1.36201,2.62,1.00
2017.05.18 05:55:45.314,1.36193,1.36202,3.60,1.12
2017.05.18 05:55:50.333,1.36194,1.362,1.67,1.00
2017.05.18 05:55:50.384,1.36194,1.36202,1.67,1.12
2017.05.18 05:55:57.459,1.36195,1.36202,2.25,1.00
2017.05.18 05:55:58.771,1.36195,1.36202,1.00,1.00
2017.05.18 05:56:00.488,1.36195,1.36203,1.12,1.00
2017.05.18 05:56:00.692,1.36196,1.36204,3.00,1.12
2017.05.18 05:56:01.235,1.36197,1.36204,2.62,1.00
2017.05.18 05:56:01.693,1.362,1.36207,1.87,1.37
2017.05.18 05:56:01.948,1.36204,1.36211,1.12,1.37
2017.05.18 05:56:02.453,1.36204,1.36211,1.87,1.00
2017.05.18 05:56:02.986,1.36205,1.36211,1.00,1.00
2017.05.18 05:56:03.495,1.36204,1.36211,1.87,1.00
2017.05.18 05:56:05.375,1.36205,1.36211,1.00,1.12
2017.05.18 05:56:06.680,1.36205,1.36214,1.00,3.37
2017.05.18 05:56:07.242,1.36205,1.36215,1.00,3.37
2017.05.18 05:56:07.903,1.36205,1.36214,2.25,1.57
2017.05.18 05:56:08.414,1.36205,1.36213,1.00,1.50
2017.05.18 05:56:11.662,1.36202,1.36208,2.25,1.00
2017.05.18 05:56:11.979,1.36197,1.36203,2.62,1.00
2017.05.18 05:56:12.081,1.36193,1.36201,1.95,1.00
2017.05.18 05:56:12.388,1.36193,1.36199,1.87,1.00
2017.05.18 05:56:12.946,1.36192,1.36199,1.37,1.00
2017.05.18 05:56:15.593,1.36192,1.362,2.62,1.00
2017.05.18 05:56:15.899,1.36193,1.362,3.37,1.00
2017.05.18 05:56:17.626,1.36192,1.362,4.12,1.00
2017.05.18 05:56:19.243,1.36197,1.36203,1.00,3.45
2017.05.18 05:56:19.345,1.36194,1.36203,1.12,3.37
2017.05.18 05:56:19.834,1.36194,1.36199,1.00,1.00
2017.05.18 05:56:20.344,1.36194,1.362,1.12,1.00
2017.05.18 05:56:20.835,1.36194,1.362,2.62,1.00
2017.05.18 05:56:27.645,1.36195,1.36201,2.62,1.00
2017.05.18 05:56:27.849,1.36193,1.362,4.12,1.00
2017.05.18 05:56:28.334,1.36193,1.362,2.25,1.00
2017.05.18 05:56:32.062,1.36194,1.36202,1.00,1.00
2017.05.18 05:56:34.540,1.36193,1.36202,2.25,1.50
2017.05.18 05:56:34.896,1.36194,1.36204,1.50,1.37
2017.05.18 05:56:35.418,1.36195,1.36204,1.37,1.00
2017.05.18 05:56:36.709,1.36197,1.36206,1.00,1.50
2017.05.18 05:56:40.103,1.36198,1.36205,1.00,1.87
2017.05.18 05:56:40.409,1.362,1.36206,1.00,2.70
2017.05.18 05:56:40.957,1.36199,1.36205,1.00,2.62
2017.05.18 05:56:41.608,1.36198,1.36205,1.00,2.62
2017.05.18 05:56:41.710,1.36196,1.36205,1.12,3.07
2017.05.18 05:56:48.238,1.36196,1.36203,1.00,3.45
2017.05.18 05:56:48.749,1.36196,1.36202,1.00,2.62
2017.05.18 05:56:49.568,1.36194,1.36202,1.00,2.62
2017.05.18 05:56:51.793,1.36192,1.36199,1.37,1.10
2017.05.18 05:56:51.845,1.36195,1.362,1.00,1.07
2017.05.18 05:56:51.897,1.36191,1.36199,3.37,1.00
2017.05.18 05:56:52.101,1.36191,1.362,1.00,3.45
2017.05.18 05:56:52.611,1.36192,1.36199,1.00,1.00
2017.05.18 05:56:59.871,1.36192,1.36201,1.00,1.50
2017.05.18 05:57:02.884,1.3619,1.36199,1.37,1.65
2017.05.18 05:57:02.935,1.36189,1.36197,3.37,1.00
2017.05.18 05:57:02.987,1.36189,1.36197,1.12,1.00
2017.05.18 05:57:03.418,1.36187,1.36196,1.87,1.00
2017.05.18 05:57:03.623,1.36188,1.36195,1.00,1.50
2017.05.18 05:57:03.929,1.36186,1.36193,1.00,1.00
2017.05.18 05:57:03.980,1.36186,1.36193,1.00,3.37
2017.05.18 05:57:04.184,1.36186,1.36193,1.12,1.12
2017.05.18 05:57:05.419,1.36186,1.36193,1.00,1.50
2017.05.18 05:57:06.901,1.36181,1.3619,3.37,1.00
2017.05.18 05:57:07.104,1.36181,1.36191,1.00,3.64
2017.05.18 05:57:07.461,1.3618,1.36187,1.12,1.00
2017.05.18 05:57:07.970,1.3618,1.36188,1.00,1.50
2017.05.18 05:57:09.356,1.36179,1.36185,1.00,1.00
2017.05.18 05:57:10.968,1.36179,1.36184,1.00,1.00
2017.05.18 05:57:11.488,1.36178,1.36185,1.50,1.00
2017.05.18 05:57:14.690,1.36179,1.36189,1.50,4.12
2017.05.18 05:57:14.923,1.36181,1.36189,3.00,1.00
2017.05.18 05:57:15.698,1.36183,1.3619,1.00,1.00
2017.05.18 05:57:16.005,1.36179,1.36186,1.37,1.00
2017.05.18 05:57:20.006,1.36178,1.36186,1.72,1.00
2017.05.18 05:57:26.320,1.36177,1.36185,6.00,1.00
2017.05.18 05:57:26.836,1.36177,1.36185,1.37,1.12
2017.05.18 05:57:28.507,1.36177,1.36184,1.37,1.00
2017.05.18 05:57:28.865,1.36174,1.36184,3.75,1.50
2017.05.18 05:57:29.519,1.36174,1.3618,3.00,1.00
2017.05.18 05:57:29.758,1.3617,1.36177,1.50,1.00
2017.05.18 05:57:29.810,1.36172,1.3618,1.00,3.37
2017.05.18 05:57:29.862,1.3617,1.36178,1.35,1.00
2017.05.18 05:57:30.270,1.36172,1.3618,1.00,3.37
2017.05.18 05:57:30.474,1.36174,1.36181,1.00,1.12
2017.05.18 05:57:31.020,1.36175,1.36182,1.00,1.12
2017.05.18 05:57:31.528,1.36174,1.36184,3.75,1.50
2017.05.18 05:57:40.057,1.36176,1.36185,1.00,1.50
2017.05.18 05:57:43.850,1.36176,1.36184,1.00,1.00
2017.05.18 05:57:45.093,1.36174,1.36184,1.50,3.37
2017.05.18 05:57:45.195,1.36174,1.36184,1.87,1.12
2017.05.18 05:57:45.907,1.36174,1.36183,1.37,1.00
2017.05.18 05:57:46.998,1.36173,1.36183,4.72,1.50
2017.05.18 05:57:47.607,1.36174,1.36183,3.37,1.12
2017.05.18 05:57:51.169,1.36173,1.36182,4.12,1.12
2017.05.18 05:57:52.429,1.36173,1.3618,4.12,1.00
2017.05.18 05:57:52.584,1.36173,1.36181,1.00,2.70
2017.05.18 05:57:52.774,1.36172,1.36178,1.00,1.00
2017.05.18 05:57:53.298,1.36171,1.36178,1.00,1.00
2017.05.18 05:57:53.830,1.36169,1.36178,1.50,1.00
2017.05.18 05:57:55.003,1.3617,1.36178,1.00,1.50
2017.05.18 05:57:55.105,1.36172,1.36178,1.00,1.00
2017.05.18 05:57:55.642,1.36172,1.36179,1.00,1.12
2017.05.18 05:57:56.963,1.36171,1.36179,1.00,1.12
2017.05.18 05:57:58.250,1.36172,1.36179,1.00,1.12
2017.05.18 05:57:58.759,1.36172,1.36182,1.37,3.45
2017.05.18 05:58:03.179,1.36174,1.36181,1.00,1.37
2017.05.18 05:58:03.485,1.36175,1.36184,1.00,2.70
2017.05.18 05:58:03.995,1.36176,1.36185,1.12,3.37
2017.05.18 05:58:06.533,1.36177,1.36185,1.00,2.62
2017.05.18 05:58:24.051,1.36177,1.36186,1.12,2.62
2017.05.18 05:58:29.261,1.36177,1.36187,1.50,3.37
2017.05.18 05:58:34.077,1.36177,1.36185,1.50,2.25
2017.05.18 05:58:35.170,1.36178,1.36185,1.50,2.62
2017.05.18 05:58:35.821,1.36179,1.36185,1.00,2.62
2017.05.18 05:58:36.408,1.36178,1.36185,1.00,2.62
2017.05.18 05:58:36.937,1.36179,1.36185,1.00,2.62
2017.05.18 05:58:38.678,1.36178,1.36185,1.00,2.62
2017.05.18 05:58:39.911,1.36179,1.36185,1.00,2.62
2017.05.18 05:58:41.289,1.36179,1.36187,1.87,1.50
2017.05.18 05:58:51.201,1.36179,1.36186,1.37,1.00
2017.05.18 05:58:52.728,1.36178,1.36181,3.75,1.00
2017.05.18 05:58:52.780,1.36179,1.36183,1.12,1.50
2017.05.18 05:58:52.886,1.36178,1.36184,1.87,1.00
2017.05.18 05:58:53.400,1.36178,1.36185,1.87,1.00
2017.05.18 05:58:54.883,1.36178,1.36186,1.87,1.12
2017.05.18 05:59:05.925,1.36179,1.36186,1.37,1.00
2017.05.18 05:59:16.959,1.36176,1.36186,3.75,1.37
2017.05.18 05:59:19.205,1.3618,1.36187,1.00,3.00
2017.05.18 05:59:19.256,1.36181,1.36188,1.00,1.00
2017.05.18 05:59:19.358,1.36183,1.36191,1.00,2.62
2017.05.18 05:59:19.562,1.36185,1.36193,1.00,1.12
2017.05.18 05:59:19.888,1.36187,1.36194,1.00,2.10
2017.05.18 05:59:20.398,1.36186,1.36196,1.50,2.25
2017.05.18 05:59:20.960,1.36186,1.36196,3.37,2.25
2017.05.18 05:59:21.063,1.36186,1.36196,1.00,3.37
2017.05.18 05:59:21.588,1.36186,1.36196,1.12,1.50
2017.05.18 05:59:22.290,1.36186,1.36196,1.50,1.37
2017.05.18 05:59:22.343,1.3619,1.36197,1.00,1.12
2017.05.18 05:59:22.754,1.36192,1.362,1.00,2.62
2017.05.18 05:59:22.942,1.36193,1.36202,1.00,2.62
2017.05.18 05:59:23.076,1.36194,1.36202,1.00,1.00
2017.05.18 05:59:23.484,1.36194,1.36204,3.37,1.37
2017.05.18 05:59:27.170,1.36194,1.362,2.62,1.00
2017.05.18 05:59:28.051,1.36193,1.362,1.50,1.00
2017.05.18 05:59:40.914,1.36193,1.362,3.45,1.00
2017.05.18 05:59:45.967,1.36195,1.36201,1.00,1.00
2017.05.18 05:59:46.881,1.36193,1.362,2.62,1.00
2017.05.18 05:59:47.800,1.36192,1.362,1.30,1.00
2017.05.18 05:59:48.309,1.36195,1.36203,1.00,4.20
2017.05.18 05:59:49.457,1.36196,1.36203,1.00,2.70
2017.05.18 05:59:49.915,1.36197,1.36206,1.12,2.70
2017.05.18 05:59:59.892,1.36195,1.36201,1.00,2.40
