2008.08.22 14:00:00.290,1.0457,1.0458,1.00,4.30
2008.08.22 14:00:01.217,1.04565,1.0458,1.60,3.20
2008.08.22 14:00:01.337,1.04565,1.0458,4.80,3.20
2008.08.22 14:00:01.921,1.04575,1.0458,1.00,3.20
2008.08.22 14:00:02.722,1.0456,1.0458,4.00,3.20
2008.08.22 14:00:03.061,1.0456,1.04585,7.50,4.30
2008.08.22 14:00:03.358,1.04565,1.04585,1.00,4.30
2008.08.22 14:00:03.653,1.04565,1.0458,1.00,4.30
2008.08.22 14:00:03.965,1.0457,1.0458,1.00,4.30
2008.08.22 14:00:04.266,1.04565,1.04585,4.00,13.70
2008.08.22 14:00:04.609,1.04565,1.04585,5.90,13.70
2008.08.22 14:00:04.945,1.0457,1.04585,2.70,9.70
2008.08.22 14:00:05.287,1.0457,1.04585,6.20,4.30
2008.08.22 14:00:05.468,1.0457,1.0458,5.20,3.20
2008.08.22 14:00:05.647,1.0457,1.0458,3.20,3.20
2008.08.22 14:00:05.828,1.0456,1.0457,8.90,4.30
2008.08.22 14:00:06.008,1.0457,1.04575,3.20,4.30
2008.08.22 14:00:06.189,1.0456,1.04575,4.50,4.30
2008.08.22 14:00:06.452,1.0457,1.0458,1.00,8.30
2008.08.22 14:00:06.717,1.0457,1.04575,3.20,7.50
2008.08.22 14:00:07.240,1.04565,1.0457,5.40,3.20
2008.08.22 14:00:07.758,1.0457,1.0458,2.70,8.00
2008.08.22 14:00:08.267,1.0457,1.0458,5.20,4.30
2008.08.22 14:00:08.812,1.0457,1.04575,4.30,4.30
2008.08.22 14:00:09.088,1.0457,1.04575,3.30,4.30
2008.08.22 14:00:09.700,1.0455,1.04575,4.50,4.30
2008.08.22 14:00:10.040,1.0455,1.04575,5.80,4.30
2008.08.22 14:00:10.380,1.0455,1.04575,4.50,4.30
2008.08.22 14:00:10.738,1.04555,1.0457,4.50,3.20
2008.08.22 14:00:10.916,1.0456,1.04575,1.00,7.50
2008.08.22 14:00:11.451,1.0456,1.04575,1.30,4.30
2008.08.22 14:00:11.701,1.0456,1.0457,1.30,4.30
2008.08.22 14:00:11.949,1.0456,1.04575,1.30,7.50
2008.08.22 14:00:12.197,1.0456,1.04575,1.00,7.50
2008.08.22 14:00:12.444,1.0454,1.04575,9.70,8.10
2008.08.22 14:00:12.708,1.04555,1.04575,1.00,9.70
2008.08.22 14:00:12.972,1.04555,1.04575,1.00,7.50
2008.08.22 14:00:13.657,1.04565,1.04575,1.40,7.50
2008.08.22 14:00:13.865,1.04565,1.04575,3.70,4.30
2008.08.22 14:00:14.072,1.04565,1.04575,7.90,4.00
2008.08.22 14:00:14.280,1.04565,1.04575,8.20,4.00
2008.08.22 14:00:14.488,1.0457,1.0458,1.70,8.30
2008.08.22 14:00:14.696,1.04565,1.0458,5.20,8.30
2008.08.22 14:00:15.004,1.04565,1.04575,8.50,4.00
2008.08.22 14:00:15.312,1.04565,1.04585,8.50,4.30
2008.08.22 14:00:15.620,1.0457,1.04585,3.20,4.30
2008.08.22 14:00:16.472,1.04565,1.04585,8.50,4.30
2008.08.22 14:00:17.452,1.0457,1.04585,3.20,4.30
2008.08.22 14:00:17.770,1.0457,1.0458,4.40,3.20
2008.08.22 14:00:17.992,1.04575,1.0458,3.20,3.20
2008.08.22 14:00:18.452,1.04575,1.0458,4.00,3.20
2008.08.22 14:00:18.676,1.04575,1.046,4.00,11.60
2008.08.22 14:00:18.876,1.04575,1.046,4.00,7.50
2008.08.22 14:00:19.668,1.04575,1.04595,4.00,4.30
2008.08.22 14:00:21.796,1.0458,1.0459,1.00,4.30
2008.08.22 14:00:22.000,1.0457,1.0459,3.20,4.30
2008.08.22 14:00:22.404,1.0457,1.04585,3.20,4.30
2008.08.22 14:00:23.142,1.0457,1.0459,3.20,4.30
2008.08.22 14:00:23.813,1.04565,1.04585,8.90,4.30
2008.08.22 14:00:24.121,1.0457,1.04585,3.20,4.30
2008.08.22 14:00:24.264,1.04565,1.04585,8.90,4.30
2008.08.22 14:00:24.408,1.0457,1.04585,4.70,4.30
2008.08.22 14:00:24.552,1.0457,1.0458,4.70,4.30
2008.08.22 14:00:24.836,1.0457,1.04575,4.70,4.30
2008.08.22 14:00:25.176,1.04565,1.0457,5.20,4.30
2008.08.22 14:00:25.853,1.04565,1.0457,4.80,4.00
2008.08.22 14:00:26.374,1.04565,1.0457,1.10,4.00
2008.08.22 14:00:26.552,1.04565,1.0457,1.10,11.60
2008.08.22 14:00:28.936,1.04565,1.0457,1.10,4.30
2008.08.22 14:00:38.164,1.0457,1.04575,1.00,10.50
2008.08.22 14:00:39.777,1.04535,1.04565,4.00,4.30
2008.08.22 14:00:40.104,1.04535,1.04565,3.20,4.30
2008.08.22 14:00:40.309,1.04525,1.0456,14.00,4.30
2008.08.22 14:00:40.512,1.0453,1.0456,11.20,4.30
2008.08.22 14:00:40.916,1.0454,1.0456,9.90,8.30
2008.08.22 14:00:41.120,1.0454,1.0455,3.10,3.20
2008.08.22 14:00:42.368,1.0454,1.0456,3.20,8.30
2008.08.22 14:00:42.513,1.0454,1.04555,3.20,4.00
2008.08.22 14:00:42.643,1.0455,1.04555,1.00,4.00
2008.08.22 14:00:43.049,1.0455,1.04565,1.00,4.30
2008.08.22 14:00:44.216,1.04545,1.04565,4.00,4.30
2008.08.22 14:00:45.721,1.04545,1.0456,4.00,4.30
2008.08.22 14:00:47.987,1.04545,1.0456,7.20,4.30
2008.08.22 14:00:49.904,1.04545,1.04555,7.20,4.30
2008.08.22 14:00:50.161,1.0454,1.04555,3.20,4.30
2008.08.22 14:00:50.680,1.0454,1.0456,3.20,4.30
2008.08.22 14:00:50.970,1.04535,1.0456,8.60,4.30
2008.08.22 14:00:51.264,1.04535,1.0456,7.20,4.30
2008.08.22 14:00:51.619,1.0454,1.0456,4.00,4.30
2008.08.22 14:00:51.957,1.0454,1.0455,4.00,4.30
2008.08.22 14:00:52.625,1.0454,1.04555,4.00,4.30
2008.08.22 14:00:52.784,1.0454,1.04555,1.00,4.30
2008.08.22 14:00:53.116,1.0454,1.04555,1.00,7.50
2008.08.22 14:00:57.620,1.04535,1.04555,4.00,7.50
2008.08.22 14:00:59.156,1.0454,1.04555,3.20,7.50
2008.08.22 14:00:59.341,1.0454,1.0455,3.20,3.20
2008.08.22 14:00:59.884,1.04545,1.0455,3.20,3.20
2008.08.22 14:01:00.068,1.04545,1.0455,4.00,3.20
2008.08.22 14:01:00.411,1.04545,1.04555,3.20,4.30
2008.08.22 14:01:00.748,1.04535,1.04555,7.20,4.30
2008.08.22 14:01:01.088,1.04535,1.04555,12.60,7.20
2008.08.22 14:01:01.517,1.04535,1.04555,4.00,10.50
2008.08.22 14:01:01.824,1.04535,1.0455,4.00,6.20
2008.08.22 14:01:01.980,1.04535,1.0455,4.00,4.30
2008.08.22 14:01:02.136,1.0454,1.0455,1.00,4.30
2008.08.22 14:01:03.052,1.0454,1.0455,1.00,8.60
2008.08.22 14:01:03.360,1.0453,1.04545,3.20,4.30
2008.08.22 14:01:03.540,1.04525,1.04545,12.90,4.30
2008.08.22 14:01:03.896,1.04525,1.04545,12.60,5.40
2008.08.22 14:01:04.076,1.04525,1.04545,12.60,7.20
2008.08.22 14:01:04.592,1.0453,1.04545,9.40,7.20
2008.08.22 14:01:04.932,1.04525,1.0454,12.60,2.90
2008.08.22 14:01:05.274,1.0453,1.04545,6.20,10.50
2008.08.22 14:01:05.724,1.0453,1.04545,1.00,10.50
2008.08.22 14:01:06.044,1.04525,1.04545,4.00,10.50
2008.08.22 14:01:06.160,1.04525,1.0454,4.80,6.20
2008.08.22 14:01:06.838,1.04525,1.0455,9.40,4.30
2008.08.22 14:01:07.273,1.04525,1.0454,5.80,3.20
2008.08.22 14:01:07.372,1.04525,1.0455,6.00,4.30
2008.08.22 14:01:08.785,1.04525,1.0455,4.90,4.30
2008.08.22 14:01:14.342,1.04525,1.0455,4.80,4.30
2008.08.22 14:01:16.495,1.0453,1.0455,1.00,4.30
2008.08.22 14:01:17.925,1.04525,1.0455,4.00,4.30
2008.08.22 14:01:18.756,1.04525,1.0454,3.20,1.00
2008.08.22 14:01:19.098,1.04525,1.0454,3.20,4.30
2008.08.22 14:01:19.439,1.04515,1.0454,13.50,4.30
2008.08.22 14:01:19.781,1.04515,1.04535,12.80,4.30
2008.08.22 14:01:21.296,1.0452,1.04535,9.50,4.30
2008.08.22 14:01:25.716,1.0452,1.04535,6.00,4.30
2008.08.22 14:01:26.068,1.0452,1.04535,2.10,7.50
2008.08.22 14:01:26.683,1.0452,1.04535,2.00,7.50
2008.08.22 14:01:27.164,1.0452,1.04535,2.00,10.80
2008.08.22 14:01:30.757,1.0452,1.0453,1.00,5.40
2008.08.22 14:01:31.096,1.0451,1.0452,8.20,1.00
2008.08.22 14:01:31.376,1.0451,1.0452,8.20,3.20
2008.08.22 14:01:32.953,1.0452,1.04525,1.00,7.00
2008.08.22 14:01:33.143,1.0451,1.0452,7.50,3.20
2008.08.22 14:01:33.310,1.0451,1.04525,3.20,8.90
2008.08.22 14:01:33.467,1.045,1.04515,3.90,1.00
2008.08.22 14:01:33.620,1.045,1.0453,3.90,12.10
2008.08.22 14:01:33.773,1.045,1.0453,3.90,13.20
2008.08.22 14:01:33.942,1.045,1.0453,3.90,15.30
2008.08.22 14:01:34.099,1.045,1.0453,3.90,16.40
2008.08.22 14:01:34.252,1.045,1.0453,3.90,22.90
2008.08.22 14:01:34.588,1.04495,1.0453,9.30,22.00
2008.08.22 14:01:34.930,1.0451,1.04525,1.00,8.10
2008.08.22 14:01:35.285,1.04485,1.04525,9.90,16.70
2008.08.22 14:01:35.642,1.045,1.04525,1.00,10.80
2008.08.22 14:01:35.816,1.0449,1.0452,3.90,3.70
2008.08.22 14:01:36.164,1.0449,1.04525,3.90,8.10
2008.08.22 14:01:38.349,1.04495,1.04525,9.30,9.00
2008.08.22 14:01:38.600,1.04495,1.04525,4.80,9.00
2008.08.22 14:01:38.724,1.04495,1.04525,8.10,10.10
2008.08.22 14:01:38.972,1.04495,1.0452,7.20,4.30
2008.08.22 14:01:39.100,1.04495,1.04515,7.20,4.30
2008.08.22 14:01:39.229,1.045,1.04515,4.00,4.30
2008.08.22 14:01:39.356,1.045,1.04515,1.00,7.50
2008.08.22 14:01:39.692,1.0448,1.04515,21.10,12.40
2008.08.22 14:01:40.032,1.0448,1.04515,13.70,12.40
2008.08.22 14:01:40.372,1.0448,1.0451,7.20,3.20
2008.08.22 14:01:40.712,1.0449,1.04515,6.30,8.10
2008.08.22 14:01:40.877,1.0449,1.04505,6.20,3.20
2008.08.22 14:01:41.200,1.04485,1.04505,7.10,3.20
2008.08.22 14:01:41.360,1.0449,1.04515,6.20,3.20
2008.08.22 14:01:41.526,1.0449,1.0451,1.00,3.70
2008.08.22 14:01:41.827,1.0449,1.0451,1.00,12.10
2008.08.22 14:01:42.124,1.0447,1.04505,10.20,21.80
2008.08.22 14:01:42.427,1.0447,1.045,5.90,4.30
2008.08.22 14:01:42.726,1.0448,1.045,3.20,4.30
2008.08.22 14:01:42.928,1.0448,1.04505,4.00,9.40
2008.08.22 14:01:43.132,1.04485,1.04505,7.20,8.30
2008.08.22 14:01:43.336,1.04485,1.04505,7.20,4.30
2008.08.22 14:01:45.366,1.0449,1.04505,3.20,4.30
2008.08.22 14:01:45.576,1.045,1.0451,1.00,4.30
2008.08.22 14:01:45.799,1.0448,1.04515,12.60,8.10
2008.08.22 14:01:46.023,1.04485,1.0451,3.90,1.00
2008.08.22 14:01:46.464,1.04495,1.0451,1.80,1.00
2008.08.22 14:01:46.690,1.04495,1.0452,1.80,4.50
2008.08.22 14:01:46.869,1.045,1.0452,1.60,4.50
2008.08.22 14:01:47.048,1.045,1.0452,3.90,4.50
2008.08.22 14:01:47.228,1.045,1.0452,3.90,1.00
2008.08.22 14:01:47.592,1.04505,1.0452,1.00,1.00
2008.08.22 14:01:47.994,1.04495,1.04525,6.40,8.10
2008.08.22 14:01:48.216,1.04495,1.04515,3.90,1.00
2008.08.22 14:01:48.440,1.04495,1.04515,1.00,1.00
2008.08.22 14:01:49.372,1.0449,1.0451,3.90,1.00
2008.08.22 14:01:52.306,1.0449,1.04515,1.80,8.10
2008.08.22 14:01:52.575,1.04495,1.04515,1.00,3.70
2008.08.22 14:01:52.840,1.04495,1.0451,1.00,1.00
2008.08.22 14:01:53.108,1.0449,1.0451,3.90,1.00
2008.08.22 14:01:53.859,1.04495,1.0451,3.20,1.00
2008.08.22 14:01:54.076,1.04495,1.0453,4.80,14.30
2008.08.22 14:01:54.280,1.04495,1.04515,4.80,1.00
2008.08.22 14:01:54.484,1.04495,1.04515,4.80,2.10
2008.08.22 14:01:54.684,1.04495,1.04515,1.60,3.20
2008.08.22 14:01:54.888,1.045,1.04515,3.20,3.20
2008.08.22 14:01:55.092,1.045,1.04515,3.20,1.00
2008.08.22 14:01:55.432,1.045,1.0453,3.20,16.00
2008.08.22 14:01:55.772,1.045,1.0453,3.90,14.00
2008.08.22 14:01:56.108,1.04515,1.04525,1.00,4.30
2008.08.22 14:01:56.366,1.04505,1.04535,4.00,4.30
2008.08.22 14:01:56.620,1.04515,1.0453,1.00,4.30
2008.08.22 14:01:56.876,1.04515,1.0453,1.20,4.30
2008.08.22 14:01:57.132,1.0453,1.04535,1.00,10.10
2008.08.22 14:01:57.276,1.0452,1.0453,1.00,4.30
2008.08.22 14:01:57.564,1.04515,1.0453,3.50,4.30
2008.08.22 14:01:57.708,1.04515,1.0453,3.70,3.70
2008.08.22 14:01:57.996,1.04525,1.0453,3.20,3.70
2008.08.22 14:01:58.464,1.04525,1.0453,3.20,3.20
2008.08.22 14:01:58.793,1.0453,1.0454,3.20,14.10
2008.08.22 14:01:59.120,1.0453,1.0454,6.60,14.10
2008.08.22 14:01:59.456,1.0453,1.0454,7.20,13.70
2008.08.22 14:01:59.940,1.0453,1.0454,1.00,14.10
2008.08.22 14:02:00.101,1.04525,1.0453,1.00,3.20
2008.08.22 14:02:00.440,1.0453,1.0454,1.00,13.70
2008.08.22 14:02:00.780,1.0453,1.0454,2.10,13.70
2008.08.22 14:02:01.120,1.0454,1.0455,1.20,39.90
2008.08.22 14:02:01.316,1.0454,1.0455,3.20,36.70
2008.08.22 14:02:01.512,1.04525,1.0453,8.40,3.20
2008.08.22 14:02:01.704,1.04545,1.0455,3.20,38.40
2008.08.22 14:02:02.092,1.0456,1.0458,1.00,32.20
2008.08.22 14:02:02.284,1.0456,1.0458,1.00,4.30
2008.08.22 14:02:02.964,1.0456,1.04585,1.00,42.60
2008.08.22 14:02:03.696,1.0456,1.0457,4.20,38.30
2008.08.22 14:02:03.897,1.0456,1.0457,4.20,16.20
2008.08.22 14:02:04.292,1.0456,1.0457,3.20,16.20
2008.08.22 14:02:04.556,1.04555,1.0456,1.70,22.60
2008.08.22 14:02:04.820,1.04545,1.0456,2.60,22.60
2008.08.22 14:02:05.087,1.0455,1.0456,2.20,5.40
2008.08.22 14:02:05.684,1.0455,1.0456,1.40,5.40
2008.08.22 14:02:06.024,1.0457,1.04575,1.00,3.60
2008.08.22 14:02:06.364,1.0457,1.04575,1.00,3.20
2008.08.22 14:02:06.540,1.04565,1.04575,1.20,3.20
2008.08.22 14:02:06.716,1.0457,1.0458,1.00,11.60
2008.08.22 14:02:06.889,1.0457,1.04585,1.00,16.40
2008.08.22 14:02:07.064,1.0457,1.0458,1.00,4.30
2008.08.22 14:02:07.240,1.0456,1.0457,1.10,1.00
2008.08.22 14:02:07.442,1.0456,1.0457,1.10,1.00
2008.08.22 14:02:07.640,1.0457,1.04575,3.70,1.40
2008.08.22 14:02:07.844,1.0457,1.04575,3.70,5.60
2008.08.22 14:02:09.029,1.0456,1.04565,14.90,4.30
2008.08.22 14:02:09.960,1.0457,1.04575,4.80,8.10
2008.08.22 14:02:10.464,1.0455,1.0456,24.10,3.20
2008.08.22 14:02:11.133,1.04555,1.0456,5.40,3.20
2008.08.22 14:02:11.316,1.04545,1.0456,1.00,7.50
2008.08.22 14:02:11.576,1.0453,1.0456,10.10,3.20
2008.08.22 14:02:11.836,1.04535,1.0456,22.10,7.50
2008.08.22 14:02:12.096,1.04535,1.0456,23.20,7.50
2008.08.22 14:02:12.352,1.04535,1.0456,4.00,7.50
2008.08.22 14:02:14.796,1.0454,1.04555,4.00,3.20
2008.08.22 14:02:15.080,1.0454,1.04555,1.00,6.40
2008.08.22 14:02:15.360,1.04535,1.0455,1.60,3.20
2008.08.22 14:02:16.496,1.04535,1.0456,4.80,7.50
2008.08.22 14:02:16.776,1.0454,1.04555,4.00,7.50
2008.08.22 14:02:16.916,1.0454,1.04555,4.00,3.20
2008.08.22 14:02:17.056,1.0454,1.04555,1.00,6.40
2008.08.22 14:02:18.663,1.0453,1.0455,1.80,3.20
2008.08.22 14:02:18.881,1.04525,1.0455,6.00,3.20
2008.08.22 14:02:23.336,1.0453,1.0455,1.80,3.20
2008.08.22 14:02:23.456,1.0453,1.04555,1.80,7.00
2008.08.22 14:02:23.576,1.04525,1.04555,9.90,11.30
2008.08.22 14:02:24.001,1.04525,1.04555,13.20,11.30
2008.08.22 14:02:25.515,1.04525,1.04555,9.30,11.30
2008.08.22 14:02:26.084,1.04525,1.0455,2.80,3.20
2008.08.22 14:02:26.308,1.0453,1.0455,1.00,7.50
2008.08.22 14:02:26.532,1.0453,1.0455,1.00,7.50
2008.08.22 14:02:28.504,1.04525,1.0455,1.60,3.20
2008.08.22 14:02:28.768,1.0453,1.0455,1.60,3.20
2008.08.22 14:02:29.198,1.04525,1.0455,1.60,3.20
2008.08.22 14:02:29.364,1.0453,1.0455,1.00,3.20
2008.08.22 14:02:29.532,1.0453,1.0455,1.00,7.50
2008.08.22 14:02:30.360,1.0452,1.0454,1.80,1.00
2008.08.22 14:02:31.038,1.04515,1.04545,13.20,4.80
2008.08.22 14:02:31.197,1.04515,1.04545,9.90,8.10
2008.08.22 14:02:31.356,1.04515,1.04545,9.90,8.10
2008.08.22 14:02:31.684,1.0452,1.04545,1.80,8.10
2008.08.22 14:02:32.157,1.04535,1.0454,1.00,1.80
2008.08.22 14:02:32.418,1.0452,1.0454,1.80,6.70
2008.08.22 14:02:32.680,1.04515,1.0454,3.90,7.80
2008.08.22 14:02:32.944,1.04525,1.0454,5.80,3.20
2008.08.22 14:02:33.204,1.04525,1.0454,6.40,3.20
2008.08.22 14:02:33.428,1.0453,1.0454,3.20,3.20
2008.08.22 14:02:33.648,1.0451,1.0454,13.50,3.20
2008.08.22 14:02:33.883,1.0451,1.0454,4.80,3.20
2008.08.22 14:02:34.439,1.04515,1.04545,3.90,18.00
2008.08.22 14:02:35.113,1.04525,1.0454,4.00,14.30
2008.08.22 14:02:35.452,1.04525,1.0454,4.00,10.10
2008.08.22 14:02:36.061,1.0453,1.0454,1.00,8.10
2008.08.22 14:02:36.348,1.04525,1.0454,4.00,8.10
2008.08.22 14:02:36.544,1.04525,1.0454,4.00,3.20
2008.08.22 14:02:36.744,1.04525,1.0455,7.20,4.30
2008.08.22 14:02:47.736,1.04525,1.04555,8.10,25.20
2008.08.22 14:02:48.061,1.04525,1.04555,8.10,21.00
2008.08.22 14:02:48.231,1.04525,1.0455,7.20,4.30
2008.08.22 14:02:58.612,1.0453,1.0455,4.00,7.50
2008.08.22 14:02:58.816,1.0453,1.04545,4.00,4.30
2008.08.22 14:02:59.808,1.04525,1.04545,7.20,4.30
2008.08.22 14:03:00.055,1.04525,1.0455,8.10,4.30
2008.08.22 14:03:00.705,1.04525,1.0455,7.20,4.30
2008.08.22 14:03:04.229,1.0453,1.0455,4.00,7.50
2008.08.22 14:03:04.390,1.0453,1.04545,4.00,4.30
2008.08.22 14:03:04.720,1.0453,1.04545,4.00,4.70
2008.08.22 14:03:05.332,1.0453,1.0454,4.00,1.00
2008.08.22 14:03:09.296,1.0453,1.04545,4.00,4.70
2008.08.22 14:03:10.152,1.0453,1.04545,4.00,6.30
2008.08.22 14:03:10.488,1.0453,1.04545,1.00,9.50
2008.08.22 14:03:11.209,1.0453,1.04545,1.00,8.10
2008.08.22 14:03:11.513,1.0453,1.04535,1.00,1.00
2008.08.22 14:03:11.855,1.0453,1.04545,1.00,3.90
2008.08.22 14:03:12.196,1.0453,1.04545,1.00,3.70
2008.08.22 14:03:13.505,1.0453,1.0454,2.10,3.70
2008.08.22 14:03:15.461,1.0453,1.0455,9.40,4.30
2008.08.22 14:03:15.892,1.0453,1.04545,9.40,4.30
2008.08.22 14:03:16.692,1.0453,1.04545,8.50,4.80
2008.08.22 14:03:17.237,1.0453,1.04545,8.50,8.10
2008.08.22 14:03:18.372,1.0453,1.04545,4.40,10.30
2008.08.22 14:03:18.709,1.0453,1.04545,1.20,20.90
2008.08.22 14:03:19.127,1.0453,1.0454,1.20,3.20
2008.08.22 14:03:19.352,1.04525,1.0453,1.70,1.00
2008.08.22 14:03:19.463,1.04525,1.0453,1.70,3.70
2008.08.22 14:03:19.972,1.0453,1.04535,1.20,8.10
2008.08.22 14:03:20.324,1.04525,1.0453,1.70,3.70
2008.08.22 14:03:23.462,1.04525,1.0453,1.70,3.20
2008.08.22 14:03:23.684,1.0451,1.0453,1.20,3.20
2008.08.22 14:03:23.912,1.04505,1.0453,7.20,7.50
2008.08.22 14:03:24.250,1.04505,1.0453,4.00,7.50
2008.08.22 14:03:24.588,1.045,1.0453,4.80,3.20
2008.08.22 14:03:24.924,1.04505,1.0452,4.80,3.20
2008.08.22 14:03:25.200,1.0451,1.0452,3.20,3.20
2008.08.22 14:03:25.752,1.0449,1.0452,4.80,3.20
2008.08.22 14:03:26.027,1.04495,1.0452,4.00,7.50
2008.08.22 14:03:30.455,1.045,1.0452,4.30,7.50
2008.08.22 14:03:32.740,1.045,1.04525,4.40,16.40
2008.08.22 14:03:33.001,1.045,1.04525,4.50,16.40
2008.08.22 14:03:33.643,1.0451,1.04525,1.00,10.50
2008.08.22 14:03:33.956,1.04505,1.0452,4.80,7.20
2008.08.22 14:03:34.118,1.04505,1.0452,6.00,7.20
2008.08.22 14:03:34.552,1.04515,1.0454,1.00,8.10
2008.08.22 14:03:36.471,1.0452,1.04525,1.00,8.10
2008.08.22 14:03:37.391,1.0451,1.04525,6.40,8.10
2008.08.22 14:03:37.692,1.0449,1.04525,9.70,11.30
2008.08.22 14:03:38.019,1.0449,1.04525,9.70,12.40
2008.08.22 14:03:40.636,1.04495,1.04525,11.40,11.30
2008.08.22 14:03:41.029,1.04495,1.04525,10.90,11.30
2008.08.22 14:03:41.196,1.04495,1.04525,11.40,11.30
2008.08.22 14:03:41.363,1.04495,1.0452,8.10,7.50
2008.08.22 14:03:41.528,1.04495,1.0452,6.80,7.50
2008.08.22 14:03:41.692,1.045,1.0452,5.90,4.30
2008.08.22 14:03:41.955,1.04495,1.04525,9.00,11.30
2008.08.22 14:03:42.216,1.04495,1.04525,8.50,26.10
2008.08.22 14:03:42.475,1.04495,1.04525,9.00,16.40
2008.08.22 14:03:42.736,1.04495,1.04525,9.00,11.30
2008.08.22 14:03:43.031,1.04495,1.04525,9.10,11.30
2008.08.22 14:03:43.328,1.04495,1.0452,5.50,3.20
2008.08.22 14:03:43.624,1.045,1.0452,4.50,7.50
2008.08.22 14:03:45.709,1.045,1.04515,1.00,3.20
2008.08.22 14:03:49.646,1.045,1.04515,1.00,7.50
2008.08.22 14:03:54.842,1.045,1.0451,1.00,3.20
2008.08.22 14:03:55.180,1.0448,1.0451,10.30,7.50
2008.08.22 14:03:55.516,1.0448,1.0451,6.00,7.50
2008.08.22 14:03:58.298,1.04485,1.04505,6.00,3.20
2008.08.22 14:03:58.602,1.04485,1.0451,4.80,7.50
2008.08.22 14:03:58.903,1.04485,1.0451,4.80,3.20
2008.08.22 14:03:59.125,1.04485,1.045,1.60,3.20
2008.08.22 14:03:59.347,1.04485,1.0451,4.80,3.20
2008.08.22 14:03:59.567,1.04485,1.0451,7.50,3.20
2008.08.22 14:03:59.787,1.04485,1.0451,8.70,3.20
2008.08.22 14:04:01.945,1.04485,1.04515,12.00,11.30
2008.08.22 14:04:02.451,1.04495,1.04515,1.00,6.40
2008.08.22 14:04:02.788,1.0448,1.04515,13.20,11.30
2008.08.22 14:04:03.460,1.04485,1.04515,1.80,11.30
2008.08.22 14:04:03.654,1.04485,1.04505,1.80,2.90
2008.08.22 14:04:03.754,1.04485,1.04505,1.80,7.50
2008.08.22 14:04:03.852,1.0449,1.04505,1.00,7.50
2008.08.22 14:04:04.043,1.0449,1.045,1.00,4.30
2008.08.22 14:04:04.141,1.04485,1.045,1.00,4.30
2008.08.22 14:04:04.412,1.0448,1.045,1.00,10.80
2008.08.22 14:04:04.696,1.04475,1.0449,1.00,4.30
2008.08.22 14:04:04.981,1.04475,1.04485,1.00,7.50
2008.08.22 14:04:05.552,1.0448,1.04495,1.00,12.40
2008.08.22 14:04:05.808,1.04475,1.04495,1.00,11.30
2008.08.22 14:04:06.064,1.0447,1.04495,5.80,8.10
2008.08.22 14:04:06.589,1.0447,1.04495,5.80,3.70
2008.08.22 14:04:06.799,1.04475,1.04495,1.00,3.70
2008.08.22 14:04:07.005,1.04475,1.0449,1.00,1.00
2008.08.22 14:04:07.213,1.0448,1.0449,1.00,1.00
2008.08.22 14:04:07.636,1.04475,1.04495,4.90,4.00
2008.08.22 14:04:07.979,1.04485,1.045,3.20,1.00
2008.08.22 14:04:08.318,1.04485,1.045,17.00,3.20
2008.08.22 14:04:08.672,1.0447,1.045,7.10,3.20
2008.08.22 14:04:08.827,1.0447,1.045,4.80,3.20
2008.08.22 14:04:09.140,1.0447,1.04495,4.80,3.20
2008.08.22 14:04:09.296,1.04465,1.04495,2.00,7.00
2008.08.22 14:04:09.764,1.04475,1.04485,1.00,3.20
2008.08.22 14:04:10.060,1.04475,1.0448,1.00,4.80
2008.08.22 14:04:10.356,1.0445,1.04475,1.00,4.30
2008.08.22 14:04:10.948,1.04455,1.0446,1.00,3.20
2008.08.22 14:04:11.220,1.04445,1.0446,1.20,3.20
2008.08.22 14:04:11.361,1.04465,1.04485,4.00,20.20
2008.08.22 14:04:11.636,1.04465,1.04475,4.00,5.40
2008.08.22 14:04:11.776,1.04465,1.04485,4.00,4.00
2008.08.22 14:04:12.020,1.0447,1.04485,1.00,4.00
2008.08.22 14:04:12.509,1.0447,1.0448,12.50,4.00
2008.08.22 14:04:12.771,1.04475,1.045,3.90,8.10
2008.08.22 14:04:12.984,1.04475,1.04495,3.90,1.00
2008.08.22 14:04:13.195,1.0447,1.04495,5.20,1.00
2008.08.22 14:04:13.408,1.0448,1.04505,1.00,7.50
2008.08.22 14:04:14.376,1.0448,1.04495,1.00,7.50
2008.08.22 14:04:14.648,1.04475,1.0448,1.00,1.00
2008.08.22 14:04:14.935,1.0447,1.0449,1.80,1.00
2008.08.22 14:04:15.196,1.04475,1.04495,1.00,4.80
2008.08.22 14:04:15.462,1.04475,1.0448,1.00,1.00
2008.08.22 14:04:15.724,1.04465,1.0447,1.00,1.00
2008.08.22 14:04:15.989,1.0447,1.0448,1.00,3.20
2008.08.22 14:04:16.133,1.04465,1.0448,4.30,1.00
2008.08.22 14:04:16.419,1.0447,1.04475,1.00,3.20
2008.08.22 14:04:16.560,1.0445,1.04475,11.20,7.00
2008.08.22 14:04:16.699,1.0445,1.04475,6.00,7.00
2008.08.22 14:04:16.839,1.0445,1.0447,1.00,3.70
2008.08.22 14:04:16.979,1.0445,1.04475,1.00,7.00
2008.08.22 14:04:17.160,1.04445,1.04475,2.00,7.00
2008.08.22 14:04:17.880,1.0445,1.0447,5.60,3.20
2008.08.22 14:04:18.276,1.0445,1.04455,4.80,1.00
2008.08.22 14:04:18.494,1.0445,1.04455,1.00,1.00
2008.08.22 14:04:18.941,1.0445,1.04465,1.20,3.20
2008.08.22 14:04:19.128,1.0445,1.04465,1.20,10.80
2008.08.22 14:04:19.313,1.0445,1.04465,1.80,4.00
2008.08.22 14:04:19.699,1.04445,1.04465,3.20,4.00
2008.08.22 14:04:19.887,1.04445,1.0447,3.20,3.20
2008.08.22 14:04:20.410,1.04445,1.0447,6.60,3.20
2008.08.22 14:04:20.747,1.04445,1.0447,5.90,3.20
2008.08.22 14:04:21.084,1.04445,1.0447,5.90,7.50
2008.08.22 14:04:21.260,1.0445,1.04475,4.90,11.30
2008.08.22 14:04:21.435,1.0445,1.04475,1.80,8.10
2008.08.22 14:04:21.635,1.0445,1.04475,1.80,7.00
2008.08.22 14:04:21.811,1.0445,1.0447,4.90,3.20
2008.08.22 14:04:22.163,1.0445,1.04475,4.90,7.00
2008.08.22 14:04:22.612,1.0446,1.0447,1.00,3.20
2008.08.22 14:04:22.835,1.0445,1.0447,5.10,3.20
2008.08.22 14:04:23.060,1.04455,1.0448,4.00,4.30
2008.08.22 14:04:23.320,1.0446,1.0447,1.60,3.20
2008.08.22 14:04:23.580,1.0447,1.0448,1.00,4.00
2008.08.22 14:04:23.840,1.04465,1.0448,1.60,3.20
2008.08.22 14:04:24.100,1.0447,1.0449,3.90,13.20
2008.08.22 14:04:24.332,1.04475,1.0449,4.80,7.20
2008.08.22 14:04:24.564,1.04485,1.045,1.00,3.20
2008.08.22 14:04:25.028,1.0449,1.04505,1.00,3.70
2008.08.22 14:04:25.259,1.0447,1.04495,4.80,1.00
2008.08.22 14:04:25.495,1.0447,1.0451,1.60,8.10
2008.08.22 14:04:25.967,1.0447,1.04505,1.60,3.20
2008.08.22 14:04:26.204,1.0447,1.045,1.60,3.20
2008.08.22 14:04:27.504,1.0448,1.0449,1.00,3.20
2008.08.22 14:04:27.715,1.0448,1.04495,1.00,3.20
2008.08.22 14:04:28.139,1.0448,1.04495,1.00,6.40
2008.08.22 14:04:28.549,1.0447,1.04495,4.90,7.00
2008.08.22 14:04:28.747,1.0447,1.04495,3.90,7.00
2008.08.22 14:04:28.943,1.0447,1.0449,3.90,3.20
2008.08.22 14:04:29.555,1.04465,1.0449,4.80,3.20
2008.08.22 14:04:30.655,1.04465,1.04495,8.10,11.30
2008.08.22 14:04:33.002,1.04465,1.04495,8.10,11.60
2008.08.22 14:04:33.287,1.04465,1.04495,8.10,11.30
2008.08.22 14:04:33.848,1.04465,1.0449,4.80,3.20
2008.08.22 14:04:34.124,1.04465,1.04495,1.60,11.30
2008.08.22 14:04:34.400,1.04465,1.04495,4.80,11.30
2008.08.22 14:04:34.595,1.04465,1.0449,4.80,7.50
2008.08.22 14:04:34.791,1.04465,1.0449,1.60,7.50
2008.08.22 14:04:35.944,1.04465,1.0448,1.60,1.00
2008.08.22 14:04:38.488,1.04465,1.0447,1.60,3.20
2008.08.22 14:04:38.676,1.04465,1.0447,1.00,7.50
2008.08.22 14:04:38.931,1.04445,1.0447,4.70,7.50
2008.08.22 14:04:39.139,1.0444,1.0447,5.50,3.20
2008.08.22 14:04:39.779,1.04445,1.04475,3.20,22.50
2008.08.22 14:04:40.019,1.04455,1.0447,1.00,1.00
2008.08.22 14:04:40.259,1.04455,1.0447,1.00,1.00
2008.08.22 14:04:40.501,1.0446,1.0447,1.00,1.00
2008.08.22 14:04:41.453,1.04455,1.0447,1.00,1.00
2008.08.22 14:04:45.819,1.04455,1.0447,4.30,1.00
2008.08.22 14:04:46.076,1.04455,1.0449,9.00,11.30
2008.08.22 14:04:46.331,1.0447,1.0449,8.10,4.00
2008.08.22 14:04:47.050,1.04475,1.0449,3.90,4.00
2008.08.22 14:04:47.230,1.0448,1.0451,1.60,9.40
2008.08.22 14:04:47.583,1.04485,1.0451,1.60,7.00
2008.08.22 14:04:48.192,1.04485,1.04505,1.60,3.20
2008.08.22 14:04:48.448,1.04485,1.045,1.00,3.20
2008.08.22 14:04:48.706,1.04485,1.04505,1.00,8.10
2008.08.22 14:04:48.964,1.0449,1.045,1.00,3.20
2008.08.22 14:04:49.542,1.0449,1.045,3.90,3.20
2008.08.22 14:04:49.927,1.04495,1.045,3.20,3.20
2008.08.22 14:04:50.265,1.045,1.0451,1.60,10.90
2008.08.22 14:04:50.943,1.045,1.0451,3.90,11.70
2008.08.22 14:04:51.064,1.045,1.0451,5.10,11.70
2008.08.22 14:04:51.185,1.04495,1.045,11.80,3.20
2008.08.22 14:04:51.787,1.045,1.04525,5.20,1.00
2008.08.22 14:04:51.907,1.04505,1.04525,3.20,1.00
2008.08.22 14:04:52.918,1.04505,1.0452,3.90,1.00
2008.08.22 14:04:53.257,1.04505,1.0453,4.80,4.30
2008.08.22 14:04:55.327,1.04505,1.0453,8.10,4.30
2008.08.22 14:04:55.611,1.04505,1.0453,4.00,4.30
2008.08.22 14:04:55.896,1.0451,1.0453,1.00,7.50
2008.08.22 14:05:03.943,1.045,1.04525,2.00,3.70
2008.08.22 14:05:05.796,1.045,1.04525,2.00,8.10
2008.08.22 14:05:06.647,1.04505,1.04525,1.00,8.10
2008.08.22 14:05:06.863,1.0451,1.04525,1.00,7.50
2008.08.22 14:05:07.527,1.04505,1.04525,1.00,8.10
2008.08.22 14:05:08.271,1.045,1.04525,2.00,3.70
2008.08.22 14:05:08.456,1.045,1.04515,2.00,2.70
2008.08.22 14:05:08.839,1.04505,1.0452,1.00,5.90
2008.08.22 14:05:09.236,1.04505,1.0452,1.00,10.20
2008.08.22 14:05:09.427,1.04505,1.04515,1.00,3.20
2008.08.22 14:05:09.647,1.04495,1.0451,1.80,3.20
2008.08.22 14:05:11.055,1.04495,1.04515,1.80,8.10
2008.08.22 14:05:11.584,1.04505,1.0452,1.00,6.40
2008.08.22 14:05:11.775,1.04505,1.0453,4.00,8.50
2008.08.22 14:05:11.967,1.04505,1.0453,4.00,8.30
2008.08.22 14:05:12.351,1.045,1.04535,8.10,12.60
2008.08.22 14:05:12.543,1.045,1.0453,4.80,3.20
2008.08.22 14:05:12.951,1.04505,1.04535,4.80,11.60
2008.08.22 14:05:18.916,1.04505,1.04535,4.80,11.30
2008.08.22 14:05:23.350,1.04505,1.04535,4.80,11.80
2008.08.22 14:05:23.687,1.04505,1.0453,4.80,3.20
2008.08.22 14:05:24.023,1.04505,1.04535,4.80,11.80
2008.08.22 14:05:24.915,1.04505,1.0453,8.10,4.30
2008.08.22 14:05:25.253,1.04505,1.04535,8.10,11.80
2008.08.22 14:05:25.591,1.04505,1.04535,8.10,19.50
2008.08.22 14:05:25.927,1.04505,1.04535,8.10,11.30
2008.08.22 14:05:28.950,1.04505,1.0453,4.80,3.20
2008.08.22 14:05:29.138,1.0451,1.0453,4.00,7.50
2008.08.22 14:05:29.396,1.0451,1.0453,1.00,7.50
2008.08.22 14:05:34.907,1.04505,1.0453,1.60,3.20
2008.08.22 14:05:35.131,1.0451,1.0453,1.60,3.20
2008.08.22 14:05:35.467,1.04505,1.0453,1.60,3.20
2008.08.22 14:05:36.504,1.04505,1.0453,4.80,3.20
2008.08.22 14:05:39.840,1.04515,1.04535,1.00,7.50
2008.08.22 14:05:40.231,1.0451,1.0453,4.00,3.20
2008.08.22 14:05:40.427,1.0451,1.0453,4.80,3.20
2008.08.22 14:05:41.051,1.04515,1.0453,4.00,3.20
2008.08.22 14:05:41.947,1.04515,1.0453,5.40,3.20
2008.08.22 14:05:42.239,1.04515,1.0455,10.20,14.50
2008.08.22 14:05:42.719,1.04515,1.0455,9.30,11.30
2008.08.22 14:05:42.903,1.04525,1.04545,1.00,3.20
2008.08.22 14:05:43.087,1.04525,1.04545,3.20,3.20
2008.08.22 14:05:44.283,1.0453,1.0454,4.00,3.20
2008.08.22 14:05:44.559,1.0454,1.0455,1.00,1.00
2008.08.22 14:05:45.519,1.0454,1.0455,1.30,1.00
2008.08.22 14:05:46.527,1.0454,1.0455,1.40,1.00
2008.08.22 14:05:46.855,1.0454,1.0456,2.40,4.30
2008.08.22 14:05:47.191,1.0454,1.0456,2.10,4.30
2008.08.22 14:05:47.358,1.0454,1.0456,2.00,4.30
2008.08.22 14:05:48.195,1.0454,1.0456,1.40,4.30
2008.08.22 14:05:48.891,1.0454,1.0456,1.30,4.30
2008.08.22 14:05:50.359,1.0454,1.04555,1.60,4.30
2008.08.22 14:05:50.615,1.04535,1.0455,1.70,1.00
2008.08.22 14:05:50.935,1.0454,1.04555,1.00,4.80
2008.08.22 14:05:51.255,1.0454,1.04555,1.00,4.80
2008.08.22 14:05:51.575,1.0454,1.04555,1.00,8.10
2008.08.22 14:05:51.739,1.04535,1.04555,1.00,13.50
2008.08.22 14:05:51.916,1.04535,1.04545,1.00,3.70
2008.08.22 14:05:52.411,1.0453,1.04545,1.00,3.70
2008.08.22 14:05:53.471,1.0454,1.0455,1.00,14.60
2008.08.22 14:05:53.667,1.0454,1.0456,1.00,12.10
2008.08.22 14:05:53.987,1.0454,1.0456,1.20,12.10
2008.08.22 14:05:54.143,1.0454,1.0456,1.60,12.10
2008.08.22 14:05:54.304,1.0454,1.04555,1.70,3.70
2008.08.22 14:05:54.787,1.0454,1.0455,1.70,1.00
2008.08.22 14:05:55.469,1.04535,1.0457,6.40,8.10
2008.08.22 14:05:55.811,1.04535,1.04565,5.80,4.30
2008.08.22 14:05:56.099,1.04545,1.04565,1.00,4.30
2008.08.22 14:05:57.580,1.0455,1.04565,1.00,7.00
2008.08.22 14:05:57.797,1.0455,1.04565,1.40,10.80
2008.08.22 14:05:58.015,1.0455,1.04565,1.40,7.50
2008.08.22 14:05:58.427,1.0455,1.04565,1.80,7.50
2008.08.22 14:05:59.231,1.0455,1.04565,1.00,8.10
2008.08.22 14:05:59.433,1.0455,1.04565,1.00,8.10
2008.08.22 14:05:59.828,1.0455,1.0456,1.00,4.30
2008.08.22 14:06:01.704,1.0455,1.04555,1.00,4.30
2008.08.22 14:06:01.784,1.0455,1.0456,1.00,4.30
2008.08.22 14:06:01.943,1.0455,1.0456,1.00,4.30
2008.08.22 14:06:02.023,1.0455,1.04565,1.00,8.10
2008.08.22 14:06:06.233,1.0455,1.04565,1.00,8.10
2008.08.22 14:06:06.473,1.0455,1.0456,1.00,3.70
2008.08.22 14:06:06.723,1.0455,1.0456,1.00,3.70
2008.08.22 14:06:06.850,1.0455,1.0456,2.00,3.20
2008.08.22 14:06:07.348,1.0455,1.0456,3.20,3.20
2008.08.22 14:06:07.691,1.0456,1.0457,1.00,24.80
2008.08.22 14:06:08.035,1.0456,1.0457,2.80,22.40
2008.08.22 14:06:08.377,1.0456,1.0457,8.20,23.20
2008.08.22 14:06:08.559,1.04565,1.0457,5.40,23.20
2008.08.22 14:06:08.793,1.04565,1.0457,6.00,23.20
2008.08.22 14:06:08.977,1.04565,1.0457,7.10,23.20
2008.08.22 14:06:09.160,1.0457,1.0458,3.20,43.90
2008.08.22 14:06:09.343,1.0457,1.0458,3.90,43.90
2008.08.22 14:06:09.603,1.04565,1.0457,3.20,21.60
2008.08.22 14:06:09.863,1.04565,1.0457,3.90,21.60
2008.08.22 14:06:10.123,1.04565,1.0457,3.90,19.40
2008.08.22 14:06:10.383,1.04565,1.0457,3.90,8.60
2008.08.22 14:06:10.972,1.04565,1.0457,3.90,3.20
2008.08.22 14:06:11.276,1.04565,1.04605,8.30,9.10
2008.08.22 14:06:11.579,1.04565,1.04605,8.30,12.40
2008.08.22 14:06:11.935,1.04575,1.04605,1.00,11.30
2008.08.22 14:06:12.063,1.0456,1.04605,8.60,12.40
2008.08.22 14:06:12.418,1.0456,1.04595,8.60,9.10
2008.08.22 14:06:12.919,1.0456,1.04595,8.60,12.40
2008.08.22 14:06:14.199,1.04565,1.04595,8.60,9.10
2008.08.22 14:06:14.487,1.0457,1.0459,4.50,4.30
2008.08.22 14:06:15.111,1.0457,1.0459,4.50,7.50
2008.08.22 14:06:15.275,1.0457,1.04585,4.50,4.80
2008.08.22 14:06:15.609,1.0457,1.04585,4.50,4.80
2008.08.22 14:06:15.900,1.0455,1.0458,11.30,4.30
2008.08.22 14:06:16.188,1.0455,1.0458,10.50,4.30
2008.08.22 14:06:17.471,1.0456,1.0458,7.20,4.30
2008.08.22 14:06:17.579,1.0456,1.04575,5.90,4.30
2008.08.22 14:06:18.432,1.0456,1.04575,5.10,4.30
2008.08.22 14:06:18.959,1.04555,1.04575,8.20,4.30
2008.08.22 14:06:19.083,1.04555,1.0458,8.70,4.30
2008.08.22 14:06:20.371,1.04555,1.0458,8.90,4.30
2008.08.22 14:06:26.390,1.0456,1.0458,3.20,4.30
2008.08.22 14:06:26.652,1.0457,1.04585,1.00,8.60
2008.08.22 14:06:27.540,1.0457,1.04585,1.00,7.50
2008.08.22 14:06:28.691,1.0457,1.04585,1.00,11.30
2008.08.22 14:06:28.937,1.0457,1.0458,1.00,4.30
2008.08.22 14:06:30.598,1.0457,1.0458,1.00,7.50
2008.08.22 14:06:30.916,1.0457,1.04575,1.00,3.70
2008.08.22 14:06:31.219,1.0456,1.04575,21.00,8.10
2008.08.22 14:06:31.693,1.0456,1.04575,21.00,4.80
2008.08.22 14:06:31.932,1.0456,1.04575,4.00,8.10
2008.08.22 14:06:32.746,1.0456,1.04575,4.30,8.10
2008.08.22 14:06:33.090,1.0456,1.0457,3.70,3.20
2008.08.22 14:06:33.432,1.0455,1.0456,18.00,1.00
2008.08.22 14:06:34.925,1.0455,1.0456,3.20,1.00
2008.08.22 14:06:35.587,1.0454,1.0456,11.00,1.00
2008.08.22 14:06:35.930,1.0454,1.0456,7.80,1.00
2008.08.22 14:06:36.272,1.0454,1.04565,9.00,3.70
2008.08.22 14:06:36.615,1.0454,1.0456,7.90,3.20
2008.08.22 14:06:37.217,1.0454,1.0456,7.80,3.20
2008.08.22 14:06:37.419,1.0454,1.04565,4.40,14.50
2008.08.22 14:06:37.921,1.04535,1.0456,5.50,3.20
2008.08.22 14:06:38.223,1.04535,1.0456,5.50,7.50
2008.08.22 14:06:38.523,1.0454,1.04565,4.10,11.30
2008.08.22 14:06:38.811,1.04535,1.04565,8.30,12.40
2008.08.22 14:06:39.102,1.04535,1.0456,8.10,4.30
2008.08.22 14:06:39.682,1.0454,1.0455,3.20,1.00
2008.08.22 14:06:39.892,1.0454,1.0455,3.20,3.20
2008.08.22 14:06:40.095,1.04535,1.0454,3.30,1.00
2008.08.22 14:06:40.303,1.0454,1.04545,3.20,4.80
2008.08.22 14:06:40.712,1.04535,1.0454,3.30,4.30
2008.08.22 14:06:41.285,1.0453,1.0454,13.50,4.30
2008.08.22 14:06:41.574,1.0451,1.0454,7.20,4.30
2008.08.22 14:06:42.293,1.04515,1.04545,3.20,12.80
2008.08.22 14:06:42.512,1.04525,1.0454,1.00,4.30
2008.08.22 14:06:42.731,1.0452,1.0454,3.30,4.30
2008.08.22 14:06:43.027,1.04525,1.0454,1.00,4.30
2008.08.22 14:06:43.323,1.04525,1.0453,1.00,2.90
2008.08.22 14:06:43.621,1.04525,1.0453,1.00,6.30
2008.08.22 14:06:43.927,1.04525,1.04535,1.00,10.60
2008.08.22 14:06:44.029,1.0452,1.04535,1.00,10.60
2008.08.22 14:06:44.127,1.04515,1.04535,1.00,15.50
2008.08.22 14:06:44.229,1.04515,1.0453,1.00,4.30
2008.08.22 14:06:44.331,1.04515,1.0452,1.00,1.00
2008.08.22 14:06:44.631,1.04515,1.04525,1.00,4.80
2008.08.22 14:06:44.951,1.04495,1.04525,3.30,4.80
2008.08.22 14:06:45.291,1.045,1.04525,7.20,4.30
2008.08.22 14:06:45.631,1.04505,1.0453,3.20,4.30
2008.08.22 14:06:46.625,1.0451,1.0453,3.30,4.30
2008.08.22 14:06:47.335,1.04515,1.04535,3.20,4.80
2008.08.22 14:06:47.451,1.04515,1.04535,4.00,4.30
2008.08.22 14:06:47.567,1.04515,1.0454,4.00,4.30
2008.08.22 14:06:47.683,1.04515,1.0454,7.20,4.30
2008.08.22 14:06:48.263,1.04515,1.0454,8.10,4.30
2008.08.22 14:06:49.243,1.04515,1.0454,8.30,4.30
2008.08.22 14:06:49.923,1.04525,1.0454,1.00,4.30
2008.08.22 14:06:53.319,1.0453,1.0454,2.40,4.30
2008.08.22 14:06:53.359,1.0453,1.04545,2.40,7.50
2008.08.22 14:06:53.643,1.0453,1.04545,1.70,7.50
2008.08.22 14:06:53.923,1.04525,1.04555,5.90,40.60
2008.08.22 14:06:54.063,1.04525,1.04555,5.90,36.50
2008.08.22 14:06:54.203,1.04525,1.04555,9.10,32.10
2008.08.22 14:06:54.343,1.04525,1.04555,9.10,27.50
2008.08.22 14:06:54.767,1.04525,1.04555,9.30,27.50
2008.08.22 14:06:55.054,1.04525,1.04555,9.10,4.80
2008.08.22 14:06:55.623,1.04525,1.04555,9.30,4.80
2008.08.22 14:06:55.899,1.04525,1.0455,7.90,4.30
2008.08.22 14:06:57.858,1.04525,1.04555,8.60,4.80
2008.08.22 14:06:58.127,1.0453,1.04555,3.20,4.80
2008.08.22 14:06:58.663,1.0453,1.04555,3.30,4.80
2008.08.22 14:07:07.511,1.0454,1.04555,1.00,4.30
2008.08.22 14:07:11.883,1.0454,1.0456,1.00,4.30
2008.08.22 14:07:11.925,1.04535,1.0456,4.00,4.30
2008.08.22 14:07:11.963,1.04535,1.0456,7.20,4.30
2008.08.22 14:07:12.559,1.04535,1.0456,7.50,4.30
2008.08.22 14:07:12.623,1.04535,1.0456,7.80,4.30
2008.08.22 14:07:12.687,1.04535,1.04555,7.80,4.30
2008.08.22 14:07:12.816,1.0454,1.0456,4.30,4.30
2008.08.22 14:07:12.880,1.0454,1.04565,4.30,14.70
2008.08.22 14:07:12.982,1.0454,1.0456,4.30,4.30
2008.08.22 14:07:13.047,1.0454,1.0456,4.50,4.30
2008.08.22 14:07:13.111,1.0454,1.0456,4.40,4.30
2008.08.22 14:07:13.175,1.0454,1.0456,4.50,4.30
2008.08.22 14:07:13.506,1.0454,1.0456,4.30,4.30
2008.08.22 14:07:14.165,1.04535,1.0456,7.80,4.30
2008.08.22 14:07:14.311,1.04535,1.0456,8.90,4.30
2008.08.22 14:07:14.455,1.04535,1.04555,8.90,4.30
2008.08.22 14:07:14.599,1.04535,1.0456,8.90,4.30
2008.08.22 14:07:14.743,1.04535,1.04565,8.10,16.80
2008.08.22 14:07:14.887,1.04535,1.0456,7.20,4.30
2008.08.22 14:07:15.031,1.04535,1.0456,7.50,4.30
2008.08.22 14:07:15.911,1.04535,1.0455,6.60,1.00
2008.08.22 14:07:16.254,1.0454,1.0455,3.30,1.00
2008.08.22 14:07:16.544,1.0454,1.04555,3.30,4.80
2008.08.22 14:07:16.847,1.0454,1.04555,3.20,4.80
2008.08.22 14:07:17.423,1.0452,1.04555,9.10,8.60
2008.08.22 14:07:17.611,1.0452,1.04555,9.10,8.10
2008.08.22 14:07:17.987,1.04535,1.0455,1.00,3.20
2008.08.22 14:07:18.175,1.04535,1.04555,1.00,7.50
2008.08.22 14:07:18.363,1.0452,1.04555,20.50,8.10
2008.08.22 14:07:18.551,1.0452,1.04555,9.40,8.10
2008.08.22 14:07:19.290,1.0452,1.04555,9.30,8.60
2008.08.22 14:07:19.531,1.04525,1.04555,9.10,8.10
2008.08.22 14:07:19.718,1.04525,1.04555,5.90,11.30
2008.08.22 14:07:19.907,1.04525,1.04555,5.90,11.40
2008.08.22 14:07:20.291,1.04525,1.04555,9.10,8.20
2008.08.22 14:07:20.479,1.04525,1.04555,8.10,9.30
2008.08.22 14:07:20.820,1.04525,1.04555,8.10,18.20
2008.08.22 14:07:21.160,1.04525,1.04555,8.10,18.00
2008.08.22 14:07:21.500,1.04525,1.04545,4.80,1.00
2008.08.22 14:07:22.002,1.0453,1.04545,4.00,1.00
2008.08.22 14:07:22.171,1.0453,1.04545,3.20,1.00
2008.08.22 14:07:22.339,1.0454,1.04555,1.00,4.30
2008.08.22 14:07:22.507,1.0453,1.0454,9.70,3.20
2008.08.22 14:07:22.675,1.0453,1.04545,1.00,7.80
2008.08.22 14:07:23.015,1.0453,1.04545,4.00,5.10
2008.08.22 14:07:23.356,1.0453,1.0454,4.00,1.00
2008.08.22 14:07:24.035,1.0453,1.0455,4.00,6.40
2008.08.22 14:07:24.199,1.0453,1.0454,3.20,1.00
2008.08.22 14:07:24.363,1.04525,1.0453,3.30,1.00
2008.08.22 14:07:24.691,1.0453,1.0454,3.20,4.80
2008.08.22 14:07:24.987,1.04525,1.0453,3.30,1.00
2008.08.22 14:07:25.283,1.0451,1.0452,14.30,1.00
2008.08.22 14:07:25.579,1.04515,1.0452,11.00,3.20
2008.08.22 14:07:25.919,1.04515,1.0452,11.00,7.50
2008.08.22 14:07:26.260,1.04505,1.0452,3.20,7.50
2008.08.22 14:07:26.603,1.04505,1.0452,1.00,7.50
2008.08.22 14:07:26.943,1.045,1.0452,1.00,7.50
2008.08.22 14:07:27.633,1.045,1.0451,1.00,1.00
2008.08.22 14:07:27.854,1.045,1.04515,1.00,7.60
2008.08.22 14:07:28.105,1.04495,1.04515,4.00,4.40
2008.08.22 14:07:28.343,1.04495,1.04515,7.20,4.30
2008.08.22 14:07:28.579,1.045,1.04515,3.20,4.30
2008.08.22 14:07:28.815,1.045,1.04525,3.20,8.30
2008.08.22 14:07:29.495,1.045,1.04525,3.20,5.10
2008.08.22 14:07:29.835,1.045,1.04525,3.30,5.10
2008.08.22 14:07:30.036,1.0451,1.04525,3.20,5.10
2008.08.22 14:07:30.235,1.0452,1.0453,1.00,19.70
2008.08.22 14:07:30.435,1.0451,1.04525,1.00,4.50
2008.08.22 14:07:30.643,1.04505,1.04525,1.00,5.10
2008.08.22 14:07:30.843,1.0451,1.04525,13.70,4.30
2008.08.22 14:07:31.183,1.0451,1.04525,1.00,7.60
2008.08.22 14:07:31.523,1.0451,1.04525,1.00,4.40
2008.08.22 14:07:31.863,1.04505,1.0453,4.00,4.30
2008.08.22 14:07:32.190,1.04505,1.0453,7.20,4.30
2008.08.22 14:07:32.355,1.0451,1.0453,3.20,4.30
2008.08.22 14:07:32.518,1.0451,1.04535,3.20,9.50
2008.08.22 14:07:32.682,1.0451,1.04535,3.20,4.80
2008.08.22 14:07:33.398,1.0451,1.04535,3.30,4.80
2008.08.22 14:07:34.169,1.0451,1.04535,4.00,4.80
2008.08.22 14:07:38.995,1.0451,1.0453,4.00,1.00
2008.08.22 14:07:39.623,1.04515,1.04535,1.00,4.80
2008.08.22 14:07:40.407,1.04515,1.0453,1.00,4.30
2008.08.22 14:07:40.747,1.0451,1.0453,3.20,4.30
2008.08.22 14:07:41.100,1.0451,1.04535,3.20,4.80
2008.08.22 14:07:42.203,1.0451,1.04535,3.30,4.80
2008.08.22 14:07:42.403,1.04515,1.0453,1.00,4.30
2008.08.22 14:07:42.603,1.04515,1.04535,1.00,4.80
2008.08.22 14:07:42.803,1.04515,1.0453,1.00,4.30
2008.08.22 14:07:43.915,1.0452,1.0453,1.00,4.30
2008.08.22 14:07:44.561,1.0452,1.0453,1.20,4.30
2008.08.22 14:07:44.746,1.0452,1.04535,1.20,7.50
2008.08.22 14:07:44.934,1.0452,1.04535,1.30,4.30
2008.08.22 14:07:50.586,1.0453,1.0454,1.00,4.30
2008.08.22 14:07:50.904,1.0453,1.04545,1.00,8.10
2008.08.22 14:07:51.224,1.0453,1.04545,1.00,4.80
2008.08.22 14:07:52.546,1.0453,1.0454,1.00,1.00
2008.08.22 14:07:52.946,1.04525,1.0454,4.00,1.00
2008.08.22 14:07:53.146,1.04525,1.0456,4.90,24.50
2008.08.22 14:07:53.346,1.04525,1.0456,4.90,20.50
2008.08.22 14:07:54.003,1.04525,1.0456,5.50,18.90
2008.08.22 14:07:54.342,1.04525,1.04555,5.80,4.80
2008.08.22 14:07:54.493,1.04525,1.04555,6.00,4.80
2008.08.22 14:07:55.355,1.04525,1.04555,5.90,4.80
2008.08.22 14:07:55.779,1.04525,1.04555,5.90,4.80
2008.08.22 14:08:05.528,1.04525,1.04555,5.80,4.80
2008.08.22 14:08:07.402,1.0453,1.0454,1.00,7.50
2008.08.22 14:08:07.587,1.0453,1.0454,1.00,5.90
2008.08.22 14:08:07.771,1.0453,1.04535,1.00,2.70
2008.08.22 14:08:08.127,1.0451,1.04535,3.90,1.60
2008.08.22 14:08:08.306,1.0451,1.04535,7.20,1.00
2008.08.22 14:08:08.483,1.0451,1.0453,4.00,1.00
2008.08.22 14:08:08.659,1.0451,1.0453,3.90,1.00
2008.08.22 14:08:08.854,1.0451,1.0453,1.80,1.00
2008.08.22 14:08:09.071,1.04505,1.0453,4.00,1.00
2008.08.22 14:08:10.534,1.0451,1.0453,2.00,1.00
2008.08.22 14:08:10.658,1.04515,1.04535,1.00,8.10
2008.08.22 14:08:10.782,1.04505,1.04535,8.10,8.10
2008.08.22 14:08:11.030,1.04505,1.0453,7.20,4.30
2008.08.22 14:08:15.106,1.0451,1.0452,4.00,3.20
2008.08.22 14:08:15.415,1.04505,1.0451,1.00,4.30
2008.08.22 14:08:16.031,1.0449,1.04505,1.00,4.30
2008.08.22 14:08:16.341,1.04485,1.04505,1.00,4.30
2008.08.22 14:08:17.078,1.04485,1.045,1.00,4.30
2008.08.22 14:08:17.371,1.0448,1.045,1.00,4.30
2008.08.22 14:08:20.182,1.04475,1.04505,1.60,11.70
2008.08.22 14:08:20.347,1.0448,1.04505,3.20,8.50
2008.08.22 14:08:20.852,1.04475,1.04505,4.80,8.50
2008.08.22 14:08:21.194,1.04475,1.045,4.00,4.30
2008.08.22 14:08:21.722,1.04475,1.045,7.20,4.30
2008.08.22 14:08:21.910,1.04475,1.045,10.50,4.30
2008.08.22 14:08:22.098,1.04475,1.045,10.80,4.30
2008.08.22 14:08:22.286,1.04475,1.045,12.40,4.30
2008.08.22 14:08:22.947,1.04475,1.045,4.00,4.30
2008.08.22 14:08:23.418,1.0448,1.045,3.20,4.30
2008.08.22 14:08:23.655,1.0448,1.04505,3.20,4.80
2008.08.22 14:08:24.096,1.0448,1.04505,3.30,4.80
2008.08.22 14:08:24.536,1.04485,1.045,1.00,4.30
2008.08.22 14:08:24.754,1.04485,1.04505,1.00,11.40
2008.08.22 14:08:24.950,1.04485,1.045,1.00,4.30
2008.08.22 14:08:25.050,1.04475,1.045,8.30,4.30
2008.08.22 14:08:26.359,1.04485,1.04505,1.80,7.50
2008.08.22 14:08:26.699,1.04485,1.0451,1.00,4.30
2008.08.22 14:08:26.888,1.04485,1.0451,3.20,4.30
2008.08.22 14:08:26.982,1.04485,1.04515,3.20,13.20
2008.08.22 14:08:27.078,1.0449,1.04515,4.00,11.60
2008.08.22 14:08:27.270,1.0449,1.0451,8.10,4.00
2008.08.22 14:08:27.558,1.04495,1.0451,9.10,4.00
2008.08.22 14:08:27.818,1.04495,1.0453,9.10,12.90
2008.08.22 14:08:28.320,1.04495,1.0453,9.10,12.80
2008.08.22 14:08:28.487,1.04495,1.0453,8.10,12.80
2008.08.22 14:08:28.655,1.04495,1.04525,7.20,4.30
2008.08.22 14:08:29.139,1.045,1.04515,4.00,3.20
2008.08.22 14:08:29.275,1.045,1.04515,3.20,3.70
2008.08.22 14:08:29.342,1.045,1.0451,3.20,4.30
2008.08.22 14:08:29.480,1.04495,1.0451,1.00,4.30
2008.08.22 14:08:29.552,1.04495,1.0451,1.00,7.50
2008.08.22 14:08:29.686,1.04495,1.045,1.00,1.00
2008.08.22 14:08:29.754,1.04495,1.04505,1.00,8.10
2008.08.22 14:08:30.322,1.04495,1.04505,1.00,9.10
2008.08.22 14:08:30.607,1.0447,1.04505,9.10,8.10
2008.08.22 14:08:30.891,1.0447,1.04505,8.10,9.10
2008.08.22 14:08:33.270,1.04475,1.04505,9.10,8.10
2008.08.22 14:08:34.190,1.04475,1.04505,8.10,9.10
2008.08.22 14:08:37.898,1.0448,1.045,3.90,4.80
2008.08.22 14:08:38.245,1.0448,1.045,3.90,3.70
2008.08.22 14:08:38.598,1.0448,1.04505,3.90,7.00
2008.08.22 14:08:38.939,1.04475,1.04505,4.80,11.30
2008.08.22 14:08:39.442,1.04485,1.04505,3.20,8.10
2008.08.22 14:08:39.606,1.04495,1.045,1.00,3.20
2008.08.22 14:08:39.934,1.0449,1.045,1.00,3.20
2008.08.22 14:08:40.099,1.0449,1.0451,1.00,4.30
2008.08.22 14:08:40.307,1.0449,1.04505,1.00,4.30
2008.08.22 14:08:40.514,1.04495,1.0451,1.00,4.30
2008.08.22 14:08:41.382,1.04485,1.0451,4.00,4.30
2008.08.22 14:08:48.688,1.0449,1.0451,1.00,7.50
2008.08.22 14:08:48.842,1.0448,1.045,1.80,3.70
2008.08.22 14:08:48.998,1.0448,1.04505,3.90,8.10
2008.08.22 14:08:49.154,1.04475,1.04505,4.80,12.40
2008.08.22 14:08:49.310,1.04475,1.04505,1.60,12.50
2008.08.22 14:08:49.466,1.0448,1.045,1.00,7.50
2008.08.22 14:08:50.134,1.0447,1.0449,1.60,1.00
2008.08.22 14:08:50.818,1.0447,1.04495,1.60,4.80
2008.08.22 14:08:52.630,1.0448,1.04495,1.00,4.30
2008.08.22 14:08:53.279,1.0448,1.045,1.00,4.30
2008.08.22 14:08:58.788,1.0448,1.045,1.00,7.50
2008.08.22 14:08:58.870,1.0448,1.0449,1.00,3.20
2008.08.22 14:08:58.954,1.0447,1.04495,9.40,8.10
2008.08.22 14:08:59.122,1.0447,1.04495,6.20,8.10
2008.08.22 14:08:59.288,1.0447,1.04495,4.00,8.10
2008.08.22 14:08:59.370,1.0448,1.04495,1.00,7.50
2008.08.22 14:08:59.622,1.04475,1.04495,1.00,10.90
2008.08.22 14:08:59.866,1.04475,1.04485,1.00,8.10
2008.08.22 14:09:00.110,1.04475,1.04485,1.00,11.30
2008.08.22 14:09:00.354,1.0447,1.0448,1.70,3.20
2008.08.22 14:09:00.598,1.04465,1.0447,6.40,1.00
2008.08.22 14:09:00.838,1.0446,1.0447,10.50,4.70
2008.08.22 14:09:01.078,1.0447,1.04475,3.20,8.30
2008.08.22 14:09:01.318,1.0446,1.04465,12.00,1.00
2008.08.22 14:09:01.798,1.0446,1.04465,5.40,2.70
2008.08.22 14:09:01.982,1.0446,1.04465,3.20,15.60
2008.08.22 14:09:02.350,1.0445,1.0446,9.40,16.70
2008.08.22 14:09:02.534,1.0445,1.0446,6.00,16.70
2008.08.22 14:09:02.718,1.0445,1.0446,6.00,13.50
2008.08.22 14:09:03.006,1.0445,1.0446,1.00,1.00
2008.08.22 14:09:03.294,1.0445,1.0446,1.00,1.00
2008.08.22 14:09:03.582,1.0445,1.0447,3.90,3.70
2008.08.22 14:09:04.070,1.0445,1.0447,1.80,3.70
2008.08.22 14:09:05.160,1.0445,1.0447,2.00,3.70
2008.08.22 14:09:06.300,1.04455,1.04475,1.00,11.30
2008.08.22 14:09:06.494,1.04455,1.04465,1.00,1.00
2008.08.22 14:09:06.690,1.0446,1.0448,1.00,13.50
2008.08.22 14:09:06.887,1.0446,1.0448,1.00,10.20
2008.08.22 14:09:07.344,1.0444,1.0448,8.20,10.20
2008.08.22 14:09:08.704,1.04445,1.04475,8.10,10.20
2008.08.22 14:09:08.986,1.04445,1.04465,8.10,1.00
2008.08.22 14:09:09.402,1.04445,1.04465,4.80,1.00
2008.08.22 14:09:09.610,1.0445,1.04465,1.00,4.30
2008.08.22 14:09:11.827,1.04445,1.04465,1.00,8.10
2008.08.22 14:09:12.090,1.04445,1.04455,1.00,3.70
2008.08.22 14:09:12.488,1.0444,1.04445,12.60,1.00
2008.08.22 14:09:12.691,1.04445,1.04455,1.00,3.20
2008.08.22 14:09:12.890,1.04445,1.04455,1.00,4.30
2008.08.22 14:09:13.942,1.04445,1.0445,1.00,3.20
2008.08.22 14:09:14.226,1.0444,1.0445,11.80,1.00
2008.08.22 14:09:14.626,1.0444,1.0445,11.80,3.20
2008.08.22 14:09:14.826,1.0443,1.0444,25.90,1.00
2008.08.22 14:09:16.242,1.0442,1.0444,6.20,1.60
2008.08.22 14:09:16.447,1.0444,1.04445,1.40,3.70
2008.08.22 14:09:16.650,1.0443,1.04445,6.70,3.70
2008.08.22 14:09:16.854,1.0443,1.04445,6.70,3.20
2008.08.22 14:09:17.060,1.0443,1.04445,3.10,7.50
2008.08.22 14:09:17.562,1.0444,1.04445,6.30,3.20
2008.08.22 14:09:17.866,1.0444,1.04445,2.10,8.10
2008.08.22 14:09:18.170,1.0443,1.0444,1.00,13.50
2008.08.22 14:09:19.570,1.04425,1.0444,4.30,8.10
2008.08.22 14:09:19.960,1.04425,1.0444,5.20,8.60
2008.08.22 14:09:20.168,1.04435,1.0444,3.20,8.60
2008.08.22 14:09:20.363,1.04435,1.0444,4.00,8.20
2008.08.22 14:09:20.702,1.04435,1.0444,4.00,6.00
2008.08.22 14:09:21.385,1.04435,1.0445,4.00,3.20
2008.08.22 14:09:21.946,1.04445,1.0445,1.00,3.20
2008.08.22 14:09:22.226,1.04445,1.0445,1.00,1.00
2008.08.22 14:09:23.790,1.0444,1.0445,3.70,1.00
2008.08.22 14:09:23.939,1.0444,1.0445,5.50,1.00
2008.08.22 14:09:24.086,1.0444,1.0445,1.30,3.70
2008.08.22 14:09:24.234,1.0444,1.0445,4.40,1.00
2008.08.22 14:09:24.382,1.0444,1.0445,5.20,1.00
2008.08.22 14:09:24.530,1.04435,1.0445,5.90,1.00
2008.08.22 14:09:24.746,1.04435,1.0445,6.00,1.00
2008.08.22 14:09:25.386,1.04435,1.0445,6.20,1.00
2008.08.22 14:09:26.879,1.04435,1.0445,6.70,1.00
2008.08.22 14:09:28.684,1.04445,1.0446,1.00,3.20
2008.08.22 14:09:31.166,1.04445,1.0446,1.60,3.20
2008.08.22 14:09:32.908,1.04445,1.0446,2.40,3.20
2008.08.22 14:09:34.915,1.04445,1.0446,5.60,3.20
2008.08.22 14:09:36.382,1.04445,1.0448,9.70,11.30
2008.08.22 14:09:36.607,1.04445,1.0448,9.70,9.10
2008.08.22 14:09:36.830,1.04445,1.0448,10.80,8.10
2008.08.22 14:09:37.054,1.04445,1.04475,10.80,4.30
2008.08.22 14:09:37.230,1.04445,1.04475,9.70,4.30
2008.08.22 14:09:37.826,1.04445,1.04475,9.70,8.10
2008.08.22 14:09:38.470,1.04455,1.04475,1.00,8.10
2008.08.22 14:09:38.690,1.04455,1.04475,1.00,8.10
2008.08.22 14:09:39.622,1.0446,1.04475,1.00,8.10
2008.08.22 14:09:39.886,1.0446,1.04475,1.00,8.10
2008.08.22 14:09:40.150,1.0446,1.0447,1.00,4.30
2008.08.22 14:09:40.386,1.0445,1.0446,5.30,1.00
2008.08.22 14:09:40.622,1.0446,1.04465,1.00,4.80
2008.08.22 14:09:40.858,1.0446,1.04465,1.00,1.10
2008.08.22 14:09:41.094,1.0446,1.04465,1.00,4.80
2008.08.22 14:09:41.434,1.0445,1.04465,5.40,4.80
2008.08.22 14:09:41.774,1.04445,1.04465,1.00,4.80
2008.08.22 14:09:42.302,1.04445,1.04465,1.00,8.10
2008.08.22 14:09:42.490,1.04445,1.0446,1.00,4.30
2008.08.22 14:09:42.678,1.04445,1.04455,1.00,4.80
2008.08.22 14:09:42.866,1.0444,1.04455,1.70,4.80
2008.08.22 14:09:43.511,1.0444,1.04455,1.20,4.80
2008.08.22 14:09:43.786,1.0444,1.04455,1.20,8.10
2008.08.22 14:09:45.246,1.0444,1.04455,1.20,11.30
2008.08.22 14:09:45.586,1.0444,1.04455,1.20,12.10
2008.08.22 14:09:45.926,1.0444,1.0445,1.20,4.30
2008.08.22 14:09:46.846,1.04435,1.0444,1.70,1.00
2008.08.22 14:09:47.234,1.0444,1.04445,1.20,8.10
2008.08.22 14:09:47.430,1.0444,1.04445,1.20,8.90
2008.08.22 14:09:47.767,1.0444,1.04445,1.20,8.10
2008.08.22 14:09:49.394,1.04415,1.04435,6.80,1.00
2008.08.22 14:09:49.721,1.0441,1.04435,7.00,1.00
2008.08.22 14:09:50.378,1.0441,1.0445,7.90,11.30
2008.08.22 14:09:50.682,1.04415,1.04445,7.90,3.20
2008.08.22 14:09:50.986,1.0442,1.04445,7.10,7.50
2008.08.22 14:09:51.958,1.0442,1.0443,6.20,1.00
2008.08.22 14:09:52.142,1.0441,1.04415,28.80,1.00
2008.08.22 14:09:52.326,1.0441,1.04415,28.30,1.00
2008.08.22 14:09:52.510,1.0441,1.04415,28.00,1.00
2008.08.22 14:09:52.938,1.0442,1.04425,3.20,3.20
2008.08.22 14:09:53.154,1.0442,1.04425,3.20,7.50
2008.08.22 14:09:53.380,1.0441,1.04425,15.10,7.50
2008.08.22 14:09:53.946,1.0441,1.04425,7.80,7.50
2008.08.22 14:09:54.624,1.0441,1.04425,7.80,4.80
2008.08.22 14:09:55.010,1.0441,1.04415,3.20,3.20
2008.08.22 14:09:55.206,1.0442,1.04425,7.50,8.50
2008.08.22 14:09:55.594,1.04415,1.04425,5.40,7.10
2008.08.22 14:09:55.934,1.04415,1.04425,3.90,7.10
2008.08.22 14:09:56.274,1.04415,1.0442,4.00,7.10
2008.08.22 14:09:56.614,1.04415,1.0442,4.00,14.50
2008.08.22 14:09:57.019,1.04415,1.0442,4.00,13.50
2008.08.22 14:09:57.641,1.04415,1.0443,11.20,5.40
2008.08.22 14:09:57.903,1.04415,1.0444,7.10,4.30
2008.08.22 14:09:58.162,1.0442,1.0444,3.70,4.30
2008.08.22 14:09:58.921,1.0442,1.0443,3.70,1.00
2008.08.22 14:09:59.148,1.0442,1.04435,3.70,4.80
2008.08.22 14:09:59.381,1.0442,1.04435,4.00,4.80
2008.08.22 14:09:59.610,1.0442,1.04435,3.20,4.80
2008.08.22 14:10:00.710,1.044,1.04435,9.40,9.00
2008.08.22 14:10:01.018,1.044,1.04435,10.50,9.00
2008.08.22 14:10:02.318,1.04405,1.04435,10.50,8.90
2008.08.22 14:10:02.514,1.04405,1.04435,10.50,8.70
2008.08.22 14:10:02.710,1.04405,1.04435,10.80,8.60
2008.08.22 14:10:02.958,1.04405,1.04435,9.70,8.60
2008.08.22 14:10:03.206,1.04405,1.04435,9.40,8.60
2008.08.22 14:10:03.454,1.0441,1.0442,1.00,1.00
2008.08.22 14:10:03.914,1.0439,1.0442,4.10,1.00
2008.08.22 14:10:04.775,1.0439,1.0441,7.40,1.00
2008.08.22 14:10:04.915,1.0439,1.0442,8.30,4.30
2008.08.22 14:10:05.054,1.04395,1.0442,5.10,4.30
2008.08.22 14:10:05.194,1.044,1.0442,4.40,4.30
2008.08.22 14:10:06.090,1.044,1.0442,4.00,4.30
2008.08.22 14:10:06.431,1.04395,1.0442,8.10,4.30
2008.08.22 14:10:06.770,1.04395,1.0442,9.10,4.30
2008.08.22 14:10:06.894,1.04395,1.0442,4.80,4.30
2008.08.22 14:10:07.137,1.04395,1.04425,4.80,10.80
2008.08.22 14:10:07.262,1.04395,1.04425,12.40,10.80
2008.08.22 14:10:07.403,1.04395,1.04425,12.50,10.80
2008.08.22 14:10:08.096,1.04395,1.04415,8.60,3.70
2008.08.22 14:10:08.390,1.044,1.0441,7.80,1.00
2008.08.22 14:10:08.686,1.044,1.04415,1.00,8.10
2008.08.22 14:10:08.982,1.04405,1.0442,3.20,4.30
2008.08.22 14:10:09.118,1.04405,1.04425,6.60,8.90
2008.08.22 14:10:09.254,1.0441,1.04425,4.30,4.30
2008.08.22 14:10:09.390,1.0441,1.04425,1.00,4.80
2008.08.22 14:10:09.658,1.0441,1.0442,1.00,1.00
2008.08.22 14:10:12.770,1.0441,1.0442,1.00,1.00
2008.08.22 14:10:13.474,1.0441,1.0442,1.00,1.00
2008.08.22 14:10:13.819,1.0441,1.0442,1.00,4.00
2008.08.22 14:10:14.034,1.0441,1.04425,1.00,8.30
2008.08.22 14:10:15.022,1.0441,1.04425,1.00,5.10
2008.08.22 14:10:17.711,1.044,1.04425,3.90,5.10
2008.08.22 14:10:23.590,1.044,1.0442,3.90,1.00
2008.08.22 14:10:23.996,1.0441,1.0442,1.00,1.00
2008.08.22 14:10:28.605,1.0441,1.0442,1.00,1.00
2008.08.22 14:10:33.671,1.0441,1.0442,1.00,1.00
2008.08.22 14:10:37.761,1.0441,1.0442,1.60,1.00
2008.08.22 14:10:38.092,1.0442,1.0444,1.20,9.10
2008.08.22 14:10:38.449,1.0442,1.0444,1.80,8.10
2008.08.22 14:10:38.793,1.0442,1.04435,5.60,1.00
2008.08.22 14:10:38.946,1.0442,1.04435,5.60,1.60
2008.08.22 14:10:39.114,1.04415,1.0443,8.90,1.60
2008.08.22 14:10:39.282,1.04425,1.0444,1.00,8.30
2008.08.22 14:10:39.451,1.04425,1.04435,1.00,4.00
2008.08.22 14:10:39.633,1.04425,1.04445,1.00,8.50
2008.08.22 14:10:40.865,1.0441,1.04445,13.20,8.50
2008.08.22 14:10:42.378,1.04415,1.04445,13.00,8.50
2008.08.22 14:10:48.232,1.04415,1.04445,13.00,9.50
2008.08.22 14:10:49.179,1.04415,1.04445,12.90,9.50
2008.08.22 14:10:53.978,1.04415,1.04445,12.80,9.50
2008.08.22 14:10:56.716,1.04415,1.04445,12.90,9.50
2008.08.22 14:10:59.293,1.04415,1.04445,12.90,9.10
2008.08.22 14:11:01.474,1.04415,1.04445,12.20,9.10
2008.08.22 14:11:01.663,1.04415,1.04435,8.70,1.60
2008.08.22 14:11:01.851,1.04415,1.04435,8.60,1.60
2008.08.22 14:11:02.041,1.0442,1.04445,8.60,5.90
2008.08.22 14:11:02.190,1.04415,1.0445,12.80,9.10
2008.08.22 14:11:02.481,1.04415,1.0445,12.90,9.10
2008.08.22 14:11:12.543,1.04415,1.04445,13.20,9.10
2008.08.22 14:11:12.758,1.04425,1.04445,1.00,9.10
2008.08.22 14:11:12.975,1.04425,1.04445,1.00,8.10
2008.08.22 14:11:13.190,1.0441,1.04445,13.50,8.10
2008.08.22 14:11:14.719,1.04415,1.04445,13.20,8.10
2008.08.22 14:11:15.477,1.04415,1.04445,13.20,11.30
2008.08.22 14:11:17.094,1.04415,1.04435,11.80,1.00
2008.08.22 14:11:17.235,1.04415,1.0445,12.20,11.30
2008.08.22 14:11:17.374,1.04415,1.0445,12.40,11.30
2008.08.22 14:11:17.515,1.04415,1.0445,11.60,11.30
2008.08.22 14:11:17.653,1.04415,1.0445,11.60,12.40
2008.08.22 14:11:18.225,1.04415,1.0445,11.70,12.40
2008.08.22 14:11:18.373,1.04415,1.04445,11.70,11.30
2008.08.22 14:11:24.418,1.04415,1.04445,11.80,11.30
2008.08.22 14:11:25.192,1.04415,1.04445,12.00,11.30
2008.08.22 14:11:34.631,1.04415,1.04445,11.30,11.30
2008.08.22 14:11:38.636,1.04415,1.04445,11.40,11.30
2008.08.22 14:11:44.456,1.04415,1.04445,11.60,11.30
2008.08.22 14:11:54.652,1.04415,1.04445,11.60,12.40
2008.08.22 14:11:57.565,1.04415,1.04445,11.60,12.40
2008.08.22 14:11:57.990,1.04415,1.04445,11.70,12.40
2008.08.22 14:11:58.419,1.04415,1.04445,11.40,12.40
2008.08.22 14:12:00.522,1.04415,1.04445,11.60,12.40
2008.08.22 14:12:02.045,1.04415,1.04445,10.60,11.80
2008.08.22 14:12:07.464,1.04415,1.04445,11.80,11.80
2008.08.22 14:12:08.214,1.04415,1.04445,11.70,11.80
2008.08.22 14:12:10.943,1.04415,1.04445,11.60,11.80
2008.08.22 14:12:12.613,1.04415,1.04445,11.70,11.80
2008.08.22 14:12:14.161,1.04415,1.04445,11.60,11.80
2008.08.22 14:12:19.010,1.04415,1.04435,11.60,1.00
2008.08.22 14:12:19.349,1.04415,1.04435,8.30,1.00
2008.08.22 14:12:20.106,1.04415,1.0443,7.80,1.00
2008.08.22 14:12:20.597,1.04415,1.0443,7.60,1.00
2008.08.22 14:12:20.917,1.0442,1.0443,7.00,1.00
2008.08.22 14:12:21.237,1.0442,1.0443,7.00,1.00
2008.08.22 14:12:25.681,1.04415,1.0443,10.90,1.00
2008.08.22 14:12:26.327,1.04415,1.0445,11.80,27.50
2008.08.22 14:12:26.493,1.0442,1.0445,3.20,24.30
2008.08.22 14:12:26.811,1.0442,1.0445,3.20,24.30
2008.08.22 14:12:27.135,1.0442,1.0445,3.90,9.10
2008.08.22 14:12:27.459,1.0443,1.04445,1.00,9.10
2008.08.22 14:12:27.654,1.0443,1.04445,1.00,8.10
2008.08.22 14:12:27.852,1.0443,1.04445,3.70,4.80
2008.08.22 14:12:28.237,1.0443,1.0444,3.70,1.00
2008.08.22 14:12:29.220,1.0443,1.0444,3.70,1.60
2008.08.22 14:12:29.617,1.0443,1.0444,3.70,1.00
2008.08.22 14:12:29.738,1.0443,1.0444,3.70,1.60
2008.08.22 14:12:32.233,1.0443,1.0444,3.70,1.00
2008.08.22 14:12:33.314,1.0443,1.04445,3.70,4.80
2008.08.22 14:12:33.669,1.0443,1.04445,3.70,8.10
2008.08.22 14:12:34.197,1.0441,1.04445,9.40,11.30
2008.08.22 14:12:36.393,1.04415,1.04445,9.40,8.10
2008.08.22 14:12:38.144,1.04415,1.04445,9.40,11.30
2008.08.22 14:12:38.654,1.04415,1.04435,8.50,1.00
2008.08.22 14:12:38.793,1.04415,1.04435,7.80,1.00
2008.08.22 14:12:38.933,1.0442,1.0444,4.50,4.80
2008.08.22 14:12:39.073,1.0442,1.0444,4.50,13.20
2008.08.22 14:12:39.381,1.0442,1.0444,4.50,16.40
2008.08.22 14:12:39.689,1.0442,1.04435,1.30,19.70
2008.08.22 14:12:39.997,1.0442,1.04435,1.30,19.90
2008.08.22 14:12:40.307,1.0442,1.0443,1.20,4.30
2008.08.22 14:12:47.763,1.0442,1.04435,1.20,17.40
2008.08.22 14:12:47.841,1.0442,1.04435,1.20,20.60
2008.08.22 14:12:47.918,1.0442,1.0443,1.20,4.30
2008.08.22 14:12:48.025,1.0442,1.0443,1.00,4.30
2008.08.22 14:12:48.081,1.04415,1.0442,1.30,1.00
2008.08.22 14:12:48.137,1.04415,1.0442,3.70,1.00
2008.08.22 14:12:48.209,1.04415,1.0443,7.80,6.60
2008.08.22 14:12:48.265,1.04415,1.0443,8.30,6.60
2008.08.22 14:12:48.323,1.04415,1.0443,16.80,3.60
2008.08.22 14:12:48.379,1.04415,1.0444,26.00,4.30
2008.08.22 14:12:48.433,1.0442,1.0444,25.30,8.60
2008.08.22 14:12:48.489,1.0442,1.0444,25.30,7.50
2008.08.22 14:12:48.777,1.0442,1.0444,4.80,7.50
2008.08.22 14:12:49.016,1.0442,1.0444,1.60,7.50
2008.08.22 14:12:49.497,1.0442,1.04435,1.40,4.30
2008.08.22 14:12:51.281,1.0442,1.0444,3.20,4.30
2008.08.22 14:12:51.930,1.0442,1.0443,1.40,1.00
2008.08.22 14:12:52.941,1.0442,1.0443,1.00,1.00
2008.08.22 14:12:53.622,1.0442,1.0443,3.70,1.00
2008.08.22 14:12:53.829,1.0442,1.04435,8.70,4.80
2008.08.22 14:12:54.037,1.0442,1.04435,9.10,4.80
2008.08.22 14:12:54.245,1.0442,1.04435,13.50,4.80
2008.08.22 14:12:54.458,1.0442,1.04435,1.00,5.10
2008.08.22 14:12:55.309,1.0442,1.04435,1.00,11.60
2008.08.22 14:12:55.511,1.0442,1.0443,1.00,1.00
2008.08.22 14:12:57.397,1.0442,1.0443,1.00,1.00
2008.08.22 14:12:57.518,1.0442,1.0443,1.00,1.00
2008.08.22 14:12:58.743,1.04415,1.0445,13.60,8.10
2008.08.22 14:12:59.038,1.0442,1.04445,14.00,7.50
2008.08.22 14:12:59.181,1.0442,1.04445,5.10,7.50
2008.08.22 14:12:59.295,1.0442,1.04445,1.80,7.50
2008.08.22 14:13:00.034,1.0442,1.0443,1.00,1.00
2008.08.22 14:13:01.186,1.0442,1.04435,1.00,4.80
2008.08.22 14:13:01.881,1.04415,1.04435,4.10,4.80
2008.08.22 14:13:02.009,1.04415,1.0444,9.00,4.30
2008.08.22 14:13:02.965,1.04415,1.0444,9.10,4.30
2008.08.22 14:13:04.055,1.04415,1.04445,9.10,11.30
2008.08.22 14:13:06.390,1.04415,1.0444,5.90,3.20
2008.08.22 14:13:06.550,1.0442,1.0443,1.00,1.00
2008.08.22 14:13:06.714,1.0442,1.0443,3.20,1.00
2008.08.22 14:13:06.878,1.0442,1.0445,3.20,8.10
2008.08.22 14:13:07.055,1.04415,1.04445,9.40,7.50
2008.08.22 14:13:07.365,1.04415,1.04445,5.90,7.50
2008.08.22 14:13:07.529,1.04415,1.04445,2.70,7.50
2008.08.22 14:13:07.777,1.0442,1.04445,2.00,7.50
2008.08.22 14:13:08.276,1.0442,1.0444,1.80,7.50
2008.08.22 14:13:11.305,1.0442,1.0443,1.80,1.00
2008.08.22 14:13:12.554,1.0442,1.0444,1.80,7.50
2008.08.22 14:13:17.139,1.0442,1.0444,1.00,7.50
2008.08.22 14:13:17.499,1.0442,1.0443,1.00,1.00
2008.08.22 14:13:20.525,1.0442,1.0443,1.00,1.00
2008.08.22 14:13:22.364,1.0441,1.0443,5.10,1.00
2008.08.22 14:13:22.518,1.0441,1.0443,3.90,1.00
2008.08.22 14:13:22.800,1.0441,1.0443,3.90,1.00
2008.08.22 14:13:22.912,1.0441,1.0443,3.90,1.00
2008.08.22 14:13:24.995,1.0441,1.0443,3.90,1.00
2008.08.22 14:13:29.283,1.0441,1.0443,1.80,3.20
2008.08.22 14:13:29.362,1.0441,1.0442,9.90,1.00
2008.08.22 14:13:29.441,1.04405,1.0442,10.60,1.00
2008.08.22 14:13:29.522,1.0441,1.0442,3.20,1.00
2008.08.22 14:13:29.601,1.0441,1.0443,3.90,10.20
2008.08.22 14:13:29.681,1.0441,1.04435,3.90,4.80
2008.08.22 14:13:33.576,1.0441,1.04435,3.90,8.10
2008.08.22 14:13:33.914,1.0441,1.04435,1.20,11.30
2008.08.22 14:13:36.525,1.0441,1.04435,1.20,11.40
2008.08.22 14:13:36.687,1.0441,1.04435,1.20,11.60
2008.08.22 14:13:38.221,1.0441,1.04435,1.80,11.60
2008.08.22 14:13:42.649,1.0441,1.04435,1.80,11.80
2008.08.22 14:13:47.311,1.04405,1.04435,10.50,11.80
2008.08.22 14:13:50.054,1.04405,1.04435,9.30,11.80
2008.08.22 14:13:50.275,1.04405,1.04425,5.10,1.00
2008.08.22 14:13:50.469,1.0441,1.04425,4.40,1.00
2008.08.22 14:13:50.881,1.0441,1.0443,4.40,4.80
2008.08.22 14:13:51.221,1.0441,1.04415,4.30,1.00
2008.08.22 14:13:51.561,1.0441,1.04425,3.90,4.30
2008.08.22 14:13:51.901,1.044,1.04405,23.80,1.00
2008.08.22 14:13:52.217,1.044,1.04405,22.50,1.00
2008.08.22 14:13:52.533,1.044,1.04405,21.80,1.00
2008.08.22 14:13:52.849,1.044,1.0441,4.30,4.80
2008.08.22 14:13:53.101,1.04375,1.04405,4.40,8.70
2008.08.22 14:13:53.329,1.04375,1.04405,4.40,8.90
2008.08.22 14:13:53.560,1.04375,1.04405,4.40,9.90
2008.08.22 14:13:53.788,1.0437,1.04405,14.80,8.90
2008.08.22 14:13:54.013,1.0437,1.04395,12.00,1.00
2008.08.22 14:13:54.293,1.0438,1.04395,8.70,1.00
2008.08.22 14:13:54.583,1.0438,1.04395,3.30,1.00
2008.08.22 14:13:55.245,1.0438,1.0439,4.40,1.00
2008.08.22 14:13:55.602,1.0438,1.0439,4.30,1.00
2008.08.22 14:13:55.781,1.0438,1.0439,3.20,1.00
2008.08.22 14:13:55.961,1.0438,1.04395,3.20,5.40
2008.08.22 14:13:56.302,1.0438,1.04395,3.20,4.80
2008.08.22 14:13:56.641,1.0436,1.0439,9.40,4.30
2008.08.22 14:13:57.921,1.04365,1.0439,9.30,4.30
2008.08.22 14:13:59.270,1.04365,1.0438,5.10,1.00
2008.08.22 14:13:59.410,1.0437,1.0438,4.40,1.00
2008.08.22 14:13:59.545,1.0437,1.0438,3.20,1.00
2008.08.22 14:13:59.945,1.0437,1.0438,3.30,1.00
2008.08.22 14:14:01.505,1.0437,1.04385,3.20,4.80
2008.08.22 14:14:01.813,1.0436,1.04385,4.40,8.10
2008.08.22 14:14:05.168,1.04365,1.0438,4.00,3.20
2008.08.22 14:14:05.906,1.04365,1.0438,4.30,3.20
2008.08.22 14:14:06.093,1.04365,1.0439,7.50,4.30
2008.08.22 14:14:08.101,1.04365,1.04395,8.20,14.70
2008.08.22 14:14:08.513,1.04365,1.04395,8.20,13.30
2008.08.22 14:14:09.350,1.04365,1.04395,8.20,12.00
2008.08.22 14:14:09.517,1.04365,1.04395,8.20,12.20
2008.08.22 14:14:09.685,1.04365,1.04395,8.20,12.10
2008.08.22 14:14:09.867,1.04365,1.04395,8.20,13.20
2008.08.22 14:14:10.429,1.04365,1.04395,8.20,12.10
2008.08.22 14:14:10.770,1.04365,1.0439,4.90,3.20
2008.08.22 14:14:11.109,1.0437,1.0438,3.30,1.00
2008.08.22 14:14:11.688,1.0437,1.0438,3.20,1.00
2008.08.22 14:14:12.826,1.0436,1.0438,5.10,3.70
2008.08.22 14:14:12.985,1.04365,1.0438,1.20,3.70
2008.08.22 14:14:13.145,1.04365,1.04385,1.20,12.40
2008.08.22 14:14:13.305,1.0436,1.0438,9.70,4.30
2008.08.22 14:14:13.709,1.0436,1.0438,7.50,4.30
2008.08.22 14:14:13.957,1.0436,1.0438,7.20,4.30
2008.08.22 14:14:14.205,1.0436,1.0438,1.00,4.30
2008.08.22 14:14:14.453,1.04355,1.04385,4.80,8.50
2008.08.22 14:14:14.658,1.04355,1.04385,4.80,8.10
2008.08.22 14:14:15.842,1.04355,1.0437,3.20,1.00
2008.08.22 14:14:16.151,1.0436,1.0438,2.10,3.20
2008.08.22 14:14:16.458,1.0436,1.04395,3.90,8.10
2008.08.22 14:14:16.798,1.04365,1.04395,3.20,8.10
2008.08.22 14:14:17.484,1.0436,1.04385,1.60,7.00
2008.08.22 14:14:17.687,1.04365,1.04385,3.20,8.10
2008.08.22 14:14:18.473,1.04365,1.0438,3.20,4.30
2008.08.22 14:14:18.657,1.04365,1.04385,3.20,8.10
2008.08.22 14:14:18.841,1.0437,1.04385,3.20,8.10
2008.08.22 14:14:19.205,1.0437,1.0438,3.20,3.70
2008.08.22 14:14:19.572,1.04365,1.0438,3.20,3.70
2008.08.22 14:14:19.869,1.04365,1.0438,3.90,3.70
2008.08.22 14:14:20.166,1.0437,1.0438,3.20,3.20
2008.08.22 14:14:20.463,1.0437,1.0438,1.60,3.20
2008.08.22 14:14:20.786,1.04375,1.0438,3.20,3.70
2008.08.22 14:14:21.007,1.04375,1.0438,4.00,3.20
2008.08.22 14:14:21.445,1.0437,1.0438,3.90,3.20
2008.08.22 14:14:21.941,1.0437,1.0439,3.90,1.00
2008.08.22 14:14:22.209,1.0437,1.04395,8.20,4.80
2008.08.22 14:14:22.480,1.0437,1.04395,13.00,4.80
2008.08.22 14:14:22.746,1.0437,1.0439,3.90,3.70
2008.08.22 14:14:23.565,1.0437,1.0439,3.90,1.00
2008.08.22 14:14:26.325,1.04375,1.0439,1.00,1.00
2008.08.22 14:14:26.501,1.04375,1.044,8.70,4.30
2008.08.22 14:14:26.677,1.0438,1.04405,3.20,8.10
2008.08.22 14:14:28.645,1.04375,1.04405,19.80,11.30
2008.08.22 14:14:28.977,1.0438,1.04405,3.20,8.10
2008.08.22 14:14:29.317,1.04385,1.044,3.20,3.70
2008.08.22 14:14:29.657,1.04395,1.0442,1.00,8.10
2008.08.22 14:14:30.157,1.04395,1.0442,1.00,4.80
2008.08.22 14:14:30.973,1.044,1.0441,1.00,1.00
2008.08.22 14:14:31.269,1.044,1.0441,1.00,1.00
2008.08.22 14:14:31.565,1.044,1.04405,1.00,3.70
2008.08.22 14:14:31.861,1.044,1.04405,1.20,3.70
2008.08.22 14:14:32.157,1.0439,1.04405,1.00,7.00
2008.08.22 14:14:32.337,1.0439,1.04405,1.00,7.00
2008.08.22 14:14:33.966,1.0439,1.04405,1.00,11.30
2008.08.22 14:14:36.804,1.0439,1.044,1.00,3.20
2008.08.22 14:14:37.061,1.0439,1.04395,1.00,1.10
2008.08.22 14:14:37.323,1.0439,1.0441,1.00,12.40
2008.08.22 14:14:39.381,1.0439,1.04405,1.00,11.30
2008.08.22 14:14:39.698,1.0439,1.044,1.00,3.20
2008.08.22 14:14:39.833,1.0438,1.0439,5.90,1.00
2008.08.22 14:14:40.101,1.0439,1.0441,1.00,11.30
2008.08.22 14:14:40.239,1.0439,1.0441,1.00,7.00
2008.08.22 14:14:40.988,1.0439,1.0441,1.00,11.30
2008.08.22 14:14:41.109,1.044,1.04405,1.40,11.30
2008.08.22 14:14:41.233,1.044,1.04405,1.40,12.40
2008.08.22 14:14:41.358,1.044,1.04405,1.60,4.80
2008.08.22 14:14:41.605,1.044,1.04405,1.60,1.10
2008.08.22 14:14:42.341,1.044,1.0441,1.60,14.50
2008.08.22 14:14:42.897,1.044,1.0441,2.50,14.00
2008.08.22 14:14:43.453,1.04395,1.0441,2.40,14.50
2008.08.22 14:14:43.641,1.04395,1.0441,3.10,9.10
2008.08.22 14:14:43.829,1.04395,1.0441,3.10,3.70
2008.08.22 14:14:44.018,1.04395,1.0441,3.10,1.00
2008.08.22 14:14:45.045,1.04395,1.0441,3.20,1.00
2008.08.22 14:14:45.353,1.04395,1.0442,4.10,3.20
2008.08.22 14:14:45.661,1.04395,1.04425,10.80,11.30
2008.08.22 14:14:45.837,1.04405,1.04425,1.00,18.90
2008.08.22 14:14:46.013,1.04405,1.04425,1.00,11.30
2008.08.22 14:14:46.496,1.04405,1.04425,2.90,12.40
2008.08.22 14:14:47.177,1.0441,1.04425,3.20,7.00
2008.08.22 14:14:47.522,1.0441,1.04425,3.70,7.00
2008.08.22 14:14:47.657,1.04405,1.0442,7.80,1.00
2008.08.22 14:14:47.797,1.04405,1.0442,8.70,1.00
2008.08.22 14:14:47.937,1.0441,1.0443,3.90,8.90
2008.08.22 14:14:48.077,1.0441,1.04435,1.80,12.10
2008.08.22 14:14:48.353,1.0442,1.04435,1.00,8.10
2008.08.22 14:14:48.500,1.0442,1.0443,1.00,1.00
2008.08.22 14:14:48.817,1.0442,1.0443,1.30,1.00
2008.08.22 14:14:49.133,1.04415,1.0444,12.10,4.30
2008.08.22 14:14:49.449,1.04415,1.04445,12.80,11.30
2008.08.22 14:14:49.766,1.04425,1.0444,1.00,3.20
2008.08.22 14:14:50.413,1.04425,1.0443,1.00,3.20
2008.08.22 14:14:50.577,1.0441,1.0443,4.80,3.70
2008.08.22 14:14:50.757,1.0441,1.0443,8.20,1.00
2008.08.22 14:14:50.937,1.04415,1.0445,8.10,21.00
2008.08.22 14:14:51.117,1.04415,1.0445,8.30,8.10
2008.08.22 14:14:51.309,1.04415,1.0445,3.90,4.80
2008.08.22 14:14:51.665,1.0443,1.0445,1.00,4.80
2008.08.22 14:14:51.945,1.0443,1.0444,1.00,1.00
2008.08.22 14:14:52.502,1.04425,1.0445,8.20,7.50
2008.08.22 14:14:52.782,1.04425,1.04455,11.70,11.30
2008.08.22 14:14:52.881,1.04425,1.04455,12.10,11.30
2008.08.22 14:14:55.010,1.04425,1.0445,8.90,7.50
2008.08.22 14:14:55.349,1.04425,1.04455,12.10,11.30
2008.08.22 14:14:55.690,1.04425,1.04455,11.80,11.30
2008.08.22 14:14:56.161,1.04425,1.04455,11.70,11.30
2008.08.22 14:14:56.742,1.04425,1.0445,8.50,3.20
2008.08.22 14:14:57.069,1.04425,1.0444,7.50,1.00
2008.08.22 14:14:57.721,1.04425,1.0444,7.40,1.00
2008.08.22 14:14:58.809,1.0443,1.0444,3.20,1.00
2008.08.22 14:14:58.950,1.0443,1.0444,3.20,1.00
2008.08.22 14:14:59.089,1.0443,1.0444,3.20,1.00
2008.08.22 14:14:59.229,1.0443,1.04435,3.20,3.20
2008.08.22 14:14:59.369,1.0442,1.04435,4.80,3.30
2008.08.22 14:14:59.509,1.0442,1.04435,1.60,3.30
2008.08.22 14:14:59.786,1.0442,1.04435,1.00,8.70
2008.08.22 14:14:59.945,1.0442,1.0443,1.00,4.30
2008.08.22 14:15:00.105,1.0442,1.04425,1.00,3.20
2008.08.22 14:15:00.733,1.0442,1.04425,1.00,7.50
2008.08.22 14:15:01.481,1.0442,1.04425,1.00,7.60
2008.08.22 14:15:01.777,1.0442,1.0443,1.00,7.50
2008.08.22 14:15:02.325,1.0442,1.04435,1.00,11.30
2008.08.22 14:15:02.581,1.0442,1.04435,1.00,8.10
2008.08.22 14:15:04.413,1.0442,1.04435,1.00,11.30
2008.08.22 14:15:04.484,1.0442,1.0443,1.00,3.20
2008.08.22 14:15:04.934,1.0442,1.0443,1.00,7.50
2008.08.22 14:15:05.001,1.0442,1.0443,1.00,7.50
2008.08.22 14:15:08.417,1.0442,1.0443,1.00,4.30
2008.08.22 14:15:08.557,1.0442,1.04435,1.00,8.10
2008.08.22 14:15:08.697,1.0442,1.04435,1.20,8.10
2008.08.22 14:15:09.720,1.0442,1.04435,1.30,8.10
2008.08.22 14:15:09.847,1.0442,1.0443,4.90,1.00
2008.08.22 14:15:09.969,1.04415,1.0444,10.50,4.30
2008.08.22 14:15:10.093,1.0442,1.04445,3.30,21.00
2008.08.22 14:15:10.176,1.0443,1.04445,1.00,11.30
2008.08.22 14:15:10.261,1.0444,1.04445,1.00,7.00
2008.08.22 14:15:10.426,1.0444,1.04445,1.20,4.20
2008.08.22 14:15:10.509,1.0444,1.0446,3.30,15.60
2008.08.22 14:15:10.593,1.0444,1.0446,3.30,7.00
2008.08.22 14:15:10.757,1.0444,1.04455,2.70,3.70
2008.08.22 14:15:10.841,1.0444,1.04465,7.80,7.50
2008.08.22 14:15:10.924,1.0444,1.04465,7.60,7.50
2008.08.22 14:15:11.169,1.0444,1.04465,7.80,7.50
2008.08.22 14:15:11.417,1.0444,1.0447,7.90,11.30
2008.08.22 14:15:11.665,1.0445,1.04465,3.20,3.70
2008.08.22 14:15:11.914,1.0445,1.04465,3.30,3.70
2008.08.22 14:15:12.161,1.0445,1.0447,4.40,7.50
2008.08.22 14:15:12.553,1.04445,1.04475,8.30,11.30
2008.08.22 14:15:12.700,1.04445,1.04475,5.10,11.30
2008.08.22 14:15:13.137,1.04455,1.04475,1.00,11.30
2008.08.22 14:15:18.939,1.04455,1.0447,1.00,7.50
2008.08.22 14:15:19.285,1.04455,1.04475,1.00,21.00
2008.08.22 14:15:19.461,1.04455,1.04475,1.00,11.30
2008.08.22 14:15:19.728,1.04445,1.04475,9.90,11.30
2008.08.22 14:15:19.996,1.04445,1.0447,9.30,4.30
2008.08.22 14:15:21.328,1.04445,1.0447,9.40,4.30
2008.08.22 14:15:22.245,1.04445,1.0447,8.90,4.30
2008.08.22 14:15:22.584,1.04445,1.04475,9.50,11.30
2008.08.22 14:15:22.821,1.0445,1.04465,5.20,7.50
2008.08.22 14:15:22.941,1.0445,1.04465,4.70,3.70
2008.08.22 14:15:23.061,1.0445,1.0447,5.60,7.50
2008.08.22 14:15:23.297,1.0445,1.04465,1.00,11.30
2008.08.22 14:15:23.629,1.0445,1.04455,1.00,3.20
2008.08.22 14:15:23.866,1.0445,1.04465,1.00,12.40
2008.08.22 14:15:26.734,1.0445,1.04465,1.00,9.10
2008.08.22 14:15:26.941,1.0445,1.04465,4.50,4.30
2008.08.22 14:15:27.158,1.0445,1.0446,3.70,7.50
2008.08.22 14:15:27.373,1.0445,1.04465,1.00,11.30
2008.08.22 14:15:27.590,1.0445,1.0446,1.00,7.50
2008.08.22 14:15:30.971,1.0445,1.04455,1.00,8.10
2008.08.22 14:15:31.909,1.0444,1.0445,4.60,7.50
2008.08.22 14:15:32.249,1.0445,1.04455,1.00,11.30
2008.08.22 14:15:32.604,1.0445,1.04455,1.00,4.20
2008.08.22 14:15:32.941,1.0445,1.04455,1.00,8.10
2008.08.22 14:15:33.723,1.0445,1.04455,1.00,4.80
2008.08.22 14:15:34.509,1.0445,1.04455,1.00,1.10
2008.08.22 14:15:37.237,1.0444,1.0445,6.00,1.60
2008.08.22 14:15:38.213,1.0445,1.0447,4.50,4.30
2008.08.22 14:15:40.289,1.0445,1.04465,3.20,4.30
2008.08.22 14:15:40.433,1.0445,1.0447,3.90,7.00
2008.08.22 14:15:40.590,1.04455,1.0447,1.00,7.00
2008.08.22 14:15:40.733,1.04455,1.0447,1.00,4.80
2008.08.22 14:15:40.877,1.04455,1.0447,3.90,1.60
2008.08.22 14:15:41.821,1.04455,1.0447,4.90,1.60
2008.08.22 14:15:48.239,1.04455,1.0447,5.50,1.60
2008.08.22 14:15:50.604,1.04455,1.0447,5.50,1.00
2008.08.22 14:15:54.737,1.04455,1.0447,6.00,1.00
2008.08.22 14:16:00.353,1.04455,1.0447,4.90,1.00
2008.08.22 14:16:06.297,1.04455,1.0447,4.90,1.60
2008.08.22 14:16:06.425,1.04455,1.0447,1.70,4.80
2008.08.22 14:16:06.741,1.0446,1.0447,1.00,4.80
2008.08.22 14:16:07.057,1.0446,1.0447,1.00,3.70
2008.08.22 14:16:08.640,1.04455,1.0447,1.70,3.70
2008.08.22 14:16:08.764,1.04455,1.0447,8.20,1.00
2008.08.22 14:16:08.876,1.04455,1.0448,9.10,4.30
2008.08.22 14:16:17.293,1.04455,1.0448,8.60,4.30
2008.08.22 14:16:17.569,1.0446,1.0448,4.50,4.30
2008.08.22 14:16:17.845,1.0446,1.0447,1.00,4.80
2008.08.22 14:16:18.131,1.0446,1.04475,3.20,9.90
2008.08.22 14:16:18.272,1.0446,1.0447,3.20,5.60
2008.08.22 14:16:18.416,1.0447,1.0449,1.40,9.10
2008.08.22 14:16:18.561,1.0447,1.0449,1.00,8.10
2008.08.22 14:16:18.844,1.0446,1.0449,4.00,4.80
2008.08.22 14:16:20.320,1.04465,1.0448,1.00,1.00
2008.08.22 14:16:23.317,1.04465,1.0448,1.40,1.00
2008.08.22 14:16:24.264,1.04465,1.045,2.40,12.40
2008.08.22 14:16:24.392,1.04465,1.045,2.40,11.30
2008.08.22 14:16:25.468,1.0447,1.04495,1.70,7.00
2008.08.22 14:16:25.592,1.0447,1.04495,1.70,3.70
2008.08.22 14:16:25.717,1.0447,1.0449,2.00,1.00
2008.08.22 14:16:25.840,1.04475,1.0449,1.00,1.00
2008.08.22 14:16:25.965,1.04475,1.045,1.60,8.30
2008.08.22 14:16:26.165,1.04475,1.045,4.80,8.30
2008.08.22 14:16:26.365,1.04475,1.045,4.80,4.30
2008.08.22 14:16:27.281,1.04475,1.04505,4.80,4.80
2008.08.22 14:16:28.437,1.04475,1.04505,4.90,4.80
2008.08.22 14:16:28.694,1.0448,1.04505,1.70,4.80
2008.08.22 14:16:29.200,1.0448,1.04505,1.80,4.80
2008.08.22 14:16:29.952,1.04475,1.04505,5.10,4.80
2008.08.22 14:16:30.069,1.04475,1.04505,1.60,11.30
2008.08.22 14:16:30.194,1.04475,1.04505,1.60,12.40
2008.08.22 14:16:35.387,1.04475,1.04505,1.60,12.00
2008.08.22 14:16:37.326,1.04485,1.04505,1.00,12.00
2008.08.22 14:16:37.685,1.04485,1.04505,1.00,8.70
2008.08.22 14:16:37.914,1.04485,1.045,1.00,4.40
2008.08.22 14:16:38.006,1.04485,1.045,1.00,3.70
2008.08.22 14:16:38.096,1.04485,1.045,4.80,1.00
2008.08.22 14:16:38.144,1.04485,1.0451,5.60,4.30
2008.08.22 14:16:38.263,1.04485,1.0451,5.10,4.30
2008.08.22 14:16:38.560,1.0449,1.04515,5.10,8.70
2008.08.22 14:16:38.974,1.0449,1.04515,5.60,8.70
2008.08.22 14:16:39.113,1.045,1.04515,1.00,8.70
2008.08.22 14:16:40.273,1.045,1.04515,1.00,8.10
2008.08.22 14:16:40.320,1.045,1.04515,1.30,7.50
2008.08.22 14:16:40.904,1.045,1.0451,1.30,3.20
2008.08.22 14:16:41.147,1.045,1.0452,4.50,4.30
2008.08.22 14:16:42.665,1.04505,1.0452,1.00,4.30
2008.08.22 14:16:44.624,1.0451,1.0452,1.00,4.30
2008.08.22 14:16:44.724,1.0451,1.04525,1.00,16.40
2008.08.22 14:16:44.890,1.0451,1.04525,1.70,16.40
2008.08.22 14:16:45.372,1.04515,1.04525,1.00,16.40
2008.08.22 14:16:45.856,1.04515,1.04525,1.00,4.40
2008.08.22 14:16:46.640,1.04515,1.04525,1.00,4.30
2008.08.22 14:16:47.700,1.0451,1.04525,4.90,4.30
2008.08.22 14:16:54.530,1.04505,1.0452,1.00,7.00
2008.08.22 14:16:54.652,1.04505,1.0451,1.00,2.70
2008.08.22 14:16:55.138,1.045,1.0451,1.30,2.70
2008.08.22 14:16:56.927,1.045,1.0451,1.00,2.70
2008.08.22 14:16:57.661,1.045,1.0451,1.30,2.70
2008.08.22 14:16:58.272,1.045,1.04515,1.30,7.50
2008.08.22 14:16:59.012,1.045,1.04515,4.50,4.30
2008.08.22 14:16:59.869,1.045,1.04515,5.10,4.30
2008.08.22 14:17:01.168,1.045,1.0452,5.10,7.00
2008.08.22 14:17:03.058,1.045,1.0452,4.50,7.00
2008.08.22 14:17:03.187,1.045,1.04515,1.30,7.50
2008.08.22 14:17:03.730,1.045,1.04515,1.00,9.10
2008.08.22 14:17:05.152,1.045,1.0451,1.00,4.30
2008.08.22 14:17:05.284,1.0449,1.0451,2.70,4.30
2008.08.22 14:17:05.917,1.04485,1.0451,6.20,7.00
2008.08.22 14:17:09.589,1.04485,1.0451,5.10,7.00
2008.08.22 14:17:13.671,1.0449,1.0451,4.40,7.00
2008.08.22 14:17:20.135,1.0449,1.0451,4.40,10.20
2008.08.22 14:17:20.282,1.0448,1.04505,4.00,9.10
2008.08.22 14:17:20.692,1.0448,1.04505,3.90,9.10
2008.08.22 14:17:23.206,1.0448,1.045,3.90,4.80
2008.08.22 14:17:23.672,1.0449,1.045,3.20,1.00
2008.08.22 14:17:23.797,1.0449,1.0451,4.00,7.00
2008.08.22 14:17:24.053,1.0449,1.045,3.20,1.00
2008.08.22 14:17:24.181,1.0449,1.045,3.20,1.60
2008.08.22 14:17:24.308,1.0448,1.045,4.00,4.80
2008.08.22 14:17:25.752,1.0448,1.045,3.90,4.80
2008.08.22 14:17:28.434,1.0449,1.045,3.20,4.80
2008.08.22 14:17:28.597,1.045,1.0452,4.00,7.50
2008.08.22 14:17:28.746,1.045,1.0452,4.00,4.30
2008.08.22 14:17:29.067,1.045,1.04525,4.00,7.00
2008.08.22 14:17:31.362,1.045,1.0452,4.00,10.20
2008.08.22 14:17:31.464,1.045,1.0451,1.00,3.20
2008.08.22 14:17:31.568,1.0449,1.04515,2.80,8.10
2008.08.22 14:17:31.672,1.0449,1.04515,2.80,9.10
2008.08.22 14:17:31.876,1.0449,1.04515,2.70,9.10
2008.08.22 14:17:35.195,1.0449,1.04515,2.70,12.40
2008.08.22 14:17:35.293,1.0449,1.0451,2.70,4.30
2008.08.22 14:17:35.350,1.0449,1.0451,1.00,7.00
2008.08.22 14:17:35.381,1.04485,1.0451,1.60,7.00
2008.08.22 14:17:48.740,1.0449,1.0451,2.10,7.00
2008.08.22 14:17:48.964,1.045,1.0451,1.00,2.70
2008.08.22 14:17:49.524,1.045,1.04515,1.80,8.60
2008.08.22 14:17:49.867,1.045,1.04515,5.20,4.30
2008.08.22 14:17:50.205,1.045,1.0452,5.20,7.00
2008.08.22 14:17:50.568,1.045,1.0452,6.70,7.00
2008.08.22 14:17:50.676,1.045,1.0452,7.20,7.00
2008.08.22 14:17:52.449,1.04495,1.0452,7.90,7.00
2008.08.22 14:17:52.924,1.0451,1.0452,1.00,3.20
2008.08.22 14:17:53.164,1.045,1.0452,1.00,3.20
2008.08.22 14:17:55.748,1.0451,1.04525,1.00,8.60
2008.08.22 14:17:55.984,1.0452,1.04525,1.00,9.10
2008.08.22 14:17:58.687,1.0452,1.04525,1.00,5.30
2008.08.22 14:17:58.900,1.0452,1.0453,1.00,26.50
2008.08.22 14:17:59.932,1.0452,1.0453,1.00,22.60
2008.08.22 14:18:00.117,1.0452,1.0453,1.00,10.20
2008.08.22 14:18:00.464,1.0452,1.0453,2.70,16.20
2008.08.22 14:18:00.628,1.0453,1.04535,1.00,4.00
2008.08.22 14:18:00.952,1.0453,1.04535,1.20,4.00
2008.08.22 14:18:01.116,1.0453,1.04535,1.00,4.00
2008.08.22 14:18:01.444,1.04525,1.0454,1.80,1.00
2008.08.22 14:18:03.266,1.0453,1.0454,1.00,3.70
2008.08.22 14:18:03.424,1.0453,1.0454,4.30,1.00
2008.08.22 14:18:03.584,1.0453,1.0455,5.20,10.20
2008.08.22 14:18:03.744,1.0453,1.0455,5.50,10.20
2008.08.22 14:18:07.128,1.0453,1.0454,1.00,3.70
2008.08.22 14:18:07.348,1.0452,1.0454,3.50,3.70
2008.08.22 14:18:07.569,1.0452,1.0454,3.30,3.70
2008.08.22 14:18:08.292,1.0453,1.0454,1.00,3.70
2008.08.22 14:18:12.730,1.0453,1.0454,1.00,3.70
2008.08.22 14:18:12.848,1.0453,1.0454,1.00,3.70
2008.08.22 14:18:16.772,1.0453,1.0454,1.00,3.30
2008.08.22 14:18:17.504,1.0453,1.0454,1.00,3.30
2008.08.22 14:18:20.013,1.04525,1.0454,1.20,1.00
2008.08.22 14:18:20.133,1.04525,1.0454,1.70,1.00
2008.08.22 14:18:20.296,1.04525,1.0455,2.70,2.70
2008.08.22 14:18:20.620,1.04525,1.0455,3.10,7.00
2008.08.22 14:18:20.780,1.04525,1.0455,3.20,7.00
2008.08.22 14:18:20.944,1.04525,1.0455,3.30,7.00
2008.08.22 14:18:23.384,1.04525,1.0455,3.30,10.20
2008.08.22 14:18:23.528,1.0453,1.0455,2.70,10.20
2008.08.22 14:18:23.672,1.0453,1.0454,1.70,1.00
2008.08.22 14:18:24.187,1.0453,1.04545,1.70,3.70
2008.08.22 14:18:24.468,1.0454,1.04545,2.70,7.00
2008.08.22 14:18:24.752,1.04535,1.0454,6.80,3.20
2008.08.22 14:18:25.038,1.04535,1.0455,33.30,4.00
2008.08.22 14:18:25.320,1.04535,1.0456,4.40,7.00
2008.08.22 14:18:25.748,1.04535,1.0456,4.30,7.00
2008.08.22 14:18:26.940,1.04545,1.0456,3.20,7.00
2008.08.22 14:18:27.036,1.04545,1.0456,3.20,2.70
2008.08.22 14:18:27.136,1.04545,1.0456,7.20,2.70
2008.08.22 14:18:27.560,1.04545,1.0456,4.90,3.20
2008.08.22 14:18:28.212,1.0455,1.0457,4.00,7.00
2008.08.22 14:18:28.437,1.0455,1.04565,4.00,4.30
2008.08.22 14:18:28.536,1.0453,1.0456,9.40,2.70
2008.08.22 14:18:28.640,1.04535,1.0456,4.50,7.00
2008.08.22 14:18:28.744,1.04535,1.0456,4.50,10.20
2008.08.22 14:18:28.860,1.04535,1.0455,1.00,3.70
2008.08.22 14:18:28.960,1.04535,1.0455,1.00,3.70
2008.08.22 14:18:29.161,1.04535,1.0455,1.00,3.70
2008.08.22 14:18:30.292,1.0454,1.0455,3.20,3.70
2008.08.22 14:18:30.397,1.0455,1.0456,1.00,17.40
2008.08.22 14:18:31.700,1.0454,1.0455,6.30,3.20
2008.08.22 14:18:31.976,1.0455,1.0456,5.90,14.40
2008.08.22 14:18:32.252,1.04555,1.04575,1.00,12.40
2008.08.22 14:18:32.528,1.0456,1.04575,1.00,7.00
2008.08.22 14:18:32.796,1.04555,1.04575,1.00,3.70
2008.08.22 14:18:33.064,1.04555,1.0459,4.90,14.50
2008.08.22 14:18:33.332,1.0456,1.04585,1.00,3.70
2008.08.22 14:18:33.600,1.0456,1.04585,1.20,3.70
2008.08.22 14:18:33.856,1.0456,1.04585,1.40,1.00
2008.08.22 14:18:34.112,1.0456,1.0458,4.70,1.00
2008.08.22 14:18:34.712,1.0456,1.04575,4.70,3.20
2008.08.22 14:18:34.872,1.0457,1.04575,1.00,9.90
2008.08.22 14:18:35.032,1.0456,1.0457,1.00,8.10
2008.08.22 14:18:35.192,1.04555,1.0457,4.00,1.00
2008.08.22 14:18:35.352,1.04555,1.0459,5.10,8.10
2008.08.22 14:18:35.512,1.0456,1.0459,3.20,8.10
2008.08.22 14:18:35.712,1.0456,1.0459,6.60,4.80
2008.08.22 14:18:35.912,1.0456,1.04585,6.60,1.00
2008.08.22 14:18:36.760,1.0457,1.0458,1.00,1.00
2008.08.22 14:18:37.540,1.0456,1.0458,6.60,1.00
2008.08.22 14:18:38.236,1.0456,1.04585,3.30,3.70
2008.08.22 14:18:38.380,1.0456,1.0458,2.70,4.30
2008.08.22 14:18:38.524,1.0456,1.0458,5.90,4.30
2008.08.22 14:18:38.672,1.0456,1.0458,6.60,1.00
2008.08.22 14:18:38.832,1.04565,1.0458,3.90,1.00
2008.08.22 14:18:38.994,1.04565,1.0458,7.10,1.00
2008.08.22 14:18:39.152,1.0457,1.0458,2.70,1.00
2008.08.22 14:18:39.308,1.0457,1.0458,3.30,1.00
2008.08.22 14:18:39.956,1.0457,1.0458,3.50,1.50
2008.08.22 14:18:40.292,1.0457,1.0458,3.30,2.10
2008.08.22 14:18:40.632,1.0457,1.0458,3.20,1.50
2008.08.22 14:18:40.768,1.0456,1.0458,3.30,4.80
2008.08.22 14:18:40.904,1.0456,1.04585,2.70,9.10
2008.08.22 14:18:43.935,1.0456,1.04585,2.70,12.40
2008.08.22 14:18:44.139,1.0456,1.04585,2.70,14.50
2008.08.22 14:18:44.559,1.0456,1.04585,2.70,11.30
2008.08.22 14:18:44.756,1.0456,1.04585,2.70,13.50
2008.08.22 14:18:44.980,1.0456,1.04585,2.70,15.60
2008.08.22 14:18:45.317,1.0456,1.04585,2.70,11.30
2008.08.22 14:18:45.446,1.0456,1.04575,2.70,1.00
2008.08.22 14:18:45.784,1.0456,1.04575,2.70,2.70
2008.08.22 14:18:46.212,1.0456,1.04575,2.70,8.10
2008.08.22 14:18:46.529,1.0455,1.0457,7.80,8.10
2008.08.22 14:18:48.790,1.0455,1.04575,3.90,12.40
2008.08.22 14:18:48.888,1.0455,1.04575,2.70,13.50
2008.08.22 14:18:49.431,1.0455,1.04575,2.70,12.40
2008.08.22 14:18:51.256,1.0455,1.04565,2.70,3.20
2008.08.22 14:18:51.299,1.0455,1.0456,5.80,2.70
2008.08.22 14:18:51.335,1.0455,1.0456,2.40,2.70
2008.08.22 14:18:51.445,1.0455,1.0456,2.20,2.70
2008.08.22 14:18:51.478,1.0455,1.0456,1.30,2.70
2008.08.22 14:18:51.514,1.0455,1.0456,1.20,2.70
2008.08.22 14:18:51.561,1.0455,1.04565,1.20,22.10
2008.08.22 14:18:51.596,1.0455,1.0456,1.00,4.30
2008.08.22 14:18:51.901,1.0455,1.0456,1.00,5.40
2008.08.22 14:18:53.918,1.04545,1.0456,1.60,4.30
2008.08.22 14:18:54.105,1.0455,1.0456,1.00,4.30
2008.08.22 14:18:54.288,1.0455,1.0456,3.20,4.30
2008.08.22 14:18:54.476,1.0455,1.0456,6.60,4.30
2008.08.22 14:18:54.664,1.0455,1.0458,5.90,12.40
2008.08.22 14:18:54.862,1.0455,1.0458,5.90,11.30
2008.08.22 14:18:55.144,1.0455,1.0458,5.90,9.10
2008.08.22 14:19:00.856,1.0455,1.04575,2.70,9.10
2008.08.22 14:19:01.256,1.0455,1.04575,2.70,13.50
2008.08.22 14:19:02.500,1.04545,1.0457,4.80,2.70
2008.08.22 14:19:03.912,1.0455,1.0457,3.90,2.70
2008.08.22 14:19:04.104,1.0455,1.0457,4.30,2.70
2008.08.22 14:19:04.616,1.0455,1.0457,3.90,2.70
2008.08.22 14:19:04.932,1.0456,1.0457,1.00,2.70
2008.08.22 14:19:05.252,1.0456,1.0457,1.00,3.20
2008.08.22 14:19:10.145,1.04555,1.0457,4.00,3.20
2008.08.22 14:19:10.354,1.04565,1.0458,1.00,2.70
2008.08.22 14:19:10.616,1.04565,1.0458,1.00,2.70
2008.08.22 14:19:10.880,1.04565,1.0458,4.90,2.70
2008.08.22 14:19:11.141,1.04565,1.0459,4.90,11.00
2008.08.22 14:19:11.400,1.0457,1.0459,5.50,11.00
2008.08.22 14:19:12.773,1.0457,1.0459,5.50,7.00
2008.08.22 14:19:15.730,1.0457,1.0458,2.20,6.40
2008.08.22 14:19:15.787,1.0457,1.0458,1.30,7.00
2008.08.22 14:19:16.035,1.0457,1.0458,1.30,5.90
2008.08.22 14:19:16.150,1.0457,1.0458,1.30,8.10
2008.08.22 14:19:17.432,1.0457,1.0458,1.30,5.90
2008.08.22 14:19:17.835,1.0457,1.0458,2.50,5.90
2008.08.22 14:19:19.370,1.04565,1.0458,5.80,5.90
2008.08.22 14:19:19.592,1.04565,1.0458,10.90,2.10
2008.08.22 14:19:19.816,1.04565,1.0459,9.90,7.00
2008.08.22 14:19:20.036,1.04565,1.0459,10.60,7.00
2008.08.22 14:19:20.523,1.04565,1.0459,10.90,7.00
2008.08.22 14:19:20.956,1.04565,1.0459,11.00,7.00
2008.08.22 14:19:21.436,1.04565,1.0459,11.30,7.00
2008.08.22 14:19:24.353,1.04565,1.0459,11.40,7.00
2008.08.22 14:19:27.164,1.04565,1.0458,10.50,1.00
2008.08.22 14:19:27.343,1.04565,1.0458,10.50,1.60
2008.08.22 14:19:27.608,1.04565,1.0458,7.20,2.70
2008.08.22 14:19:27.872,1.0457,1.0458,3.30,7.00
2008.08.22 14:19:28.135,1.0457,1.0458,3.20,7.00
2008.08.22 14:19:34.408,1.04565,1.0458,6.40,7.00
2008.08.22 14:19:34.564,1.04565,1.0458,10.30,3.70
2008.08.22 14:19:35.405,1.04565,1.0458,10.30,2.70
2008.08.22 14:19:35.633,1.04565,1.0458,9.10,1.00
2008.08.22 14:19:35.861,1.0457,1.0458,3.20,1.00
2008.08.22 14:19:36.095,1.0458,1.0459,1.00,4.20
2008.08.22 14:19:36.432,1.0458,1.046,2.10,12.90
2008.08.22 14:19:36.768,1.0458,1.046,4.50,4.30
2008.08.22 14:19:37.104,1.0458,1.046,1.00,9.10
2008.08.22 14:19:37.440,1.0458,1.04595,1.00,9.10
2008.08.22 14:19:37.711,1.0458,1.04595,1.00,12.40
2008.08.22 14:19:37.984,1.0456,1.0459,12.10,2.70
2008.08.22 14:19:38.264,1.0456,1.0459,12.80,2.70
2008.08.22 14:19:40.761,1.04565,1.0459,12.50,2.70
2008.08.22 14:19:41.639,1.04565,1.0459,12.10,2.70
2008.08.22 14:19:42.949,1.04565,1.0459,8.90,2.70
2008.08.22 14:19:43.228,1.0457,1.0459,6.60,7.00
2008.08.22 14:19:43.508,1.04565,1.0459,10.50,7.00
2008.08.22 14:19:43.648,1.04565,1.0459,11.20,7.00
2008.08.22 14:19:43.784,1.04565,1.0459,11.30,7.00
2008.08.22 14:19:44.061,1.04565,1.0459,11.30,2.70
2008.08.22 14:19:44.356,1.04565,1.0459,11.30,2.70
2008.08.22 14:19:45.127,1.04565,1.0459,11.40,2.70
2008.08.22 14:19:45.374,1.0457,1.0459,3.20,2.70
2008.08.22 14:19:45.588,1.0458,1.0459,1.00,2.70
2008.08.22 14:19:45.860,1.0458,1.04595,4.00,4.30
2008.08.22 14:19:46.120,1.0458,1.046,4.00,7.00
2008.08.22 14:19:49.472,1.0458,1.046,4.00,10.20
2008.08.22 14:19:49.640,1.0457,1.04595,2.70,8.10
2008.08.22 14:19:50.080,1.0457,1.04595,3.30,8.10
2008.08.22 14:19:52.715,1.0457,1.04595,6.60,8.10
2008.08.22 14:19:52.960,1.0458,1.0459,1.00,3.20
2008.08.22 14:19:53.100,1.0458,1.04595,4.00,4.30
2008.08.22 14:19:54.056,1.0458,1.046,4.00,7.00
2008.08.22 14:19:57.967,1.0458,1.046,5.40,7.00
2008.08.22 14:19:59.475,1.0458,1.046,5.50,7.00
2008.08.22 14:20:02.520,1.0458,1.046,5.50,10.20
2008.08.22 14:20:02.808,1.0458,1.04595,1.20,8.10
2008.08.22 14:20:03.746,1.0458,1.0459,1.20,3.70
2008.08.22 14:20:09.266,1.0458,1.04595,1.20,8.10
2008.08.22 14:20:15.614,1.0458,1.0459,1.20,3.70
2008.08.22 14:20:16.643,1.0458,1.04595,1.20,8.10
2008.08.22 14:20:20.944,1.0457,1.04595,2.70,11.30
2008.08.22 14:20:21.103,1.0457,1.04595,2.70,14.50
2008.08.22 14:20:21.265,1.04565,1.0459,8.90,2.70
2008.08.22 14:20:21.357,1.04565,1.0459,8.70,2.70
2008.08.22 14:20:21.618,1.04565,1.0459,8.60,2.70
2008.08.22 14:20:22.171,1.0457,1.0459,3.20,2.70
2008.08.22 14:20:22.248,1.04575,1.04595,1.60,7.50
2008.08.22 14:20:22.324,1.0458,1.04595,1.00,7.50
2008.08.22 14:20:22.660,1.0457,1.04595,4.80,8.10
2008.08.22 14:20:22.999,1.0457,1.0459,5.50,3.70
2008.08.22 14:20:24.112,1.04585,1.0459,1.00,3.20
2008.08.22 14:20:24.245,1.0458,1.0459,1.60,3.20
2008.08.22 14:20:24.375,1.04585,1.0459,1.00,3.20
2008.08.22 14:20:24.479,1.04575,1.046,2.70,4.30
2008.08.22 14:20:24.690,1.04575,1.046,4.80,4.30
2008.08.22 14:20:24.901,1.04575,1.04595,4.80,4.30
2008.08.22 14:20:25.016,1.04575,1.04595,6.40,4.30
2008.08.22 14:20:25.607,1.0458,1.046,6.20,7.00
2008.08.22 14:20:26.267,1.0458,1.046,5.60,7.00
2008.08.22 14:20:26.499,1.0458,1.046,5.60,7.00
2008.08.22 14:20:26.659,1.0458,1.046,5.90,7.00
2008.08.22 14:20:26.819,1.0458,1.046,6.70,7.00
2008.08.22 14:20:26.979,1.0458,1.046,6.80,7.00
2008.08.22 14:20:27.139,1.04575,1.046,9.10,7.00
2008.08.22 14:20:27.299,1.04575,1.046,9.30,7.00
2008.08.22 14:20:27.459,1.04575,1.046,10.10,7.00
2008.08.22 14:20:28.409,1.04585,1.046,1.00,2.70
2008.08.22 14:20:28.744,1.0457,1.046,9.40,7.00
2008.08.22 14:20:29.797,1.04575,1.046,9.90,7.00
2008.08.22 14:20:29.994,1.04575,1.046,10.60,2.70
2008.08.22 14:20:31.177,1.04585,1.046,1.00,2.70
2008.08.22 14:20:31.441,1.04575,1.046,1.80,2.70
2008.08.22 14:20:31.575,1.0457,1.046,12.80,2.70
2008.08.22 14:20:31.731,1.0457,1.046,11.70,2.70
2008.08.22 14:20:31.887,1.0457,1.046,9.40,2.70
2008.08.22 14:20:32.044,1.0457,1.046,8.70,7.00
2008.08.22 14:20:34.360,1.0458,1.046,5.50,7.00
2008.08.22 14:20:34.423,1.0458,1.04595,4.70,4.30
2008.08.22 14:20:34.567,1.0458,1.046,4.70,7.00
2008.08.22 14:20:34.914,1.0458,1.046,4.50,7.00
2008.08.22 14:20:35.137,1.0459,1.046,1.00,10.20
2008.08.22 14:20:35.220,1.0459,1.04595,1.00,8.10
2008.08.22 14:20:35.624,1.0458,1.04595,1.00,8.10
2008.08.22 14:20:35.705,1.0458,1.04595,1.00,9.10
2008.08.22 14:20:36.724,1.0458,1.04595,1.00,8.10
2008.08.22 14:20:36.879,1.0458,1.04595,1.30,7.50
2008.08.22 14:20:37.031,1.0458,1.04595,1.00,9.10
2008.08.22 14:20:38.835,1.0458,1.04595,1.00,8.10
2008.08.22 14:20:40.784,1.0458,1.04595,1.30,7.50
2008.08.22 14:20:41.017,1.0458,1.04595,4.50,4.30
2008.08.22 14:20:59.730,1.0458,1.04595,1.30,7.50
2008.08.22 14:21:09.031,1.0458,1.04595,1.30,8.60
2008.08.22 14:21:13.332,1.0458,1.04585,1.30,4.30
2008.08.22 14:21:13.417,1.0458,1.0459,1.00,7.00
2008.08.22 14:21:13.499,1.0457,1.0458,6.70,1.00
2008.08.22 14:21:13.663,1.0458,1.0459,1.00,13.80
2008.08.22 14:21:13.823,1.0458,1.04585,1.00,5.40
2008.08.22 14:21:14.067,1.0458,1.04585,1.00,4.30
2008.08.22 14:21:24.020,1.0458,1.0459,1.00,7.00
2008.08.22 14:22:14.358,1.0458,1.0459,1.00,2.70
2008.08.22 14:22:15.599,1.0458,1.0459,1.00,7.00
2008.08.22 14:23:04.700,1.0458,1.0459,1.00,2.70
2008.08.22 14:23:18.529,1.0458,1.0459,1.00,2.70
2008.08.22 14:23:18.667,1.0458,1.0459,1.00,2.70
2008.08.22 14:23:20.147,1.0458,1.0459,1.00,2.70
2008.08.22 14:23:21.507,1.0458,1.0459,1.00,2.70
2008.08.22 14:23:21.943,1.0458,1.0459,1.00,2.70
2008.08.22 14:23:23.222,1.0458,1.0459,1.00,2.70
2008.08.22 14:23:23.537,1.0458,1.0459,1.00,5.90
2008.08.22 14:23:24.407,1.0458,1.0459,1.00,2.70
2008.08.22 14:24:02.440,1.0458,1.0459,1.00,2.70
2008.08.22 14:24:07.508,1.0458,1.0459,1.00,2.70
2008.08.22 14:24:09.838,1.0458,1.0459,1.00,5.10
2008.08.22 14:24:10.238,1.04575,1.0459,8.20,1.80
2008.08.22 14:24:11.134,1.04575,1.0459,8.20,2.40
2008.08.22 14:24:13.175,1.04575,1.0459,8.30,2.40
2008.08.22 14:24:16.250,1.04575,1.0459,8.50,2.40
2008.08.22 14:24:18.455,1.04575,1.0459,8.60,2.40
2008.08.22 14:24:19.438,1.04575,1.0459,8.60,2.40
2008.08.22 14:24:19.663,1.04575,1.0459,8.60,2.40
2008.08.22 14:24:19.838,1.04575,1.0459,8.60,2.40
2008.08.22 14:24:25.123,1.0458,1.0459,7.90,2.40
2008.08.22 14:24:25.509,1.0458,1.04595,7.90,5.60
2008.08.22 14:24:25.629,1.0458,1.0459,7.90,2.70
2008.08.22 14:24:26.406,1.0458,1.0459,3.20,2.70
2008.08.22 14:24:26.935,1.0458,1.0459,1.00,2.70
2008.08.22 14:24:33.204,1.0458,1.0459,1.00,5.60
2008.08.22 14:24:38.149,1.0458,1.04595,1.00,9.90
2008.08.22 14:24:38.432,1.0458,1.0459,1.00,2.70
2008.08.22 14:24:46.738,1.0458,1.04595,1.00,9.90
2008.08.22 14:24:53.046,1.04575,1.04595,3.20,9.90
2008.08.22 14:24:53.203,1.04575,1.0459,7.10,2.40
2008.08.22 14:24:53.312,1.04575,1.0459,6.40,2.40
2008.08.22 14:24:53.346,1.04575,1.0459,6.60,2.40
2008.08.22 14:24:53.383,1.0458,1.0459,1.00,5.10
2008.08.22 14:24:53.483,1.0458,1.0459,1.00,5.60
2008.08.22 14:24:53.591,1.04575,1.0459,3.30,5.60
2008.08.22 14:24:53.745,1.04575,1.0459,4.30,5.10
2008.08.22 14:24:53.782,1.04575,1.0459,4.10,5.10
2008.08.22 14:24:53.818,1.0458,1.0459,1.00,5.10
2008.08.22 14:24:53.922,1.0458,1.0459,1.00,5.60
2008.08.22 14:24:53.996,1.0458,1.0459,3.30,2.40
2008.08.22 14:24:54.090,1.0458,1.0459,1.00,5.60
2008.08.22 14:24:56.630,1.0458,1.04595,1.00,9.90
2008.08.22 14:24:57.800,1.0458,1.04595,1.00,9.90
2008.08.22 14:24:57.959,1.04575,1.0459,7.20,2.40
2008.08.22 14:24:58.115,1.0458,1.0459,5.10,1.80
2008.08.22 14:24:58.272,1.0458,1.0459,1.00,5.60
2008.08.22 14:24:58.426,1.04575,1.0459,4.00,5.60
2008.08.22 14:24:58.582,1.04575,1.0459,8.20,1.80
2008.08.22 14:24:58.813,1.04575,1.0459,7.80,1.80
2008.08.22 14:24:58.910,1.04575,1.0459,7.90,1.80
2008.08.22 14:25:01.434,1.04575,1.0459,7.50,1.80
2008.08.22 14:25:05.643,1.0458,1.0459,3.20,1.80
2008.08.22 14:25:05.811,1.0458,1.0459,3.20,1.00
2008.08.22 14:25:06.108,1.04575,1.0459,12.60,1.00
2008.08.22 14:25:06.151,1.04575,1.0459,9.40,1.00
2008.08.22 14:25:06.247,1.04575,1.0459,8.70,1.00
2008.08.22 14:25:10.664,1.0458,1.0459,5.50,1.00
2008.08.22 14:25:10.791,1.0458,1.0459,5.60,1.00
2008.08.22 14:25:10.918,1.0458,1.0459,3.60,1.30
2008.08.22 14:25:11.046,1.0458,1.0459,3.70,1.30
2008.08.22 14:25:11.176,1.0458,1.0459,1.00,4.50
2008.08.22 14:25:11.302,1.04575,1.0459,7.90,1.00
2008.08.22 14:25:12.292,1.0458,1.0459,1.40,2.70
2008.08.22 14:25:12.506,1.0458,1.0459,1.00,2.70
2008.08.22 14:25:12.730,1.0458,1.0459,1.00,2.70
2008.08.22 14:25:13.202,1.0458,1.0459,1.00,4.50
2008.08.22 14:25:14.939,1.0458,1.0459,1.00,1.30
2008.08.22 14:25:18.056,1.0458,1.0459,1.00,1.00
2008.08.22 14:25:18.398,1.04575,1.0459,1.60,1.00
2008.08.22 14:25:18.738,1.0458,1.0459,1.00,1.30
2008.08.22 14:25:19.081,1.0458,1.0459,1.00,1.00
2008.08.22 14:25:19.284,1.0458,1.0459,1.00,1.00
2008.08.22 14:25:19.487,1.0458,1.04595,1.00,5.60
2008.08.22 14:25:19.886,1.0458,1.0459,1.00,1.30
2008.08.22 14:25:20.860,1.0458,1.04595,1.00,5.60
2008.08.22 14:25:21.198,1.0458,1.0459,1.00,1.30
2008.08.22 14:25:21.322,1.0458,1.0459,3.20,1.30
2008.08.22 14:25:21.570,1.0458,1.0459,3.20,2.70
2008.08.22 14:25:21.818,1.0458,1.0459,3.20,1.30
2008.08.22 14:25:22.262,1.0458,1.0459,1.00,4.50
2008.08.22 14:25:22.654,1.0458,1.0459,1.00,1.30
2008.08.22 14:25:22.850,1.0458,1.0459,1.00,2.70
2008.08.22 14:25:26.266,1.0458,1.04595,1.00,8.90
2008.08.22 14:25:26.522,1.0458,1.0459,1.00,2.70
2008.08.22 14:25:29.246,1.0458,1.0459,1.00,4.50
2008.08.22 14:25:29.528,1.0458,1.0459,1.00,4.50
2008.08.22 14:25:33.886,1.0458,1.04595,1.00,8.90
2008.08.22 14:25:34.103,1.0458,1.04595,1.00,9.90
2008.08.22 14:25:34.758,1.0458,1.0459,1.00,4.50
2008.08.22 14:25:34.978,1.0458,1.04595,1.00,8.90
2008.08.22 14:25:35.418,1.0458,1.04595,1.00,9.90
2008.08.22 14:25:35.666,1.0458,1.04595,1.00,8.90
2008.08.22 14:25:36.163,1.0458,1.04595,1.00,9.90
2008.08.22 14:25:36.745,1.0458,1.04595,1.00,8.90
2008.08.22 14:25:36.911,1.0458,1.04595,1.00,9.90
2008.08.22 14:25:39.065,1.0458,1.04595,1.00,8.90
2008.08.22 14:25:40.522,1.0458,1.0459,1.00,4.50
2008.08.22 14:25:46.089,1.0458,1.0459,1.70,4.50
2008.08.22 14:25:46.313,1.0458,1.0459,4.90,1.30
2008.08.22 14:25:47.765,1.0458,1.0459,5.50,1.30
2008.08.22 14:25:48.106,1.0458,1.0459,3.20,1.00
2008.08.22 14:25:48.446,1.0458,1.0461,5.90,25.30
2008.08.22 14:25:48.786,1.04575,1.04605,10.50,2.70
2008.08.22 14:25:48.934,1.04575,1.04605,11.80,2.70
2008.08.22 14:25:49.082,1.04575,1.04605,12.10,2.70
2008.08.22 14:25:50.174,1.04575,1.046,10.80,2.70
2008.08.22 14:25:50.594,1.04585,1.046,1.00,2.70
2008.08.22 14:25:53.258,1.0459,1.046,1.00,2.70
2008.08.22 14:25:53.498,1.0459,1.046,1.20,2.70
2008.08.22 14:25:53.738,1.0459,1.04605,4.40,4.80
2008.08.22 14:25:55.295,1.0459,1.04605,3.20,4.90
2008.08.22 14:25:55.543,1.0459,1.04605,3.20,4.80
2008.08.22 14:25:55.790,1.0458,1.04605,5.90,8.10
2008.08.22 14:25:58.653,1.0458,1.04605,2.70,8.10
2008.08.22 14:25:58.863,1.04575,1.046,12.50,7.00
2008.08.22 14:25:59.073,1.04575,1.046,9.30,7.00
2008.08.22 14:25:59.486,1.04575,1.046,9.10,7.00
2008.08.22 14:25:59.825,1.0458,1.04595,5.90,3.20
2008.08.22 14:25:59.931,1.0458,1.0459,5.40,4.30
2008.08.22 14:26:00.038,1.0458,1.04595,1.00,18.90
2008.08.22 14:26:00.148,1.0458,1.04595,1.00,26.40
2008.08.22 14:26:00.254,1.0458,1.04595,1.00,30.50
2008.08.22 14:26:00.386,1.0458,1.04595,1.00,35.90
2008.08.22 14:26:00.490,1.0458,1.04585,1.00,4.30
2008.08.22 14:26:04.125,1.0458,1.04585,1.00,7.50
2008.08.22 14:26:04.417,1.0456,1.0458,6.07,7.00
2008.08.22 14:26:04.874,1.0456,1.0458,5.97,2.70
2008.08.22 14:26:08.906,1.0457,1.0458,1.00,3.20
2008.08.22 14:26:09.743,1.0458,1.046,1.00,27.50
2008.08.22 14:26:09.982,1.0458,1.046,1.00,4.80
2008.08.22 14:26:19.467,1.0458,1.0459,1.00,5.90
2008.08.22 14:26:19.670,1.0458,1.0459,1.00,9.10
2008.08.22 14:26:19.981,1.0458,1.0459,1.00,9.70
2008.08.22 14:26:20.087,1.0458,1.0459,1.00,12.40
2008.08.22 14:26:22.723,1.0458,1.0459,1.00,7.00
2008.08.22 14:26:23.000,1.0458,1.0459,1.00,2.70
2008.08.22 14:26:23.379,1.0458,1.04595,1.00,4.80
2008.08.22 14:26:24.100,1.0458,1.04595,1.00,15.60
2008.08.22 14:26:24.163,1.0458,1.0459,1.00,4.30
2008.08.22 14:26:24.291,1.0458,1.0459,1.00,7.00
2008.08.22 14:26:25.706,1.0458,1.0459,1.00,4.30
2008.08.22 14:26:26.115,1.0458,1.04595,1.00,8.10
2008.08.22 14:26:26.299,1.0458,1.04595,1.00,4.80
2008.08.22 14:27:06.558,1.04575,1.046,7.40,7.00
2008.08.22 14:27:07.012,1.04575,1.046,7.50,7.00
2008.08.22 14:27:13.101,1.04575,1.046,7.60,7.00
2008.08.22 14:27:13.445,1.04575,1.046,7.50,7.00
2008.08.22 14:27:21.865,1.0458,1.046,4.30,7.00
2008.08.22 14:27:22.094,1.0458,1.0459,3.30,1.00
2008.08.22 14:27:22.810,1.0458,1.0459,3.20,1.00
2008.08.22 14:27:23.019,1.0458,1.0459,3.20,2.70
2008.08.22 14:27:23.566,1.0458,1.0459,3.20,1.00
2008.08.22 14:27:23.906,1.0458,1.0459,3.20,2.70
2008.08.22 14:27:26.362,1.0458,1.0459,1.00,2.70
2008.08.22 14:27:28.540,1.0458,1.0459,3.20,2.70
2008.08.22 14:27:28.763,1.0458,1.0459,2.70,3.20
2008.08.22 14:27:28.986,1.0458,1.04595,1.00,7.50
2008.08.22 14:27:29.431,1.0458,1.04595,4.10,4.30
2008.08.22 14:27:30.172,1.0458,1.04595,1.00,7.50
2008.08.22 14:27:30.288,1.0458,1.04595,1.00,7.60
2008.08.22 14:27:30.391,1.0458,1.04595,1.00,7.50
2008.08.22 14:27:30.850,1.0458,1.04595,1.00,8.60
2008.08.22 14:27:31.190,1.0458,1.04595,1.00,4.30
2008.08.22 14:27:34.554,1.0458,1.04595,1.00,4.80
2008.08.22 14:27:38.958,1.0458,1.04595,1.00,4.30
2008.08.22 14:27:43.478,1.0458,1.04595,1.00,4.80
2008.08.22 14:27:43.806,1.0458,1.04595,1.00,8.10
2008.08.22 14:27:43.906,1.0458,1.0459,1.00,4.30
2008.08.22 14:27:44.006,1.0458,1.04595,1.00,11.30
2008.08.22 14:27:45.474,1.0458,1.04595,1.00,8.10
2008.08.22 14:27:45.814,1.0458,1.0459,1.00,4.30
2008.08.22 14:27:46.225,1.0458,1.0459,1.00,7.00
2008.08.22 14:27:47.062,1.0457,1.0458,1.00,3.20
2008.08.22 14:27:50.341,1.0458,1.04585,1.00,8.10
2008.08.22 14:27:51.922,1.0458,1.04585,1.00,11.30
2008.08.22 14:27:54.571,1.0457,1.0458,1.00,3.20
2008.08.22 14:28:03.456,1.0458,1.046,1.00,12.40
2008.08.22 14:28:03.795,1.0458,1.046,1.00,11.30
2008.08.22 14:28:22.035,1.0458,1.04585,1.00,1.00
2008.08.22 14:28:25.337,1.0458,1.046,1.00,11.30
2008.08.22 14:28:29.407,1.0458,1.04595,1.00,8.10
2008.08.22 14:28:29.666,1.0458,1.0459,1.00,1.00
2008.08.22 14:28:30.090,1.0458,1.04595,1.00,4.80
2008.08.22 14:28:34.548,1.04585,1.0459,1.00,1.00
2008.08.22 14:28:34.638,1.0459,1.046,2.70,3.20
2008.08.22 14:28:34.726,1.046,1.04605,1.00,8.60
2008.08.22 14:28:35.118,1.046,1.04605,1.00,4.00
2008.08.22 14:28:36.037,1.046,1.0461,1.00,3.70
2008.08.22 14:28:43.883,1.046,1.04615,1.00,8.10
2008.08.22 14:28:45.593,1.046,1.04615,1.00,7.60
2008.08.22 14:28:50.382,1.046,1.04615,1.00,7.90
2008.08.22 14:28:50.470,1.04595,1.04615,4.00,7.90
2008.08.22 14:28:50.542,1.04595,1.0461,4.00,3.60
2008.08.22 14:28:50.624,1.04595,1.0461,7.20,1.00
2008.08.22 14:28:51.378,1.04595,1.0461,7.50,1.00
2008.08.22 14:28:56.796,1.04605,1.0461,3.20,1.00
2008.08.22 14:28:56.928,1.04615,1.0462,1.00,2.70
2008.08.22 14:28:57.140,1.04615,1.0463,1.00,4.30
2008.08.22 14:28:57.362,1.04615,1.04635,1.00,7.50
2008.08.22 14:28:58.113,1.0462,1.0463,1.00,3.20
2008.08.22 14:28:58.545,1.0462,1.04635,1.00,7.50
2008.08.22 14:28:59.409,1.0462,1.0463,1.00,3.20
2008.08.22 14:29:01.450,1.04615,1.0463,4.80,3.20
2008.08.22 14:29:02.430,1.04615,1.0463,4.90,3.20
2008.08.22 14:29:03.997,1.04615,1.0464,8.20,7.00
2008.08.22 14:29:14.041,1.04615,1.0464,7.50,7.00
2008.08.22 14:29:14.693,1.04625,1.0464,2.10,2.70
2008.08.22 14:29:14.878,1.0462,1.04645,4.70,7.50
2008.08.22 14:29:15.097,1.04635,1.04645,1.00,4.30
2008.08.22 14:29:15.317,1.0462,1.0465,5.10,7.00
2008.08.22 14:29:15.538,1.0462,1.0465,4.90,7.00
2008.08.22 14:29:16.067,1.0462,1.0465,4.80,7.00
2008.08.22 14:29:16.451,1.04625,1.0465,4.90,7.00
2008.08.22 14:29:17.054,1.04625,1.0465,4.80,7.00
2008.08.22 14:29:18.202,1.04635,1.0465,1.80,7.00
2008.08.22 14:29:18.523,1.04635,1.0465,4.00,2.70
2008.08.22 14:29:18.658,1.04635,1.0465,7.20,2.70
2008.08.22 14:29:18.795,1.04635,1.0465,8.30,2.70
2008.08.22 14:29:19.062,1.04635,1.04655,8.30,4.30
2008.08.22 14:29:20.866,1.0464,1.0466,8.30,7.00
2008.08.22 14:29:21.111,1.04635,1.0466,11.60,7.00
2008.08.22 14:29:21.195,1.04635,1.0466,12.40,2.70
2008.08.22 14:29:21.649,1.04635,1.0466,12.50,2.70
2008.08.22 14:29:22.807,1.04635,1.0466,12.90,2.70
2008.08.22 14:29:23.117,1.04635,1.0466,16.20,2.70
2008.08.22 14:29:23.393,1.04635,1.0466,15.30,2.70
2008.08.22 14:29:23.462,1.04645,1.0466,3.20,2.70
2008.08.22 14:29:23.925,1.0463,1.0466,16.40,2.70
2008.08.22 14:29:24.126,1.0463,1.0466,16.30,2.70
2008.08.22 14:29:24.530,1.0463,1.0466,16.60,2.70
2008.08.22 14:29:24.733,1.04635,1.0466,6.20,10.20
2008.08.22 14:29:24.940,1.0464,1.0465,7.50,3.20
