2018.02.13 06:00:00.018,1.2576,1.25766,1.00,1.00
2018.02.13 06:00:00.069,1.2576,1.25769,1.00,2.32
2018.02.13 06:00:00.122,1.2576,1.2577,1.00,1.95
2018.02.13 06:00:00.303,1.2576,1.2577,1.00,1.95
2018.02.13 06:00:00.844,1.25761,1.2577,1.00,1.20
2018.02.13 06:00:01.321,1.2576,1.2577,1.00,1.95
2018.02.13 06:00:01.583,1.25755,1.25765,1.00,1.00
2018.02.13 06:00:01.840,1.25755,1.25764,1.00,1.20
2018.02.13 06:00:03.058,1.25755,1.25764,1.00,1.20
2018.02.13 06:00:03.547,1.25755,1.25764,1.00,1.45
2018.02.13 06:00:04.878,1.25755,1.25764,1.00,1.05
2018.02.13 06:00:05.758,1.25754,1.25762,1.00,1.20
2018.02.13 06:00:05.813,1.25752,1.25763,1.00,3.45
2018.02.13 06:00:06.022,1.25752,1.25759,1.00,1.00
2018.02.13 06:00:06.125,1.2575,1.2576,1.50,2.55
2018.02.13 06:00:06.452,1.25752,1.25759,1.00,1.05
2018.02.13 06:00:08.730,1.25752,1.25758,1.00,1.20
2018.02.13 06:00:08.836,1.25747,1.25756,1.00,1.00
2018.02.13 06:00:09.500,1.25748,1.25756,1.00,1.20
2018.02.13 06:00:10.541,1.25748,1.25756,1.00,1.45
2018.02.13 06:00:11.072,1.25747,1.25756,1.00,1.45
2018.02.13 06:00:12.352,1.25749,1.25756,1.00,1.20
2018.02.13 06:00:15.416,1.25749,1.25756,1.00,1.45
2018.02.13 06:00:16.099,1.25748,1.25754,1.00,1.20
2018.02.13 06:00:17.242,1.25747,1.25754,1.00,1.57
2018.02.13 06:00:17.344,1.25745,1.25754,1.00,2.55
2018.02.13 06:00:17.717,1.25747,1.25754,1.00,1.45
2018.02.13 06:00:18.286,1.25747,1.25754,1.00,1.45
2018.02.13 06:00:21.429,1.25747,1.25752,1.00,1.00
2018.02.13 06:00:21.533,1.25745,1.25752,1.00,1.45
2018.02.13 06:00:22.057,1.25745,1.25753,1.00,1.45
2018.02.13 06:00:22.618,1.25745,1.25753,1.00,1.45
2018.02.13 06:00:23.191,1.25745,1.25754,1.00,2.70
2018.02.13 06:00:27.169,1.25745,1.25754,1.00,1.57
2018.02.13 06:00:27.680,1.25745,1.25754,1.00,1.57
2018.02.13 06:00:28.351,1.25745,1.25754,1.00,1.57
2018.02.13 06:00:29.013,1.25744,1.25753,1.00,1.95
2018.02.13 06:00:29.531,1.25745,1.25754,1.00,2.70
2018.02.13 06:00:33.360,1.25743,1.25747,1.00,2.85
2018.02.13 06:00:33.412,1.2574,1.25748,1.00,2.25
2018.02.13 06:00:33.927,1.25741,1.25749,1.00,3.07
2018.02.13 06:00:34.447,1.2574,1.25749,1.00,3.07
2018.02.13 06:00:34.995,1.25739,1.25748,1.00,1.05
2018.02.13 06:00:39.094,1.25739,1.25748,1.00,4.01
2018.02.13 06:00:39.147,1.25743,1.25749,1.00,5.70
2018.02.13 06:00:39.200,1.25741,1.2575,1.00,4.80
2018.02.13 06:00:39.641,1.25744,1.25751,1.00,1.45
2018.02.13 06:00:39.744,1.25745,1.25752,1.00,1.45
2018.02.13 06:00:42.083,1.25745,1.25752,1.50,1.45
2018.02.13 06:00:42.185,1.25746,1.25753,1.00,1.57
2018.02.13 06:00:42.940,1.25746,1.25753,1.00,1.57
2018.02.13 06:00:43.684,1.25746,1.25753,1.00,1.07
2018.02.13 06:00:46.677,1.25746,1.25754,1.00,3.45
2018.02.13 06:00:47.965,1.25746,1.25753,1.00,1.45
2018.02.13 06:00:58.060,1.25745,1.25751,1.50,1.20
2018.02.13 06:01:00.097,1.25745,1.25754,1.50,2.92
2018.02.13 06:01:00.148,1.25747,1.25752,1.00,1.20
2018.02.13 06:01:02.756,1.25746,1.25752,1.00,1.20
2018.02.13 06:01:03.275,1.25745,1.25752,1.00,1.00
2018.02.13 06:01:04.654,1.25745,1.25753,1.00,1.20
2018.02.13 06:01:05.169,1.25745,1.25752,1.00,1.00
2018.02.13 06:01:09.743,1.25745,1.25753,1.00,1.20
2018.02.13 06:01:14.285,1.25745,1.25753,1.00,1.57
2018.02.13 06:01:14.793,1.25745,1.25752,1.00,1.95
2018.02.13 06:01:14.948,1.25742,1.25749,1.00,1.50
2018.02.13 06:01:14.999,1.25742,1.25747,1.00,1.00
2018.02.13 06:01:15.630,1.25742,1.25748,1.00,1.20
2018.02.13 06:01:17.243,1.25742,1.25747,1.50,1.00
2018.02.13 06:01:17.776,1.25741,1.25745,1.50,1.00
2018.02.13 06:01:18.310,1.25741,1.25747,1.00,1.00
2018.02.13 06:01:18.853,1.25742,1.25748,1.00,1.20
2018.02.13 06:01:19.434,1.25742,1.25748,1.00,1.00
2018.02.13 06:01:20.637,1.25742,1.25747,1.00,1.00
2018.02.13 06:01:22.395,1.25743,1.25747,1.00,1.00
2018.02.13 06:01:22.901,1.25741,1.25748,1.00,1.00
2018.02.13 06:01:23.408,1.25741,1.25748,1.00,1.20
2018.02.13 06:01:27.545,1.25742,1.25749,1.00,4.95
2018.02.13 06:01:37.338,1.2574,1.25747,1.00,5.55
2018.02.13 06:01:39.079,1.25739,1.25746,1.00,1.20
2018.02.13 06:01:39.631,1.2574,1.25746,1.00,1.00
2018.02.13 06:01:40.738,1.2574,1.25746,1.00,1.20
2018.02.13 06:01:45.119,1.25739,1.25746,1.00,1.95
2018.02.13 06:01:45.630,1.25739,1.25745,1.00,1.20
2018.02.13 06:01:47.306,1.25739,1.25744,1.00,1.00
2018.02.13 06:01:48.105,1.25739,1.25745,1.00,3.45
2018.02.13 06:01:49.926,1.25739,1.25744,1.00,1.00
2018.02.13 06:01:50.978,1.25739,1.25745,1.00,1.20
2018.02.13 06:02:20.741,1.25739,1.25745,1.00,1.45
2018.02.13 06:02:21.377,1.25739,1.25745,1.00,1.20
2018.02.13 06:02:23.929,1.25739,1.25745,1.00,1.95
2018.02.13 06:02:25.301,1.25736,1.25745,1.00,1.95
2018.02.13 06:03:04.178,1.25737,1.25747,1.00,4.05
2018.02.13 06:03:11.466,1.25736,1.25745,1.00,1.95
2018.02.13 06:03:11.968,1.25735,1.25745,1.00,2.55
2018.02.13 06:03:12.626,1.25735,1.25744,1.00,1.05
2018.02.13 06:03:13.288,1.25735,1.25745,1.00,4.61
2018.02.13 06:03:15.309,1.25733,1.25743,1.00,1.50
2018.02.13 06:03:16.677,1.25733,1.25742,1.00,1.00
2018.02.13 06:03:16.882,1.25731,1.25739,1.10,1.00
2018.02.13 06:03:17.179,1.25729,1.25738,1.00,2.85
2018.02.13 06:03:17.693,1.25729,1.25737,1.00,1.50
2018.02.13 06:03:18.628,1.25729,1.25738,1.00,2.25
2018.02.13 06:03:19.231,1.25729,1.25739,1.00,1.50
2018.02.13 06:03:26.349,1.2573,1.25739,1.00,1.00
2018.02.13 06:03:26.556,1.25735,1.25744,1.00,3.45
2018.02.13 06:03:26.662,1.25735,1.25744,1.00,1.00
2018.02.13 06:03:27.367,1.25736,1.25745,1.00,1.00
2018.02.13 06:03:28.731,1.25737,1.25745,1.00,1.00
2018.02.13 06:03:37.170,1.25737,1.25746,1.00,1.50
2018.02.13 06:03:37.712,1.25737,1.25747,1.00,3.00
2018.02.13 06:03:38.338,1.25737,1.25746,1.00,1.50
2018.02.13 06:03:38.566,1.25739,1.25747,3.00,3.00
2018.02.13 06:03:38.618,1.25744,1.25752,1.00,1.50
2018.02.13 06:03:41.397,1.25744,1.25751,1.00,1.00
2018.02.13 06:03:41.448,1.2574,1.25749,1.12,1.50
2018.02.13 06:03:42.007,1.25739,1.25748,1.00,2.25
2018.02.13 06:03:42.408,1.25738,1.25746,1.00,1.50
2018.02.13 06:03:42.945,1.25738,1.25747,1.00,1.50
2018.02.13 06:03:45.361,1.25737,1.25747,1.00,2.85
2018.02.13 06:03:47.261,1.25737,1.25746,1.00,1.50
2018.02.13 06:03:49.068,1.25737,1.25747,1.00,3.60
2018.02.13 06:03:49.599,1.25737,1.25746,1.00,1.50
2018.02.13 06:03:50.106,1.25737,1.25747,1.00,2.85
2018.02.13 06:03:51.971,1.25737,1.25746,1.00,1.95
2018.02.13 06:03:53.362,1.25737,1.25747,1.00,2.70
2018.02.13 06:03:53.468,1.25738,1.25748,1.00,1.95
2018.02.13 06:03:53.624,1.2574,1.25748,1.00,1.95
2018.02.13 06:03:55.052,1.25738,1.25748,1.00,1.95
2018.02.13 06:03:58.682,1.25738,1.25748,1.00,3.82
2018.02.13 06:03:59.184,1.25738,1.25748,1.00,3.82
2018.02.13 06:04:07.723,1.25738,1.25746,1.00,1.20
2018.02.13 06:04:08.426,1.25738,1.25746,1.00,1.95
2018.02.13 06:04:15.825,1.25738,1.25746,1.00,1.20
2018.02.13 06:04:18.674,1.25738,1.25746,1.00,1.95
2018.02.13 06:04:27.956,1.25738,1.25746,1.50,1.20
2018.02.13 06:04:28.614,1.25738,1.25746,1.50,1.10
2018.02.13 06:04:38.104,1.25738,1.25746,1.00,1.45
2018.02.13 06:04:38.157,1.25736,1.25746,2.62,1.45
2018.02.13 06:04:38.944,1.25736,1.25746,1.50,1.45
2018.02.13 06:05:06.043,1.25736,1.25745,1.00,1.35
2018.02.13 06:05:08.184,1.25736,1.25743,1.00,1.00
2018.02.13 06:05:22.416,1.25736,1.25745,1.00,1.00
2018.02.13 06:05:23.805,1.25737,1.25745,1.00,1.00
2018.02.13 06:05:24.468,1.25736,1.25745,1.50,1.00
2018.02.13 06:05:38.987,1.25735,1.25745,1.50,1.00
2018.02.13 06:05:39.591,1.25735,1.25744,1.00,1.00
2018.02.13 06:05:44.374,1.25734,1.25743,1.00,1.12
2018.02.13 06:05:44.427,1.25732,1.25739,1.57,1.00
2018.02.13 06:05:44.532,1.2573,1.25739,1.00,1.00
2018.02.13 06:05:44.638,1.25728,1.25738,1.12,1.00
2018.02.13 06:05:48.819,1.25728,1.25737,1.00,1.00
2018.02.13 06:05:49.476,1.25731,1.25739,1.12,1.00
2018.02.13 06:05:49.786,1.25733,1.2574,1.00,1.00
2018.02.13 06:05:50.406,1.25733,1.25739,1.00,1.00
2018.02.13 06:05:51.698,1.25733,1.2574,1.00,1.00
2018.02.13 06:05:54.378,1.25733,1.25738,1.00,1.00
2018.02.13 06:05:54.551,1.2573,1.25738,2.25,1.00
2018.02.13 06:05:54.810,1.25728,1.25738,1.00,1.00
2018.02.13 06:05:55.326,1.25729,1.25737,1.00,1.00
2018.02.13 06:05:58.871,1.2573,1.25738,1.00,1.00
2018.02.13 06:05:59.653,1.2573,1.25737,1.00,1.00
2018.02.13 06:06:01.581,1.25729,1.25737,1.00,1.00
2018.02.13 06:06:02.097,1.25728,1.25736,1.00,1.00
2018.02.13 06:06:02.605,1.25728,1.25737,1.50,1.00
2018.02.13 06:06:14.432,1.25728,1.25735,1.00,1.00
2018.02.13 06:06:17.425,1.25724,1.25734,1.00,1.80
2018.02.13 06:06:17.529,1.25724,1.25732,1.00,1.00
2018.02.13 06:06:18.125,1.25723,1.25731,1.00,1.45
2018.02.13 06:06:18.230,1.25721,1.25731,2.62,1.45
2018.02.13 06:06:18.790,1.25721,1.25731,1.87,1.20
2018.02.13 06:06:20.099,1.25726,1.25732,1.00,1.45
2018.02.13 06:06:20.205,1.25727,1.25736,1.00,2.32
2018.02.13 06:06:20.260,1.25727,1.25736,1.50,1.10
2018.02.13 06:06:20.417,1.25729,1.25737,1.00,1.20
2018.02.13 06:06:31.003,1.25729,1.25737,1.00,1.20
2018.02.13 06:06:31.691,1.25729,1.25737,1.50,1.20
2018.02.13 06:06:34.836,1.2573,1.25739,1.00,1.20
2018.02.13 06:06:35.198,1.25732,1.2574,1.00,1.20
2018.02.13 06:06:36.021,1.25734,1.25741,1.00,1.20
2018.02.13 06:06:36.177,1.25736,1.25745,1.12,1.45
2018.02.13 06:06:36.229,1.25738,1.25745,1.00,1.45
2018.02.13 06:06:36.419,1.25738,1.25746,1.00,1.20
2018.02.13 06:06:37.066,1.25738,1.25747,1.00,2.70
2018.02.13 06:06:40.749,1.25737,1.25746,1.00,1.20
2018.02.13 06:06:41.356,1.25738,1.25747,1.00,1.95
2018.02.13 06:06:41.954,1.25737,1.25747,1.00,1.95
2018.02.13 06:06:42.006,1.2574,1.25747,1.00,1.95
2018.02.13 06:06:42.675,1.25739,1.25747,1.00,1.45
2018.02.13 06:06:43.369,1.25739,1.25747,1.00,1.20
2018.02.13 06:06:43.904,1.25738,1.25747,2.25,1.20
2018.02.13 06:06:44.433,1.25739,1.25746,1.00,1.00
2018.02.13 06:06:46.398,1.2574,1.25748,1.00,1.45
2018.02.13 06:06:46.605,1.2574,1.25749,1.00,1.95
2018.02.13 06:06:47.278,1.2574,1.25749,1.00,1.95
2018.02.13 06:06:48.383,1.25741,1.25749,1.00,1.45
2018.02.13 06:06:49.334,1.25741,1.25749,1.00,1.20
2018.02.13 06:06:49.386,1.25739,1.25749,1.00,1.95
2018.02.13 06:06:49.491,1.25739,1.25748,1.00,1.45
2018.02.13 06:06:50.002,1.25738,1.25747,1.00,1.95
2018.02.13 06:06:50.585,1.25738,1.25747,1.00,3.82
2018.02.13 06:06:50.932,1.25739,1.25748,1.00,1.45
2018.02.13 06:06:51.142,1.25741,1.25751,1.00,3.45
2018.02.13 06:06:51.691,1.25741,1.25751,1.00,1.45
2018.02.13 06:06:54.938,1.2574,1.25749,1.00,1.57
2018.02.13 06:06:55.247,1.25738,1.25746,1.00,1.45
2018.02.13 06:06:55.575,1.25738,1.25747,1.12,1.95
2018.02.13 06:06:56.382,1.25739,1.25748,1.00,1.45
2018.02.13 06:06:56.961,1.25739,1.25749,1.00,2.32
2018.02.13 06:06:57.555,1.25739,1.25749,1.00,2.32
2018.02.13 06:07:01.312,1.2574,1.25749,1.00,1.57
2018.02.13 06:07:02.814,1.2574,1.25749,1.00,1.45
2018.02.13 06:07:02.916,1.25742,1.25749,1.00,1.45
2018.02.13 06:07:03.424,1.25741,1.25751,1.00,4.20
2018.02.13 06:07:10.340,1.25744,1.25751,1.50,1.45
2018.02.13 06:07:10.496,1.25745,1.25752,1.00,1.00
2018.02.13 06:07:11.652,1.25744,1.25753,1.50,1.20
2018.02.13 06:07:14.871,1.25744,1.25754,1.87,1.20
2018.02.13 06:07:15.392,1.25745,1.25755,1.00,3.45
2018.02.13 06:07:17.066,1.25745,1.25755,1.50,2.70
2018.02.13 06:07:17.591,1.25747,1.25756,1.00,1.20
2018.02.13 06:07:18.252,1.25749,1.25758,1.12,1.45
2018.02.13 06:07:18.409,1.25752,1.2576,1.00,1.20
2018.02.13 06:07:18.512,1.25751,1.25761,1.00,2.14
2018.02.13 06:07:18.615,1.25751,1.25761,1.00,2.89
2018.02.13 06:07:19.204,1.25751,1.25759,1.00,1.20
2018.02.13 06:07:23.114,1.25751,1.2576,1.00,2.70
2018.02.13 06:07:23.704,1.2575,1.25759,1.00,1.75
2018.02.13 06:07:23.931,1.25746,1.25756,1.00,4.05
2018.02.13 06:07:24.104,1.25746,1.25755,1.00,1.45
2018.02.13 06:07:24.406,1.25746,1.25755,1.00,4.05
2018.02.13 06:07:26.297,1.25745,1.25753,1.00,1.20
2018.02.13 06:07:26.836,1.25745,1.25753,1.00,1.95
2018.02.13 06:07:27.144,1.2574,1.25748,1.00,1.45
2018.02.13 06:07:27.246,1.2574,1.25748,1.00,2.70
2018.02.13 06:07:28.073,1.25739,1.25748,1.00,2.70
2018.02.13 06:07:31.256,1.25739,1.25748,4.50,2.70
2018.02.13 06:07:31.309,1.25743,1.2575,1.00,1.45
2018.02.13 06:07:31.362,1.25743,1.25751,1.50,1.45
2018.02.13 06:07:31.414,1.25744,1.25754,1.00,1.45
2018.02.13 06:07:31.467,1.25746,1.25754,1.00,1.45
2018.02.13 06:07:40.781,1.25746,1.25756,1.00,3.07
2018.02.13 06:07:41.365,1.25747,1.25756,1.00,1.20
2018.02.13 06:07:41.906,1.25746,1.25756,1.50,1.20
2018.02.13 06:07:42.440,1.25746,1.25755,1.50,1.95
2018.02.13 06:07:43.439,1.25746,1.25756,1.50,1.95
2018.02.13 06:07:48.176,1.25746,1.25754,1.50,1.50
2018.02.13 06:07:48.702,1.25746,1.25754,1.50,1.95
2018.02.13 06:07:51.651,1.25746,1.25755,1.50,3.30
2018.02.13 06:07:52.217,1.25746,1.25756,1.50,1.95
2018.02.13 06:07:52.730,1.25747,1.25757,1.00,1.95
2018.02.13 06:07:52.781,1.25747,1.25757,1.00,1.95
2018.02.13 06:07:53.308,1.25748,1.25755,1.00,1.20
2018.02.13 06:07:58.371,1.25747,1.25754,1.00,1.20
2018.02.13 06:07:59.631,1.25746,1.25755,1.00,3.07
2018.02.13 06:08:02.661,1.25746,1.25753,1.00,1.00
2018.02.13 06:08:03.273,1.25746,1.25755,1.00,1.45
2018.02.13 06:08:18.473,1.25746,1.25756,1.50,2.70
2018.02.13 06:08:24.447,1.25749,1.25755,1.00,1.20
2018.02.13 06:08:24.998,1.25747,1.25756,1.00,1.95
2018.02.13 06:08:26.163,1.25748,1.25756,1.00,1.95
2018.02.13 06:08:26.460,1.25748,1.25756,1.00,1.95
2018.02.13 06:08:35.829,1.25748,1.25755,1.00,1.10
2018.02.13 06:08:37.700,1.25746,1.25755,1.50,2.17
2018.02.13 06:08:38.394,1.25746,1.25755,1.50,1.80
2018.02.13 06:08:43.142,1.25745,1.25749,1.00,1.00
2018.02.13 06:08:43.268,1.2574,1.25746,1.00,1.00
2018.02.13 06:08:43.321,1.25738,1.25748,1.00,3.30
2018.02.13 06:08:44.006,1.25738,1.25748,1.00,1.45
2018.02.13 06:08:44.821,1.2574,1.25748,1.00,1.45
2018.02.13 06:08:45.379,1.2574,1.25748,1.00,1.45
2018.02.13 06:08:45.535,1.25737,1.25747,1.00,4.80
2018.02.13 06:08:46.037,1.25738,1.25748,1.00,3.45
2018.02.13 06:08:46.571,1.25738,1.25748,1.00,4.20
2018.02.13 06:08:47.121,1.25738,1.25748,1.00,7.76
2018.02.13 06:08:49.860,1.25737,1.25747,1.00,2.32
2018.02.13 06:08:50.782,1.25737,1.25747,1.00,1.57
2018.02.13 06:09:05.659,1.25737,1.25746,1.00,1.07
2018.02.13 06:09:17.554,1.2574,1.25747,1.00,1.95
2018.02.13 06:09:17.606,1.2574,1.25747,1.00,1.95
2018.02.13 06:09:19.859,1.25744,1.25748,1.00,1.20
2018.02.13 06:09:19.962,1.25745,1.25752,1.00,1.20
2018.02.13 06:09:20.066,1.25745,1.25754,1.50,1.95
2018.02.13 06:09:20.686,1.25745,1.25754,1.50,1.45
2018.02.13 06:09:25.574,1.25745,1.25754,1.50,1.10
2018.02.13 06:09:26.103,1.25746,1.25754,1.00,1.20
2018.02.13 06:09:26.629,1.25748,1.25755,1.00,1.00
2018.02.13 06:09:27.148,1.25748,1.25756,1.00,1.95
2018.02.13 06:09:33.210,1.25748,1.25755,1.00,1.00
2018.02.13 06:09:33.419,1.25745,1.25755,1.00,1.45
2018.02.13 06:09:34.025,1.25746,1.25755,1.00,1.20
2018.02.13 06:09:34.576,1.25746,1.25754,1.00,1.00
2018.02.13 06:09:35.170,1.25746,1.25755,1.00,1.20
2018.02.13 06:09:36.789,1.25746,1.25754,1.00,1.00
2018.02.13 06:09:37.261,1.25744,1.25754,1.00,2.70
2018.02.13 06:09:37.651,1.25746,1.25754,1.00,1.45
2018.02.13 06:09:38.186,1.25747,1.25754,1.00,1.10
2018.02.13 06:09:38.389,1.25748,1.25756,1.12,1.10
2018.02.13 06:09:39.017,1.25749,1.25756,1.00,1.12
2018.02.13 06:09:41.177,1.25749,1.25755,1.00,1.00
2018.02.13 06:09:41.231,1.25746,1.25754,1.00,1.20
2018.02.13 06:09:41.748,1.25746,1.25753,1.50,1.00
2018.02.13 06:09:41.902,1.25746,1.25755,1.00,3.82
2018.02.13 06:09:42.439,1.25746,1.25755,1.00,3.82
2018.02.13 06:09:43.270,1.25746,1.25753,1.00,1.00
2018.02.13 06:09:43.563,1.25741,1.2575,1.12,1.50
2018.02.13 06:09:43.770,1.25743,1.25751,1.00,1.45
2018.02.13 06:09:43.822,1.25745,1.25753,1.50,1.45
2018.02.13 06:09:44.336,1.25746,1.25753,1.00,1.10
2018.02.13 06:09:51.258,1.25746,1.25752,1.00,2.62
2018.02.13 06:09:51.363,1.25742,1.25748,1.00,1.00
2018.02.13 06:09:51.648,1.2574,1.2575,1.00,1.45
2018.02.13 06:09:51.909,1.25742,1.25752,1.12,3.07
2018.02.13 06:09:52.238,1.25745,1.25754,1.00,1.95
2018.02.13 06:09:52.907,1.25746,1.25753,1.00,1.20
2018.02.13 06:09:54.073,1.25746,1.25754,1.00,1.20
2018.02.13 06:09:54.671,1.25745,1.25754,1.00,1.57
2018.02.13 06:09:55.205,1.25745,1.25753,1.00,1.00
2018.02.13 06:09:57.702,1.25743,1.25747,1.00,1.00
2018.02.13 06:09:57.820,1.25739,1.25747,1.87,1.00
2018.02.13 06:09:58.590,1.2574,1.25747,1.00,1.20
2018.02.13 06:09:59.817,1.2574,1.25749,1.00,1.95
2018.02.13 06:10:00.338,1.25739,1.25747,1.50,1.00
2018.02.13 06:10:00.900,1.2574,1.25747,1.00,1.00
2018.02.13 06:10:02.275,1.25739,1.25748,1.00,1.95
2018.02.13 06:10:02.327,1.25739,1.25746,1.50,1.00
2018.02.13 06:10:04.130,1.25744,1.2575,1.00,1.50
2018.02.13 06:10:04.440,1.25745,1.25753,1.50,1.95
2018.02.13 06:10:05.154,1.25745,1.25753,1.50,1.10
2018.02.13 06:10:13.617,1.25745,1.25753,1.50,1.20
2018.02.13 06:10:14.129,1.25745,1.25753,1.50,1.00
2018.02.13 06:10:15.218,1.25745,1.25754,1.00,1.95
2018.02.13 06:10:15.726,1.25746,1.25753,1.00,1.00
2018.02.13 06:10:23.000,1.25746,1.25754,1.00,1.57
2018.02.13 06:10:23.594,1.25746,1.25753,1.00,1.00
2018.02.13 06:10:25.857,1.25746,1.25754,1.00,1.57
2018.02.13 06:10:26.967,1.25746,1.25753,1.50,1.00
2018.02.13 06:10:36.432,1.25746,1.25755,1.00,2.70
2018.02.13 06:10:37.542,1.25746,1.25753,1.00,1.00
2018.02.13 06:10:38.090,1.25746,1.25754,1.00,1.20
2018.02.13 06:10:38.394,1.25745,1.25749,1.50,1.00
2018.02.13 06:10:38.447,1.25741,1.2575,2.25,1.00
2018.02.13 06:10:38.499,1.25744,1.25751,1.00,1.50
2018.02.13 06:10:39.270,1.25744,1.25754,1.50,3.07
2018.02.13 06:10:43.344,1.25744,1.25753,1.50,1.95
2018.02.13 06:10:45.047,1.25741,1.25749,1.50,1.50
2018.02.13 06:10:45.572,1.25743,1.2575,1.00,1.95
2018.02.13 06:10:45.754,1.25741,1.2575,1.00,1.45
2018.02.13 06:10:47.060,1.25742,1.25751,1.00,2.70
2018.02.13 06:10:47.571,1.25743,1.25752,1.00,1.57
2018.02.13 06:10:48.627,1.25743,1.25751,1.00,1.00
2018.02.13 06:10:49.236,1.25743,1.25752,1.00,2.70
2018.02.13 06:10:52.476,1.25743,1.25751,1.00,1.00
2018.02.13 06:10:52.995,1.25743,1.2575,1.50,1.00
2018.02.13 06:10:54.483,1.25743,1.25751,1.50,1.50
2018.02.13 06:11:00.652,1.25743,1.25747,1.00,1.00
2018.02.13 06:11:00.787,1.25738,1.25747,1.00,1.50
2018.02.13 06:11:01.444,1.25737,1.25747,1.50,1.95
2018.02.13 06:11:03.408,1.25737,1.25747,1.50,1.57
2018.02.13 06:11:04.086,1.25737,1.25747,1.50,1.57
2018.02.13 06:11:04.777,1.25739,1.25746,1.00,1.00
2018.02.13 06:11:05.714,1.25741,1.25748,1.00,1.57
2018.02.13 06:11:06.218,1.25741,1.25748,1.00,1.20
2018.02.13 06:11:06.619,1.25739,1.25748,1.00,1.95
2018.02.13 06:11:10.749,1.25739,1.25748,1.00,1.20
2018.02.13 06:11:11.641,1.25739,1.25748,1.00,1.45
2018.02.13 06:11:13.527,1.25739,1.25748,1.00,1.45
2018.02.13 06:11:13.580,1.25741,1.25748,1.50,1.45
2018.02.13 06:11:13.633,1.25741,1.2575,1.50,1.95
2018.02.13 06:11:13.736,1.25741,1.2575,1.50,1.20
2018.02.13 06:11:13.970,1.25741,1.2575,1.50,1.95
2018.02.13 06:11:14.623,1.2574,1.2575,1.00,3.45
2018.02.13 06:11:15.359,1.2574,1.2575,1.00,2.70
2018.02.13 06:11:19.539,1.25739,1.25748,1.00,1.20
2018.02.13 06:11:20.308,1.25739,1.25748,1.00,1.20
2018.02.13 06:11:22.685,1.25739,1.25748,1.00,1.45
2018.02.13 06:11:25.626,1.25739,1.25748,1.00,1.45
2018.02.13 06:11:25.974,1.25741,1.25748,1.00,1.45
2018.02.13 06:11:26.637,1.25741,1.25748,1.00,1.10
2018.02.13 06:11:29.931,1.25741,1.25748,1.00,1.20
2018.02.13 06:11:30.675,1.25741,1.25748,1.00,1.00
2018.02.13 06:11:33.005,1.25741,1.25748,1.00,1.57
2018.02.13 06:11:33.314,1.25747,1.25753,1.00,1.10
2018.02.13 06:11:47.196,1.25747,1.25752,1.00,3.00
2018.02.13 06:11:47.655,1.25747,1.25754,1.00,2.70
2018.02.13 06:11:48.205,1.25747,1.25754,1.00,2.70
2018.02.13 06:11:50.469,1.25745,1.25753,1.00,1.00
2018.02.13 06:11:51.016,1.25745,1.25753,1.00,1.95
2018.02.13 06:12:07.545,1.25745,1.25751,1.00,1.10
2018.02.13 06:12:18.845,1.25745,1.25753,1.00,1.95
2018.02.13 06:12:20.730,1.25745,1.25753,1.00,2.70
2018.02.13 06:12:32.355,1.25745,1.25752,1.50,1.95
2018.02.13 06:12:50.523,1.25744,1.25752,1.00,1.20
2018.02.13 06:12:52.594,1.25744,1.25753,1.00,2.70
2018.02.13 06:12:53.635,1.25744,1.25753,1.00,1.95
2018.02.13 06:13:16.499,1.25743,1.25751,1.00,1.00
2018.02.13 06:13:21.061,1.25744,1.25752,1.00,1.57
2018.02.13 06:13:21.714,1.25745,1.25752,1.00,1.50
2018.02.13 06:13:23.173,1.25745,1.25752,1.00,2.70
2018.02.13 06:13:23.742,1.25745,1.25752,1.00,1.50
2018.02.13 06:13:37.191,1.25744,1.25751,1.00,1.00
2018.02.13 06:13:37.538,1.25746,1.25753,1.00,1.57
2018.02.13 06:13:37.868,1.2575,1.25754,1.00,1.20
2018.02.13 06:13:37.923,1.25749,1.25757,1.00,1.00
2018.02.13 06:13:37.975,1.25751,1.25758,1.00,1.10
2018.02.13 06:13:38.079,1.25749,1.25758,1.87,1.00
2018.02.13 06:13:39.745,1.25749,1.25758,1.50,1.00
2018.02.13 06:13:39.972,1.25749,1.25756,1.00,3.00
2018.02.13 06:13:40.078,1.25745,1.25754,1.00,1.12
2018.02.13 06:13:40.687,1.25745,1.25754,1.00,2.95
2018.02.13 06:13:44.185,1.25745,1.25751,1.00,1.00
2018.02.13 06:14:04.175,1.25745,1.25752,1.00,1.00
2018.02.13 06:14:04.383,1.25747,1.25754,2.62,1.20
2018.02.13 06:14:04.435,1.25748,1.25757,1.00,1.00
2018.02.13 06:14:04.490,1.2575,1.25757,1.00,1.00
2018.02.13 06:14:04.542,1.25747,1.25756,1.37,1.00
2018.02.13 06:14:04.645,1.25746,1.25755,1.50,1.00
2018.02.13 06:14:04.697,1.25746,1.25753,1.00,1.00
2018.02.13 06:14:08.206,1.25749,1.25756,1.00,1.20
2018.02.13 06:14:13.131,1.25748,1.25752,1.00,1.00
2018.02.13 06:14:13.183,1.25746,1.25752,1.50,1.00
2018.02.13 06:14:22.341,1.25745,1.25752,1.00,1.00
2018.02.13 06:14:36.344,1.25745,1.25751,1.00,1.00
2018.02.13 06:14:38.294,1.25744,1.25748,1.00,1.00
2018.02.13 06:14:42.128,1.25743,1.25747,1.12,1.00
2018.02.13 06:14:46.340,1.25742,1.25746,1.00,1.00
2018.02.13 06:14:48.166,1.25743,1.25747,1.00,1.00
2018.02.13 06:14:48.218,1.25742,1.25747,1.12,1.00
2018.02.13 06:14:48.440,1.25742,1.25746,1.00,1.00
2018.02.13 06:14:48.493,1.2574,1.25744,2.62,1.00
2018.02.13 06:14:57.900,1.2574,1.25749,3.37,1.00
2018.02.13 06:14:57.954,1.2574,1.25746,1.50,1.00
2018.02.13 06:14:58.107,1.2574,1.25749,1.50,1.95
2018.02.13 06:14:58.159,1.25742,1.2575,1.00,1.20
2018.02.13 06:14:58.688,1.25743,1.2575,1.00,1.00
2018.02.13 06:14:59.086,1.25742,1.25746,1.00,1.00
2018.02.13 06:14:59.759,1.25743,1.25748,1.00,1.00
2018.02.13 06:15:00.645,1.25743,1.25747,1.50,1.00
2018.02.13 06:15:01.294,1.25743,1.25747,1.87,1.00
2018.02.13 06:15:01.928,1.25745,1.25749,1.00,1.00
2018.02.13 06:15:02.659,1.25744,1.25749,1.00,1.00
2018.02.13 06:15:03.451,1.25743,1.25748,3.75,1.00
2018.02.13 06:15:04.004,1.25743,1.25747,1.87,1.00
2018.02.13 06:15:05.092,1.25744,1.25748,1.00,1.00
2018.02.13 06:15:05.629,1.25743,1.25747,2.25,1.00
2018.02.13 06:15:12.842,1.25744,1.25748,1.00,1.00
2018.02.13 06:15:14.099,1.25743,1.25747,2.62,1.00
2018.02.13 06:15:14.693,1.25744,1.25748,2.25,1.00
2018.02.13 06:15:15.408,1.25743,1.25747,1.00,1.00
2018.02.13 06:15:20.315,1.25744,1.25748,1.00,1.00
2018.02.13 06:15:20.911,1.25743,1.25747,1.00,1.00
2018.02.13 06:15:28.734,1.25743,1.25748,1.50,1.00
2018.02.13 06:15:30.642,1.25743,1.25747,1.50,1.00
2018.02.13 06:15:43.018,1.25743,1.25748,1.00,1.00
2018.02.13 06:15:53.756,1.25744,1.2575,1.00,1.00
2018.02.13 06:15:53.882,1.25744,1.25748,1.00,1.00
2018.02.13 06:15:55.204,1.25745,1.25749,1.00,1.00
2018.02.13 06:15:55.748,1.25744,1.25748,1.12,1.00
2018.02.13 06:16:00.999,1.25744,1.25749,1.00,1.00
2018.02.13 06:16:01.733,1.25743,1.25748,1.00,1.00
2018.02.13 06:16:16.912,1.25739,1.25744,1.87,1.00
2018.02.13 06:16:17.017,1.25738,1.25742,1.00,1.00
2018.02.13 06:16:17.560,1.25737,1.25741,1.00,1.00
2018.02.13 06:16:20.926,1.2574,1.25744,1.50,1.00
2018.02.13 06:16:21.030,1.25742,1.25746,1.50,1.00
2018.02.13 06:16:21.339,1.25742,1.25746,1.00,1.00
2018.02.13 06:16:21.881,1.25741,1.25745,1.87,1.00
2018.02.13 06:16:22.084,1.25742,1.25747,1.50,1.00
2018.02.13 06:16:22.642,1.25743,1.25748,1.00,1.00
2018.02.13 06:16:23.673,1.25742,1.25746,1.00,1.00
2018.02.13 06:16:24.206,1.25743,1.25747,1.00,1.00
2018.02.13 06:16:24.725,1.25744,1.25748,1.00,1.00
2018.02.13 06:16:29.626,1.25743,1.25747,1.00,1.00
2018.02.13 06:16:30.123,1.25742,1.25747,1.50,1.00
2018.02.13 06:16:30.647,1.25742,1.25746,1.00,1.00
2018.02.13 06:16:31.831,1.25738,1.25743,2.85,1.00
2018.02.13 06:16:32.135,1.25739,1.25743,1.00,1.00
2018.02.13 06:16:33.036,1.25738,1.25742,1.00,1.00
2018.02.13 06:16:33.868,1.25737,1.25741,1.00,1.00
2018.02.13 06:16:37.514,1.25737,1.25741,1.50,1.00
2018.02.13 06:16:43.533,1.25736,1.2574,1.00,1.00
2018.02.13 06:16:43.928,1.25735,1.2574,2.25,1.00
2018.02.13 06:16:47.284,1.25736,1.2574,1.00,1.00
2018.02.13 06:16:49.217,1.25735,1.2574,2.62,1.00
2018.02.13 06:16:49.556,1.25739,1.25745,1.00,1.95
2018.02.13 06:16:49.865,1.25739,1.25743,1.00,1.00
2018.02.13 06:16:50.414,1.25737,1.25742,2.25,1.00
2018.02.13 06:16:52.454,1.25737,1.25741,1.87,1.00
2018.02.13 06:16:52.609,1.25735,1.25742,1.87,1.00
2018.02.13 06:16:53.420,1.25735,1.2574,1.50,1.00
2018.02.13 06:16:55.754,1.25736,1.2574,1.00,1.00
2018.02.13 06:16:56.562,1.25735,1.2574,1.87,1.00
2018.02.13 06:17:06.033,1.25734,1.25739,1.00,1.00
2018.02.13 06:17:06.342,1.25731,1.25735,1.12,1.00
2018.02.13 06:17:14.222,1.2573,1.25735,1.50,1.00
2018.02.13 06:17:15.733,1.25728,1.25735,3.37,1.00
2018.02.13 06:17:15.784,1.25728,1.25733,1.12,1.00
2018.02.13 06:17:15.949,1.25727,1.25732,1.87,1.00
2018.02.13 06:17:16.697,1.25728,1.25732,1.00,1.00
2018.02.13 06:17:17.735,1.25727,1.25731,1.50,1.00
2018.02.13 06:17:21.705,1.25727,1.25732,1.00,1.00
2018.02.13 06:17:22.499,1.25728,1.25732,1.00,1.50
2018.02.13 06:17:23.086,1.25727,1.25732,2.25,1.50
2018.02.13 06:17:24.138,1.25729,1.25733,1.50,1.00
2018.02.13 06:17:24.467,1.25729,1.25733,2.25,1.00
2018.02.13 06:17:25.094,1.2573,1.25734,1.00,1.00
2018.02.13 06:17:25.470,1.25731,1.25735,1.00,1.00
2018.02.13 06:17:25.862,1.25733,1.25737,1.00,1.00
2018.02.13 06:17:25.966,1.2573,1.25734,1.50,1.00
2018.02.13 06:17:28.211,1.25728,1.25733,1.50,1.00
2018.02.13 06:17:28.919,1.25728,1.25732,1.37,1.00
2018.02.13 06:17:29.707,1.25727,1.25731,1.87,1.00
2018.02.13 06:17:30.139,1.25727,1.25737,1.87,1.95
2018.02.13 06:17:31.549,1.25728,1.25737,1.00,1.95
2018.02.13 06:17:32.222,1.25727,1.25737,1.87,1.95
2018.02.13 06:17:45.571,1.25728,1.25737,1.00,2.70
2018.02.13 06:17:50.101,1.25727,1.25737,1.12,2.70
2018.02.13 06:17:50.668,1.25728,1.25737,1.00,1.20
2018.02.13 06:17:56.859,1.25728,1.25737,1.00,2.70
2018.02.13 06:17:57.571,1.25728,1.25737,1.50,1.10
2018.02.13 06:18:02.113,1.25728,1.25737,1.00,1.95
2018.02.13 06:18:03.067,1.25728,1.25737,1.00,1.10
2018.02.13 06:18:06.858,1.25727,1.25737,4.12,1.10
2018.02.13 06:18:07.385,1.25727,1.25737,1.87,1.20
2018.02.13 06:18:09.071,1.2573,1.25737,3.00,1.00
2018.02.13 06:18:09.175,1.25734,1.25741,1.00,1.00
2018.02.13 06:18:09.331,1.25734,1.25743,1.00,1.95
2018.02.13 06:18:09.733,1.25734,1.25742,1.00,1.95
2018.02.13 06:18:11.865,1.25734,1.25744,1.87,2.70
2018.02.13 06:18:11.916,1.25736,1.25743,1.00,1.10
2018.02.13 06:18:12.429,1.25737,1.25743,1.00,1.00
2018.02.13 06:18:13.566,1.25737,1.25744,1.00,1.10
2018.02.13 06:18:26.460,1.25737,1.25744,1.00,1.20
2018.02.13 06:18:26.740,1.25735,1.25743,1.50,1.95
2018.02.13 06:18:28.669,1.25735,1.25743,1.50,1.20
2018.02.13 06:18:37.441,1.25735,1.25743,1.00,2.70
2018.02.13 06:18:38.958,1.25735,1.25742,1.00,1.20
2018.02.13 06:18:40.098,1.25735,1.25742,1.00,1.20
2018.02.13 06:18:47.155,1.25732,1.2574,1.12,1.00
2018.02.13 06:18:47.693,1.25732,1.25739,1.50,1.00
2018.02.13 06:18:52.726,1.25732,1.25739,2.25,1.00
2018.02.13 06:18:53.671,1.25732,1.25739,1.50,1.00
2018.02.13 06:18:54.225,1.25732,1.25739,1.50,1.00
2018.02.13 06:18:54.753,1.25732,1.2574,1.00,1.10
2018.02.13 06:19:00.226,1.25732,1.2574,2.25,1.20
2018.02.13 06:19:00.729,1.25732,1.25741,1.50,1.10
2018.02.13 06:19:05.973,1.25732,1.25741,1.00,1.95
2018.02.13 06:19:12.913,1.25732,1.25741,1.00,1.00
2018.02.13 06:19:12.965,1.25735,1.25741,1.00,1.50
2018.02.13 06:19:13.596,1.25735,1.25742,1.00,1.00
2018.02.13 06:19:14.374,1.25735,1.25742,1.00,1.20
2018.02.13 06:19:14.964,1.25735,1.25742,1.00,1.10
2018.02.13 06:19:15.515,1.25736,1.25743,1.00,1.10
2018.02.13 06:19:16.093,1.25737,1.25745,1.00,1.95
2018.02.13 06:19:16.640,1.25736,1.25745,1.00,1.95
2018.02.13 06:19:22.253,1.25736,1.25744,1.00,1.95
2018.02.13 06:19:23.913,1.25736,1.25744,1.00,1.10
2018.02.13 06:19:45.329,1.25734,1.25744,1.50,2.70
2018.02.13 06:19:45.558,1.25734,1.25742,1.50,1.95
2018.02.13 06:19:48.385,1.25734,1.25739,1.00,1.00
2018.02.13 06:19:48.438,1.25731,1.25739,1.87,1.10
2018.02.13 06:19:48.541,1.25729,1.25739,1.12,1.20
2018.02.13 06:19:49.256,1.25728,1.25738,3.37,1.10
2018.02.13 06:19:49.772,1.25729,1.25739,1.00,1.20
2018.02.13 06:19:50.274,1.25729,1.25737,1.50,1.00
2018.02.13 06:19:51.700,1.25729,1.25738,1.00,1.00
2018.02.13 06:19:52.894,1.2573,1.25739,1.00,1.95
2018.02.13 06:19:53.402,1.25729,1.25738,1.12,1.20
2018.02.13 06:19:55.051,1.25728,1.25738,1.87,1.20
2018.02.13 06:19:57.187,1.25728,1.25736,1.12,1.00
2018.02.13 06:20:02.510,1.25729,1.25737,1.00,1.00
2018.02.13 06:20:06.632,1.25728,1.25736,1.12,1.00
2018.02.13 06:20:27.963,1.25728,1.25735,1.00,1.00
2018.02.13 06:20:29.211,1.25728,1.25736,1.50,1.10
2018.02.13 06:20:34.187,1.25728,1.25735,1.00,1.00
2018.02.13 06:20:37.436,1.25727,1.25735,1.50,1.20
2018.02.13 06:20:37.793,1.25727,1.25735,1.00,1.45
2018.02.13 06:20:38.136,1.25727,1.25735,1.00,1.20
2018.02.13 06:20:38.640,1.25727,1.25735,1.00,1.95
2018.02.13 06:20:49.822,1.25727,1.25734,1.00,1.45
2018.02.13 06:20:57.344,1.25725,1.25732,1.00,1.00
2018.02.13 06:20:58.010,1.25725,1.25732,1.00,1.20
2018.02.13 06:21:06.934,1.25725,1.25731,1.00,1.20
2018.02.13 06:21:10.038,1.25725,1.25731,1.00,1.20
2018.02.13 06:21:12.907,1.25726,1.25736,1.00,3.07
2018.02.13 06:21:12.961,1.25729,1.25736,1.00,1.95
2018.02.13 06:21:13.013,1.25729,1.25736,1.00,1.20
2018.02.13 06:21:13.527,1.2573,1.25735,1.00,1.00
2018.02.13 06:21:15.117,1.2573,1.25737,1.00,2.32
2018.02.13 06:21:16.344,1.25727,1.25735,1.87,1.57
2018.02.13 06:21:16.528,1.25725,1.25733,1.50,1.10
2018.02.13 06:21:17.236,1.25725,1.25732,1.00,1.00
2018.02.13 06:21:19.358,1.25725,1.25732,1.00,1.20
2018.02.13 06:21:19.966,1.25724,1.25731,1.00,1.00
2018.02.13 06:21:20.628,1.25724,1.25731,1.00,1.20
2018.02.13 06:21:22.635,1.25724,1.2573,1.00,1.20
2018.02.13 06:21:24.120,1.25724,1.2573,1.00,1.00
2018.02.13 06:21:26.870,1.25724,1.25729,1.12,1.00
2018.02.13 06:21:27.497,1.25724,1.2573,1.00,1.00
2018.02.13 06:21:28.036,1.25723,1.25729,1.00,1.10
2018.02.13 06:21:44.367,1.25721,1.25729,1.50,1.10
2018.02.13 06:21:47.458,1.25721,1.25728,1.00,1.20
2018.02.13 06:21:47.611,1.25715,1.25725,1.87,1.00
2018.02.13 06:21:47.662,1.25715,1.25725,1.00,1.57
2018.02.13 06:21:47.991,1.25713,1.25721,2.25,1.10
2018.02.13 06:21:48.305,1.25716,1.25723,1.12,1.10
2018.02.13 06:21:48.407,1.25716,1.25725,1.00,1.20
2018.02.13 06:21:48.509,1.25715,1.25724,1.00,1.20
2018.02.13 06:21:50.153,1.25715,1.25724,1.50,1.45
2018.02.13 06:21:51.000,1.25716,1.25724,1.00,1.10
2018.02.13 06:21:51.596,1.25717,1.25724,1.00,1.10
2018.02.13 06:21:52.533,1.25717,1.25724,1.00,1.20
2018.02.13 06:21:53.048,1.25716,1.25725,1.00,1.20
2018.02.13 06:21:55.978,1.25716,1.25725,3.00,1.20
2018.02.13 06:21:56.082,1.25717,1.25726,1.50,1.00
2018.02.13 06:21:57.968,1.25717,1.25726,1.50,1.00
2018.02.13 06:21:58.864,1.25716,1.25726,1.12,1.00
2018.02.13 06:21:59.020,1.25716,1.25726,1.85,1.00
2018.02.13 06:22:00.075,1.25716,1.25726,1.20,1.00
2018.02.13 06:22:00.179,1.25718,1.25726,1.00,1.00
2018.02.13 06:22:00.684,1.25717,1.25726,1.00,1.00
2018.02.13 06:22:01.068,1.25717,1.25724,1.00,1.00
2018.02.13 06:22:01.430,1.25717,1.25726,1.12,1.00
2018.02.13 06:22:02.056,1.25717,1.25725,1.00,1.00
2018.02.13 06:22:02.399,1.25715,1.25725,1.87,1.00
2018.02.13 06:22:03.046,1.25716,1.25726,1.50,2.32
2018.02.13 06:22:09.698,1.25716,1.25726,3.00,1.50
2018.02.13 06:22:09.750,1.2572,1.25728,1.00,1.20
2018.02.13 06:22:10.307,1.2572,1.25728,1.00,1.50
2018.02.13 06:22:16.180,1.25719,1.25727,1.12,1.00
2018.02.13 06:22:20.447,1.25717,1.25727,1.50,1.00
2018.02.13 06:22:25.388,1.25717,1.25727,2.62,1.00
2018.02.13 06:22:26.154,1.25718,1.25727,1.50,1.00
2018.02.13 06:22:27.185,1.25717,1.25727,1.00,1.50
2018.02.13 06:22:27.733,1.25717,1.25727,1.50,1.00
2018.02.13 06:22:30.183,1.25717,1.25727,4.20,1.00
2018.02.13 06:22:30.427,1.25717,1.25727,1.57,1.00
2018.02.13 06:22:31.626,1.25718,1.25727,3.00,1.00
2018.02.13 06:22:31.934,1.25719,1.25729,3.00,1.50
2018.02.13 06:22:32.757,1.2572,1.25729,1.00,1.50
2018.02.13 06:22:35.927,1.25716,1.25725,1.20,1.00
2018.02.13 06:22:36.556,1.25717,1.25727,1.87,1.10
2018.02.13 06:22:38.306,1.25717,1.25726,1.12,1.00
2018.02.13 06:22:38.823,1.25718,1.25726,1.12,1.00
2018.02.13 06:22:43.895,1.25716,1.25726,2.32,1.00
2018.02.13 06:22:44.466,1.25716,1.25724,1.87,1.00
2018.02.13 06:22:44.519,1.25716,1.25726,1.12,1.00
2018.02.13 06:22:46.378,1.25716,1.25726,1.37,1.00
2018.02.13 06:22:46.953,1.25716,1.25726,1.12,1.00
2018.02.13 06:22:47.496,1.25716,1.25726,3.75,1.00
2018.02.13 06:22:48.921,1.25716,1.25726,1.12,1.00
2018.02.13 06:22:49.447,1.25716,1.25726,1.47,1.00
2018.02.13 06:22:50.183,1.25717,1.25726,1.57,1.00
2018.02.13 06:22:51.013,1.25717,1.25726,1.57,1.00
2018.02.13 06:22:52.235,1.25717,1.25726,1.57,1.00
2018.02.13 06:22:52.673,1.25718,1.25728,1.12,1.50
2018.02.13 06:22:53.394,1.25717,1.25728,1.57,1.50
2018.02.13 06:22:53.897,1.25718,1.25728,1.12,1.00
2018.02.13 06:22:56.405,1.25719,1.25727,2.25,1.00
2018.02.13 06:22:56.950,1.2572,1.25729,1.00,2.25
2018.02.13 06:22:59.430,1.2572,1.25729,1.37,1.50
2018.02.13 06:23:00.937,1.2572,1.25729,1.50,1.50
2018.02.13 06:23:02.810,1.25719,1.25729,1.50,1.50
2018.02.13 06:23:03.332,1.25719,1.25729,1.50,1.00
2018.02.13 06:23:07.905,1.2572,1.2573,1.12,1.57
2018.02.13 06:23:08.225,1.25721,1.2573,3.37,1.87
2018.02.13 06:23:09.407,1.2572,1.25729,1.87,1.00
2018.02.13 06:23:10.973,1.2572,1.25729,1.50,1.00
2018.02.13 06:23:12.005,1.2572,1.25729,1.50,1.00
2018.02.13 06:23:22.050,1.25719,1.25729,3.37,1.00
2018.02.13 06:23:22.429,1.25719,1.25729,1.50,1.00
2018.02.13 06:23:22.963,1.25719,1.25729,2.25,1.00
2018.02.13 06:23:23.496,1.25721,1.25729,1.00,1.10
2018.02.13 06:23:28.355,1.25722,1.25732,3.37,1.20
2018.02.13 06:23:29.054,1.25723,1.25731,1.00,1.10
2018.02.13 06:23:30.354,1.25723,1.25732,1.50,1.20
2018.02.13 06:23:36.215,1.25723,1.25731,1.50,1.00
2018.02.13 06:23:40.692,1.25726,1.25736,1.00,3.49
2018.02.13 06:23:40.921,1.25726,1.25736,1.50,1.10
2018.02.13 06:23:43.132,1.25727,1.25736,1.37,1.00
2018.02.13 06:23:43.675,1.25726,1.25736,3.00,1.00
2018.02.13 06:23:47.606,1.25726,1.25736,3.00,1.00
2018.02.13 06:24:01.326,1.25727,1.25736,1.00,1.00
2018.02.13 06:24:04.805,1.25727,1.25735,1.00,1.00
2018.02.13 06:24:05.521,1.25727,1.25736,1.00,1.00
2018.02.13 06:24:06.064,1.25728,1.25736,1.00,1.00
2018.02.13 06:24:11.617,1.25729,1.25736,1.00,1.00
2018.02.13 06:24:11.669,1.25729,1.25738,1.00,1.50
2018.02.13 06:24:12.204,1.25728,1.25738,1.87,1.50
2018.02.13 06:24:14.361,1.25728,1.25737,1.12,1.00
2018.02.13 06:24:14.872,1.25728,1.25738,2.62,1.87
2018.02.13 06:24:19.440,1.25728,1.25737,1.12,1.00
2018.02.13 06:24:27.016,1.25729,1.25736,1.50,1.00
2018.02.13 06:24:27.068,1.25728,1.25738,3.75,1.00
2018.02.13 06:24:27.605,1.25729,1.25738,1.50,1.00
2018.02.13 06:24:28.149,1.2573,1.25738,1.00,1.50
2018.02.13 06:24:28.681,1.2573,1.25737,1.00,1.00
2018.02.13 06:24:31.740,1.25731,1.25739,1.50,2.25
2018.02.13 06:24:32.547,1.2573,1.25739,1.00,2.25
2018.02.13 06:24:33.086,1.2573,1.25738,1.50,2.25
2018.02.13 06:24:33.713,1.2573,1.25738,1.50,2.70
2018.02.13 06:24:34.618,1.2573,1.25738,1.00,1.95
2018.02.13 06:24:39.939,1.25728,1.25737,1.12,1.10
2018.02.13 06:24:40.452,1.25728,1.25736,1.00,1.10
2018.02.13 06:24:44.064,1.25728,1.25734,1.00,1.00
2018.02.13 06:24:44.116,1.25725,1.25734,1.00,1.00
2018.02.13 06:24:44.219,1.25723,1.25732,1.12,1.00
2018.02.13 06:24:44.646,1.25726,1.25733,1.00,1.95
2018.02.13 06:24:44.698,1.25724,1.25732,1.50,1.00
2018.02.13 06:24:45.237,1.25723,1.25732,3.75,1.00
2018.02.13 06:24:45.768,1.25723,1.25732,1.50,1.20
2018.02.13 06:24:46.091,1.25722,1.25732,3.00,1.20
2018.02.13 06:24:50.246,1.25723,1.25732,1.00,1.20
2018.02.13 06:24:51.897,1.25722,1.25732,2.25,1.10
2018.02.13 06:24:54.656,1.25723,1.2573,1.00,1.00
2018.02.13 06:24:55.110,1.25722,1.25732,2.62,1.00
2018.02.13 06:24:55.704,1.25722,1.25729,1.00,1.00
2018.02.13 06:24:58.458,1.25721,1.25729,1.00,1.00
2018.02.13 06:24:58.798,1.25721,1.25729,1.75,1.00
2018.02.13 06:24:58.849,1.25721,1.25729,1.00,1.00
2018.02.13 06:25:02.849,1.25721,1.25729,1.75,1.00
2018.02.13 06:25:02.952,1.25721,1.25729,1.00,1.10
2018.02.13 06:25:06.376,1.25721,1.25728,1.00,1.95
2018.02.13 06:25:06.480,1.25716,1.25726,3.37,2.70
2018.02.13 06:25:07.027,1.25715,1.25724,1.00,1.00
2018.02.13 06:25:07.540,1.25713,1.25723,2.25,1.10
2018.02.13 06:25:08.938,1.25714,1.25723,1.00,1.00
2018.02.13 06:25:09.393,1.25718,1.25724,1.00,1.20
2018.02.13 06:25:09.497,1.25718,1.25726,1.00,1.10
2018.02.13 06:25:10.011,1.25717,1.25726,1.00,1.00
2018.02.13 06:25:13.934,1.25717,1.25724,1.00,1.00
2018.02.13 06:25:14.451,1.25715,1.25724,1.12,1.10
2018.02.13 06:25:15.154,1.25714,1.25724,1.12,1.00
2018.02.13 06:25:16.731,1.25713,1.25724,3.37,1.10
2018.02.13 06:25:17.463,1.25713,1.25723,3.00,1.00
2018.02.13 06:25:17.989,1.25713,1.25723,1.87,1.95
2018.02.13 06:25:18.278,1.25716,1.25724,1.00,1.95
2018.02.13 06:25:18.334,1.25717,1.25726,1.00,1.76
2018.02.13 06:25:18.887,1.25716,1.25725,1.87,1.00
2018.02.13 06:25:19.227,1.25715,1.25723,1.00,1.00
2018.02.13 06:25:20.133,1.25717,1.25725,1.12,1.20
2018.02.13 06:25:20.475,1.25719,1.25726,1.00,1.00
2018.02.13 06:25:31.156,1.25719,1.25727,1.00,1.00
2018.02.13 06:25:32.392,1.25719,1.25729,4.12,1.00
2018.02.13 06:25:32.445,1.2572,1.25729,3.00,1.00
2018.02.13 06:25:32.775,1.25723,1.2573,1.50,1.00
2018.02.13 06:25:33.128,1.25727,1.25734,1.00,1.10
2018.02.13 06:25:33.334,1.25724,1.25734,1.50,1.00
2018.02.13 06:25:33.484,1.25724,1.25732,1.00,1.50
2018.02.13 06:25:34.627,1.25723,1.25732,1.10,1.00
2018.02.13 06:25:34.935,1.25725,1.25731,1.00,1.00
2018.02.13 06:25:35.788,1.25724,1.25731,1.00,1.00
2018.02.13 06:25:36.309,1.25724,1.25732,1.00,1.00
2018.02.13 06:25:36.915,1.25724,1.25731,1.00,1.00
2018.02.13 06:25:37.607,1.25724,1.25732,1.10,1.00
2018.02.13 06:25:41.191,1.25724,1.25731,1.00,1.00
2018.02.13 06:25:42.494,1.25724,1.25729,1.00,1.00
2018.02.13 06:25:42.647,1.25725,1.25731,1.00,1.50
2018.02.13 06:25:42.699,1.25725,1.25729,1.00,1.00
2018.02.13 06:25:42.801,1.25724,1.25731,1.00,1.50
2018.02.13 06:25:42.903,1.25724,1.25729,1.00,1.00
2018.02.13 06:25:43.415,1.25725,1.2573,1.00,1.00
2018.02.13 06:25:44.565,1.2572,1.2573,2.32,1.00
2018.02.13 06:25:50.308,1.2572,1.2573,3.45,1.00
2018.02.13 06:25:51.479,1.2572,1.2573,1.95,1.50
2018.02.13 06:25:51.995,1.2572,1.2573,1.20,1.50
2018.02.13 06:25:52.502,1.2572,1.2573,1.95,1.00
2018.02.13 06:25:52.646,1.25727,1.25731,1.00,1.50
2018.02.13 06:25:53.357,1.25727,1.25731,1.00,1.00
2018.02.13 06:26:04.676,1.25727,1.25733,1.00,1.50
2018.02.13 06:26:07.566,1.25726,1.25733,1.00,1.00
2018.02.13 06:26:08.344,1.25727,1.25733,1.00,2.25
2018.02.13 06:26:09.631,1.25723,1.25733,1.00,1.00
2018.02.13 06:26:09.965,1.25727,1.25733,1.00,1.50
2018.02.13 06:26:16.686,1.25726,1.2573,1.00,1.00
2018.02.13 06:26:17.145,1.25727,1.25732,1.00,1.00
2018.02.13 06:26:17.755,1.25727,1.25731,1.00,1.00
2018.02.13 06:26:26.766,1.25726,1.25731,1.00,1.00
2018.02.13 06:26:27.355,1.25726,1.25732,1.00,1.20
2018.02.13 06:26:33.982,1.25727,1.25733,1.00,1.10
2018.02.13 06:26:35.624,1.25727,1.25732,1.00,1.00
2018.02.13 06:26:36.921,1.25727,1.25734,1.00,1.45
2018.02.13 06:26:37.025,1.25727,1.25736,1.00,3.45
2018.02.13 06:26:39.323,1.25727,1.25735,1.00,1.95
2018.02.13 06:26:43.421,1.25726,1.25735,1.50,1.20
2018.02.13 06:26:46.380,1.25726,1.25736,1.50,1.95
2018.02.13 06:26:46.913,1.25727,1.25736,1.00,1.95
2018.02.13 06:26:47.456,1.25727,1.25735,1.00,1.20
2018.02.13 06:26:50.050,1.25727,1.25736,1.00,1.10
2018.02.13 06:26:52.540,1.25727,1.25734,1.50,1.00
2018.02.13 06:26:57.739,1.25727,1.25736,1.00,1.95
2018.02.13 06:26:58.532,1.25727,1.25736,1.00,1.95
2018.02.13 06:27:04.886,1.25727,1.25736,1.50,1.10
2018.02.13 06:27:07.011,1.2573,1.25736,1.00,1.95
2018.02.13 06:27:07.318,1.25738,1.25744,1.00,1.95
2018.02.13 06:27:07.370,1.25736,1.25744,1.50,1.00
2018.02.13 06:27:07.798,1.25738,1.25745,1.00,1.10
2018.02.13 06:27:08.497,1.25738,1.25743,1.00,1.00
2018.02.13 06:27:09.065,1.25737,1.25743,1.50,1.00
2018.02.13 06:27:09.583,1.25738,1.25743,1.00,1.00
2018.02.13 06:27:10.087,1.25737,1.25744,1.50,1.00
2018.02.13 06:27:10.347,1.25735,1.25743,1.00,1.00
2018.02.13 06:27:10.871,1.25735,1.25743,1.00,1.95
2018.02.13 06:27:14.557,1.25735,1.25743,1.00,1.00
2018.02.13 06:27:15.176,1.25734,1.25743,3.00,1.10
2018.02.13 06:27:16.205,1.25735,1.25743,1.00,1.10
2018.02.13 06:27:22.008,1.25734,1.25744,7.12,1.00
2018.02.13 06:27:22.793,1.25736,1.25744,1.50,1.00
2018.02.13 06:27:23.367,1.25735,1.25744,1.00,1.10
2018.02.13 06:27:24.508,1.25735,1.25743,1.00,1.10
2018.02.13 06:27:27.964,1.25734,1.25743,2.25,1.00
2018.02.13 06:27:28.466,1.25734,1.25743,1.12,1.95
2018.02.13 06:27:30.441,1.25733,1.25737,1.12,1.00
2018.02.13 06:27:30.494,1.25733,1.25739,1.00,1.00
2018.02.13 06:27:30.803,1.2573,1.25736,5.25,1.00
2018.02.13 06:27:31.070,1.25728,1.25735,1.00,1.00
2018.02.13 06:27:31.634,1.25727,1.25735,1.87,1.00
2018.02.13 06:27:34.129,1.25727,1.25734,1.12,1.00
2018.02.13 06:27:34.344,1.25727,1.25732,1.50,1.00
2018.02.13 06:27:34.448,1.25728,1.25734,1.00,1.10
2018.02.13 06:27:35.073,1.25727,1.25733,1.00,1.20
2018.02.13 06:27:42.911,1.25725,1.25733,1.00,1.10
2018.02.13 06:27:43.703,1.25726,1.25733,1.00,1.00
2018.02.13 06:27:44.365,1.25725,1.25733,1.00,1.00
2018.02.13 06:27:45.481,1.25723,1.25733,4.50,1.10
2018.02.13 06:27:45.618,1.25721,1.25727,1.50,1.00
2018.02.13 06:27:46.269,1.25722,1.25727,1.00,1.00
2018.02.13 06:27:48.093,1.25721,1.25725,1.87,1.00
2018.02.13 06:27:48.644,1.25721,1.25725,1.87,1.00
2018.02.13 06:27:50.133,1.2572,1.25726,1.50,1.20
2018.02.13 06:27:50.677,1.2572,1.25725,1.12,1.20
2018.02.13 06:27:52.512,1.25718,1.25722,1.00,1.00
2018.02.13 06:27:52.819,1.25715,1.25721,1.50,1.95
2018.02.13 06:27:52.975,1.25714,1.25718,1.50,1.00
2018.02.13 06:27:53.079,1.25715,1.2572,1.00,1.00
2018.02.13 06:27:53.580,1.25715,1.25721,1.00,1.00
2018.02.13 06:27:54.109,1.25716,1.25721,1.00,1.00
2018.02.13 06:27:54.742,1.25715,1.25721,1.00,1.00
2018.02.13 06:27:54.794,1.25714,1.25719,1.00,1.00
2018.02.13 06:27:55.337,1.25715,1.25719,1.00,1.00
2018.02.13 06:27:57.254,1.25713,1.25719,1.50,1.00
2018.02.13 06:27:58.231,1.25714,1.25719,1.00,1.00
2018.02.13 06:27:58.768,1.25714,1.25718,1.00,1.00
2018.02.13 06:27:59.949,1.25712,1.25718,1.50,1.00
2018.02.13 06:28:00.288,1.25714,1.25718,1.00,1.00
2018.02.13 06:28:05.477,1.25713,1.25718,1.00,1.20
2018.02.13 06:28:05.688,1.25711,1.25717,1.87,1.00
2018.02.13 06:28:05.793,1.25713,1.25717,1.00,1.95
2018.02.13 06:28:06.360,1.25713,1.25717,1.00,1.00
2018.02.13 06:28:06.948,1.25714,1.25718,1.00,1.10
2018.02.13 06:28:08.421,1.25711,1.25717,1.75,1.00
2018.02.13 06:28:09.002,1.2571,1.25717,1.50,1.00
2018.02.13 06:28:12.915,1.2571,1.25717,3.00,1.00
2018.02.13 06:28:13.568,1.25709,1.25718,3.37,1.95
2018.02.13 06:28:16.052,1.25709,1.25718,2.62,1.95
2018.02.13 06:28:16.154,1.25711,1.25717,1.12,1.00
2018.02.13 06:28:16.206,1.2571,1.25717,2.25,1.00
2018.02.13 06:28:17.096,1.25711,1.25717,1.12,1.00
2018.02.13 06:28:17.655,1.25711,1.25716,1.12,1.00
2018.02.13 06:28:18.693,1.25711,1.25718,1.75,1.95
2018.02.13 06:28:18.796,1.25709,1.25716,3.00,1.00
2018.02.13 06:28:20.291,1.25709,1.25715,1.50,1.00
2018.02.13 06:28:20.902,1.25709,1.25715,1.00,1.00
2018.02.13 06:28:21.562,1.25708,1.25716,5.25,1.00
2018.02.13 06:28:22.097,1.25708,1.25716,2.25,1.10
2018.02.13 06:28:23.031,1.25709,1.25716,2.62,1.00
2018.02.13 06:28:23.548,1.25709,1.25716,1.87,1.00
2018.02.13 06:28:25.146,1.25709,1.25716,3.00,1.00
2018.02.13 06:28:26.116,1.25709,1.25716,1.50,1.00
2018.02.13 06:28:30.521,1.25709,1.25716,2.25,1.00
2018.02.13 06:28:31.134,1.25709,1.25716,1.50,1.00
2018.02.13 06:28:38.440,1.25709,1.25715,1.50,1.00
2018.02.13 06:28:42.020,1.25708,1.25717,6.37,1.00
2018.02.13 06:28:46.014,1.25711,1.25717,1.50,1.00
2018.02.13 06:28:46.414,1.25712,1.25717,1.50,1.00
2018.02.13 06:28:47.552,1.25712,1.25718,1.50,1.00
2018.02.13 06:28:48.046,1.25712,1.25716,1.00,1.00
2018.02.13 06:28:48.664,1.25711,1.25715,1.87,1.00
2018.02.13 06:28:48.973,1.25709,1.25717,4.87,1.00
2018.02.13 06:28:49.795,1.25709,1.25715,1.75,1.00
2018.02.13 06:28:52.993,1.25709,1.25715,1.12,1.00
2018.02.13 06:28:53.525,1.2571,1.25715,1.00,1.00
2018.02.13 06:28:54.069,1.25711,1.25716,1.00,1.00
2018.02.13 06:28:54.121,1.25711,1.25717,1.75,1.10
2018.02.13 06:28:55.099,1.2571,1.25716,1.75,1.00
2018.02.13 06:29:01.605,1.2571,1.25717,3.75,1.10
2018.02.13 06:29:09.738,1.25712,1.25717,2.25,1.00
2018.02.13 06:29:10.906,1.25713,1.2572,3.75,2.70
2018.02.13 06:29:10.958,1.25715,1.2572,1.00,1.95
2018.02.13 06:29:11.401,1.25713,1.25717,1.12,1.00
2018.02.13 06:29:18.362,1.25713,1.2572,2.25,2.70
2018.02.13 06:29:18.966,1.25711,1.25717,3.00,1.00
2018.02.13 06:29:21.780,1.25712,1.25717,1.50,1.00
2018.02.13 06:29:22.062,1.25715,1.25719,1.00,1.00
2018.02.13 06:29:22.563,1.25711,1.25718,3.75,1.00
2018.02.13 06:29:23.315,1.25711,1.25718,3.00,1.00
2018.02.13 06:29:23.802,1.25709,1.25718,4.95,1.00
2018.02.13 06:29:23.906,1.25711,1.25718,1.00,1.00
2018.02.13 06:29:25.003,1.2571,1.25718,1.12,1.00
2018.02.13 06:29:25.543,1.25711,1.25718,1.00,1.00
2018.02.13 06:29:26.094,1.2571,1.25718,1.00,1.00
2018.02.13 06:29:26.688,1.25709,1.25715,1.00,1.00
2018.02.13 06:29:27.041,1.2571,1.25719,1.50,1.50
2018.02.13 06:29:27.721,1.2571,1.25717,1.50,1.00
2018.02.13 06:29:28.254,1.25711,1.25717,1.00,1.00
2018.02.13 06:29:28.846,1.25712,1.25717,1.00,1.00
2018.02.13 06:29:29.855,1.25711,1.25717,1.00,1.00
2018.02.13 06:29:37.964,1.25711,1.25719,1.50,1.87
2018.02.13 06:29:38.223,1.25715,1.2572,1.00,1.50
2018.02.13 06:29:42.418,1.25716,1.2572,1.00,2.25
2018.02.13 06:29:48.456,1.25714,1.25718,1.50,1.00
2018.02.13 06:29:48.508,1.25714,1.25718,1.00,1.00
2018.02.13 06:29:49.292,1.25713,1.25718,1.00,1.00
2018.02.13 06:29:50.930,1.25712,1.25718,1.00,1.00
2018.02.13 06:29:51.033,1.25712,1.25716,1.00,1.00
2018.02.13 06:29:51.700,1.25711,1.25716,1.00,1.00
2018.02.13 06:30:06.210,1.25713,1.25717,1.00,1.00
2018.02.13 06:30:06.263,1.25712,1.25719,1.00,1.50
2018.02.13 06:30:06.369,1.25715,1.25719,2.25,1.00
2018.02.13 06:30:06.512,1.25715,1.25719,1.50,1.00
2018.02.13 06:30:06.565,1.25713,1.25722,1.00,2.25
2018.02.13 06:30:06.943,1.25713,1.2572,1.00,1.00
2018.02.13 06:30:09.120,1.25713,1.25718,1.00,1.00
2018.02.13 06:30:09.649,1.25713,1.25719,1.00,1.00
2018.02.13 06:30:15.148,1.25711,1.25718,1.00,1.00
2018.02.13 06:30:18.520,1.25713,1.25719,1.00,1.00
2018.02.13 06:30:18.830,1.25717,1.25722,1.12,1.00
2018.02.13 06:30:25.102,1.25718,1.25722,1.00,1.00
2018.02.13 06:30:41.167,1.25714,1.25721,3.82,1.00
2018.02.13 06:30:48.514,1.25712,1.25721,1.00,1.50
2018.02.13 06:30:56.984,1.25717,1.25721,1.00,1.00
2018.02.13 06:30:57.088,1.25715,1.25723,2.25,1.50
2018.02.13 06:30:57.244,1.25715,1.2572,1.00,1.00
2018.02.13 06:30:57.807,1.25714,1.2572,1.00,1.00
2018.02.13 06:30:58.518,1.25712,1.2572,1.00,1.00
2018.02.13 06:31:02.716,1.25712,1.2572,1.75,1.00
2018.02.13 06:31:07.661,1.25716,1.2572,1.00,1.00
2018.02.13 06:31:07.765,1.25715,1.25723,3.00,1.00
2018.02.13 06:31:16.754,1.25719,1.25726,1.00,1.00
2018.02.13 06:31:18.293,1.25719,1.25726,1.50,1.00
2018.02.13 06:31:21.626,1.25719,1.25726,1.12,1.00
2018.02.13 06:31:23.245,1.25721,1.25726,1.00,1.00
2018.02.13 06:31:23.787,1.25719,1.25726,1.12,1.00
2018.02.13 06:31:26.825,1.25724,1.25728,1.50,1.00
2018.02.13 06:31:26.878,1.25725,1.25731,2.62,1.50
2018.02.13 06:31:27.267,1.25724,1.25733,1.12,2.81
2018.02.13 06:31:27.319,1.25726,1.25733,1.00,1.50
2018.02.13 06:31:27.475,1.25724,1.25733,1.12,1.50
2018.02.13 06:31:28.344,1.25724,1.2573,1.12,1.00
2018.02.13 06:31:28.661,1.25723,1.2573,1.75,1.00
2018.02.13 06:31:29.042,1.25723,1.2573,1.50,1.00
2018.02.13 06:31:31.143,1.25723,1.25732,1.50,1.00
2018.02.13 06:31:32.970,1.25723,1.25732,1.75,1.00
2018.02.13 06:31:36.046,1.25723,1.25732,3.00,1.00
2018.02.13 06:31:37.504,1.25723,1.25732,2.25,1.00
2018.02.13 06:31:38.838,1.25723,1.25731,1.75,1.00
2018.02.13 06:31:39.333,1.25723,1.25731,1.00,1.00
2018.02.13 06:31:39.848,1.25723,1.2573,1.00,1.00
2018.02.13 06:31:41.174,1.25721,1.2573,1.12,1.00
2018.02.13 06:31:42.884,1.25721,1.2573,1.75,1.00
2018.02.13 06:31:43.460,1.25723,1.2573,1.00,1.00
2018.02.13 06:31:45.239,1.25721,1.2573,1.12,1.00
2018.02.13 06:31:45.965,1.2572,1.25729,1.50,1.00
2018.02.13 06:31:48.462,1.2572,1.25729,1.87,1.00
2018.02.13 06:31:48.647,1.2572,1.25729,3.75,1.00
2018.02.13 06:31:49.243,1.2572,1.25729,1.87,1.00
2018.02.13 06:31:52.945,1.25721,1.2573,1.00,1.50
2018.02.13 06:31:53.664,1.25721,1.2573,1.75,1.50
2018.02.13 06:31:53.715,1.25721,1.2573,1.00,2.25
2018.02.13 06:31:55.077,1.25721,1.2573,1.75,2.25
2018.02.13 06:31:55.213,1.25721,1.2573,1.00,1.50
2018.02.13 06:31:58.747,1.25721,1.25726,1.50,1.00
2018.02.13 06:32:04.604,1.25722,1.25726,1.00,1.00
2018.02.13 06:32:05.018,1.2572,1.25726,1.00,1.00
2018.02.13 06:32:06.499,1.25718,1.25726,3.00,1.00
2018.02.13 06:32:06.551,1.2572,1.25726,1.00,1.00
2018.02.13 06:32:06.875,1.25722,1.25728,1.00,1.50
2018.02.13 06:32:07.435,1.25721,1.25728,2.25,2.25
2018.02.13 06:32:15.434,1.25721,1.25726,1.50,1.00
2018.02.13 06:32:15.849,1.25718,1.25724,1.00,1.00
2018.02.13 06:32:38.217,1.25716,1.25724,1.50,1.00
2018.02.13 06:32:38.424,1.25718,1.25724,1.00,1.00
2018.02.13 06:32:38.578,1.25716,1.25724,1.00,1.00
2018.02.13 06:32:39.125,1.25717,1.25723,1.00,1.00
2018.02.13 06:32:39.665,1.25716,1.25723,1.50,1.00
2018.02.13 06:32:45.556,1.25717,1.25724,1.00,1.50
2018.02.13 06:32:46.748,1.25717,1.25722,1.00,1.00
2018.02.13 06:32:47.277,1.25716,1.25722,1.00,1.00
2018.02.13 06:32:52.420,1.25719,1.25725,1.00,2.25
2018.02.13 06:32:52.954,1.25718,1.25725,1.00,2.25
2018.02.13 06:33:20.369,1.25717,1.25725,1.00,2.25
2018.02.13 06:33:27.645,1.25716,1.25722,1.50,1.00
2018.02.13 06:33:28.160,1.25717,1.25722,1.00,1.00
2018.02.13 06:33:33.856,1.25718,1.25724,1.00,1.00
2018.02.13 06:33:35.075,1.25717,1.25724,1.00,1.00
2018.02.13 06:33:35.127,1.25717,1.25722,1.00,1.00
2018.02.13 06:33:35.685,1.25716,1.25722,1.50,1.00
2018.02.13 06:33:36.839,1.25714,1.25722,1.00,1.00
2018.02.13 06:33:37.343,1.25713,1.25722,1.12,1.50
2018.02.13 06:33:44.541,1.25713,1.2572,1.50,1.00
2018.02.13 06:33:45.158,1.25713,1.2572,1.00,1.00
2018.02.13 06:33:48.667,1.25713,1.25719,1.00,1.00
2018.02.13 06:34:00.085,1.25715,1.25719,2.25,1.00
2018.02.13 06:34:00.137,1.25715,1.25722,2.25,1.00
2018.02.13 06:34:00.645,1.25714,1.25721,1.00,1.00
2018.02.13 06:34:05.253,1.25714,1.2572,1.00,1.00
2018.02.13 06:34:05.459,1.25711,1.2572,1.50,1.50
2018.02.13 06:34:06.661,1.25711,1.2572,1.00,1.50
2018.02.13 06:34:08.032,1.25711,1.25719,1.00,1.00
2018.02.13 06:34:08.240,1.25711,1.25717,1.50,1.00
2018.02.13 06:34:47.435,1.25711,1.2572,1.50,1.50
2018.02.13 06:34:48.306,1.25712,1.2572,1.00,1.50
2018.02.13 06:34:49.159,1.25715,1.2572,1.00,1.00
2018.02.13 06:34:49.312,1.25713,1.2572,1.00,1.00
2018.02.13 06:34:51.957,1.25716,1.25722,1.50,1.00
2018.02.13 06:34:52.737,1.25717,1.25723,1.00,1.00
2018.02.13 06:34:53.399,1.25717,1.25724,1.00,1.50
2018.02.13 06:34:55.044,1.25718,1.25724,1.00,1.50
2018.02.13 06:35:15.026,1.25718,1.25726,1.00,1.00
2018.02.13 06:35:15.562,1.25718,1.25725,1.00,1.00
2018.02.13 06:35:38.410,1.25718,1.25727,1.00,1.00
2018.02.13 06:35:38.955,1.25719,1.25726,1.00,1.00
2018.02.13 06:35:40.646,1.25723,1.25727,1.50,1.00
2018.02.13 06:35:40.799,1.25722,1.25729,1.00,1.00
2018.02.13 06:35:40.903,1.2572,1.25729,1.50,1.00
2018.02.13 06:35:41.077,1.2572,1.25727,1.50,1.00
2018.02.13 06:35:41.385,1.25725,1.25731,1.00,1.10
2018.02.13 06:35:41.438,1.25725,1.25733,1.50,1.00
2018.02.13 06:35:41.542,1.25726,1.25735,1.00,1.12
2018.02.13 06:35:43.156,1.25727,1.25735,1.00,1.00
2018.02.13 06:36:05.304,1.25727,1.25736,1.50,1.00
2018.02.13 06:36:20.436,1.25727,1.25735,1.00,1.00
2018.02.13 06:36:20.645,1.25725,1.25734,1.50,1.00
2018.02.13 06:36:24.082,1.25726,1.25735,1.00,1.12
2018.02.13 06:36:32.664,1.25727,1.25736,1.00,1.00
2018.02.13 06:36:40.769,1.25728,1.25735,1.00,1.00
2018.02.13 06:36:52.194,1.25729,1.25736,1.00,1.00
2018.02.13 06:36:52.246,1.2573,1.25738,1.75,1.00
2018.02.13 06:36:52.371,1.2573,1.25738,1.75,1.00
2018.02.13 06:36:52.424,1.25734,1.2574,1.00,1.00
2018.02.13 06:36:52.476,1.25736,1.25743,2.25,3.45
2018.02.13 06:36:52.529,1.25736,1.25744,2.25,1.00
2018.02.13 06:36:53.159,1.25735,1.25744,2.10,1.50
2018.02.13 06:36:58.321,1.25735,1.25743,1.00,1.50
2018.02.13 06:37:02.965,1.25735,1.25744,1.50,1.00
2018.02.13 06:37:09.128,1.25737,1.25745,1.00,1.00
2018.02.13 06:37:09.686,1.25736,1.25745,1.00,1.00
2018.02.13 06:37:15.416,1.25736,1.25743,1.00,1.00
2018.02.13 06:37:16.074,1.25737,1.25744,1.00,1.00
2018.02.13 06:37:19.942,1.25736,1.25743,1.00,1.00
2018.02.13 06:37:20.638,1.25735,1.25744,1.50,1.00
2018.02.13 06:37:21.140,1.25736,1.25745,1.00,1.00
2018.02.13 06:37:24.430,1.25745,1.25749,1.00,3.45
2018.02.13 06:37:24.482,1.25745,1.2575,1.00,1.00
2018.02.13 06:37:24.534,1.25744,1.25752,1.50,1.00
2018.02.13 06:37:24.691,1.25744,1.2575,1.00,1.00
2018.02.13 06:37:24.900,1.25742,1.25749,1.00,1.00
2018.02.13 06:37:25.005,1.2574,1.25749,1.95,1.00
2018.02.13 06:37:25.506,1.25741,1.25748,1.00,1.00
2018.02.13 06:37:26.153,1.25738,1.25747,1.95,1.00
2018.02.13 06:37:26.767,1.25739,1.25746,1.50,1.00
2018.02.13 06:37:45.152,1.25737,1.25743,1.00,1.00
2018.02.13 06:37:55.717,1.25737,1.25742,1.00,1.00
2018.02.13 06:37:57.353,1.25737,1.25743,1.00,1.00
2018.02.13 06:37:58.149,1.25737,1.25744,1.50,1.00
2018.02.13 06:38:38.163,1.25736,1.25744,1.00,1.00
2018.02.13 06:38:43.394,1.25738,1.25746,1.00,1.00
2018.02.13 06:38:52.616,1.25738,1.25747,1.00,3.26
2018.02.13 06:38:58.604,1.2574,1.25747,1.00,1.00
2018.02.13 06:38:58.709,1.25743,1.25752,1.00,1.57
2018.02.13 06:38:59.239,1.25743,1.25752,1.00,1.00
2018.02.13 06:39:00.357,1.25742,1.25751,1.00,1.00
2018.02.13 06:39:03.841,1.25744,1.25752,1.00,1.50
2018.02.13 06:39:21.516,1.25744,1.25753,1.50,1.50
2018.02.13 06:39:23.068,1.25746,1.25754,1.00,1.50
2018.02.13 06:39:23.576,1.25745,1.25752,1.00,1.00
2018.02.13 06:39:28.244,1.25742,1.25751,1.50,1.00
2018.02.13 06:39:29.723,1.25742,1.2575,1.50,1.00
2018.02.13 06:39:29.930,1.2574,1.2575,1.12,1.69
2018.02.13 06:39:30.189,1.2574,1.25747,2.25,1.00
2018.02.13 06:39:30.783,1.2574,1.25747,1.00,1.00
2018.02.13 06:39:31.879,1.25741,1.2575,1.00,1.50
2018.02.13 06:39:33.956,1.25742,1.2575,1.00,1.00
2018.02.13 06:39:34.113,1.25744,1.25751,1.00,1.00
2018.02.13 06:39:34.832,1.25745,1.25751,1.00,1.00
2018.02.13 06:39:41.595,1.25745,1.25753,1.00,1.00
2018.02.13 06:39:42.687,1.25745,1.25751,1.00,1.00
2018.02.13 06:39:55.288,1.25743,1.2575,1.00,1.00
2018.02.13 06:40:03.448,1.25743,1.25751,1.00,1.00
2018.02.13 06:40:08.319,1.25743,1.2575,1.50,1.00
2018.02.13 06:40:08.929,1.25743,1.25751,1.00,1.25
2018.02.13 06:40:09.546,1.25743,1.25749,1.00,1.00
2018.02.13 06:40:09.700,1.25743,1.25752,1.00,1.50
2018.02.13 06:40:10.248,1.25743,1.25751,1.00,1.50
2018.02.13 06:40:10.860,1.25743,1.2575,1.50,1.00
2018.02.13 06:40:11.375,1.25743,1.25751,1.00,1.20
2018.02.13 06:40:12.030,1.25743,1.25751,1.00,1.20
2018.02.13 06:40:13.031,1.25743,1.25751,1.00,1.50
2018.02.13 06:40:13.846,1.25743,1.25751,1.00,1.20
2018.02.13 06:40:14.358,1.25743,1.25751,1.00,1.10
2018.02.13 06:40:16.020,1.25746,1.25751,1.00,1.00
2018.02.13 06:40:16.072,1.25742,1.25751,1.50,1.00
2018.02.13 06:40:16.125,1.25745,1.25753,1.00,1.20
2018.02.13 06:40:16.436,1.25743,1.2575,1.00,1.00
2018.02.13 06:40:16.746,1.25745,1.2575,1.00,1.00
2018.02.13 06:40:16.850,1.25741,1.25751,1.87,1.20
2018.02.13 06:40:16.953,1.25743,1.25751,1.00,1.20
2018.02.13 06:40:17.521,1.25743,1.25751,1.00,1.20
2018.02.13 06:40:18.254,1.25742,1.25751,1.50,1.45
2018.02.13 06:40:18.773,1.25743,1.2575,1.00,1.00
2018.02.13 06:40:19.288,1.25743,1.25751,1.50,1.00
2018.02.13 06:40:19.868,1.25742,1.25751,1.50,1.10
2018.02.13 06:40:20.278,1.25742,1.25751,1.50,1.45
2018.02.13 06:40:20.452,1.25742,1.25751,2.25,1.10
2018.02.13 06:40:20.970,1.25742,1.25751,1.50,1.57
2018.02.13 06:40:21.240,1.25742,1.25751,2.25,1.10
2018.02.13 06:40:21.630,1.25742,1.25752,1.50,1.20
2018.02.13 06:40:21.836,1.25743,1.2575,1.00,1.00
2018.02.13 06:40:22.326,1.25741,1.25751,1.87,1.00
2018.02.13 06:40:22.379,1.25743,1.2575,1.50,1.00
2018.02.13 06:40:23.055,1.25744,1.25752,1.00,1.57
2018.02.13 06:40:23.159,1.25742,1.25752,1.50,1.45
2018.02.13 06:40:26.887,1.25743,1.25751,1.00,1.00
2018.02.13 06:40:27.679,1.25743,1.25751,1.00,1.20
2018.02.13 06:40:28.203,1.25743,1.25751,1.00,1.00
2018.02.13 06:40:28.721,1.25742,1.25751,1.87,1.20
2018.02.13 06:40:29.610,1.25742,1.25752,1.87,1.10
2018.02.13 06:40:29.764,1.25745,1.25752,1.00,1.20
2018.02.13 06:40:36.176,1.25748,1.25752,1.00,1.00
2018.02.13 06:40:36.732,1.25745,1.25752,1.00,1.00
2018.02.13 06:40:37.300,1.25745,1.25752,1.50,1.00
2018.02.13 06:40:37.352,1.25754,1.25758,1.00,1.57
2018.02.13 06:40:37.456,1.25754,1.25758,1.00,1.00
2018.02.13 06:40:37.767,1.25754,1.2576,1.00,1.57
2018.02.13 06:40:38.311,1.25754,1.25759,1.00,1.00
2018.02.13 06:40:39.563,1.25754,1.2576,1.00,1.57
2018.02.13 06:40:41.414,1.25754,1.25759,1.00,1.00
2018.02.13 06:40:42.532,1.25754,1.2576,1.00,1.57
2018.02.13 06:40:43.100,1.25754,1.25759,1.00,1.00
2018.02.13 06:40:44.247,1.25754,1.2576,1.00,1.10
2018.02.13 06:40:45.926,1.25754,1.25761,1.12,3.07
2018.02.13 06:40:46.132,1.25754,1.25761,1.12,3.45
2018.02.13 06:40:46.396,1.25754,1.25761,1.00,1.57
2018.02.13 06:40:48.006,1.25754,1.25761,1.00,1.20
2018.02.13 06:40:48.609,1.25754,1.25761,1.00,1.20
2018.02.13 06:40:49.994,1.25754,1.25761,1.00,1.95
2018.02.13 06:40:50.751,1.25754,1.25761,1.00,1.45
2018.02.13 06:40:51.893,1.25751,1.25755,1.00,1.87
2018.02.13 06:40:51.945,1.25746,1.25754,1.12,1.00
2018.02.13 06:40:52.048,1.25745,1.25754,4.50,1.10
2018.02.13 06:40:52.308,1.25746,1.25753,1.12,1.00
2018.02.13 06:40:52.833,1.25747,1.25756,1.00,1.45
2018.02.13 06:40:52.936,1.25748,1.25757,1.12,1.20
2018.02.13 06:40:54.847,1.25746,1.25755,1.75,1.50
2018.02.13 06:40:55.707,1.25745,1.25755,3.00,1.45
2018.02.13 06:40:55.969,1.25745,1.25755,3.00,1.45
2018.02.13 06:40:56.021,1.25745,1.25755,3.75,2.32
2018.02.13 06:40:56.126,1.25745,1.25753,1.87,1.20
2018.02.13 06:40:56.230,1.25743,1.25753,1.75,1.95
2018.02.13 06:40:56.312,1.25743,1.25753,1.12,1.95
2018.02.13 06:40:56.869,1.25743,1.25751,1.50,1.20
2018.02.13 06:40:56.973,1.25742,1.25751,1.00,1.20
2018.02.13 06:40:57.550,1.25742,1.25751,1.00,1.20
2018.02.13 06:40:57.686,1.25744,1.25752,1.12,1.45
2018.02.13 06:40:58.423,1.25744,1.25752,1.00,1.45
2018.02.13 06:41:01.085,1.25744,1.25753,1.00,1.95
2018.02.13 06:41:01.636,1.25745,1.25753,1.00,1.95
2018.02.13 06:41:02.383,1.25745,1.25753,1.00,1.57
2018.02.13 06:41:04.263,1.25745,1.25753,1.00,1.95
2018.02.13 06:41:05.989,1.25745,1.25753,1.00,1.95
2018.02.13 06:41:11.724,1.25746,1.25753,1.00,1.10
2018.02.13 06:41:12.265,1.25747,1.25754,1.00,1.20
2018.02.13 06:41:13.306,1.25745,1.25753,1.00,1.00
2018.02.13 06:41:14.017,1.25745,1.25752,1.00,1.00
2018.02.13 06:41:15.128,1.25744,1.25752,1.00,1.20
2018.02.13 06:41:41.146,1.25745,1.25752,1.00,1.50
2018.02.13 06:41:44.016,1.25744,1.25752,1.00,1.00
2018.02.13 06:41:44.068,1.25744,1.25754,1.00,1.50
2018.02.13 06:41:49.419,1.25744,1.25753,1.00,1.00
2018.02.13 06:41:50.012,1.25744,1.25752,1.00,1.00
2018.02.13 06:41:50.995,1.25744,1.25753,1.00,1.00
2018.02.13 06:41:54.624,1.25744,1.25754,1.00,1.87
2018.02.13 06:41:55.128,1.25747,1.25753,1.00,1.00
2018.02.13 06:41:55.903,1.25747,1.25755,2.25,1.50
2018.02.13 06:41:56.574,1.25746,1.25756,2.25,1.12
2018.02.13 06:41:58.166,1.25747,1.25756,1.00,1.12
2018.02.13 06:42:17.762,1.25747,1.25755,1.00,1.87
2018.02.13 06:42:18.300,1.25746,1.25754,2.25,1.00
2018.02.13 06:42:18.804,1.25746,1.25756,1.50,2.25
2018.02.13 06:42:19.345,1.25747,1.25756,1.00,2.25
2018.02.13 06:42:21.678,1.25747,1.25756,1.00,1.50
2018.02.13 06:42:51.387,1.25746,1.25756,1.50,4.12
2018.02.13 06:42:51.442,1.25747,1.25754,1.00,1.00
2018.02.13 06:42:57.786,1.25746,1.25754,1.50,1.00
2018.02.13 06:42:57.838,1.25747,1.25756,1.00,1.95
2018.02.13 06:43:09.256,1.25748,1.25755,1.00,1.00
2018.02.13 06:43:10.214,1.25747,1.25754,1.50,1.00
2018.02.13 06:43:12.959,1.25746,1.25756,1.00,2.62
2018.02.13 06:43:17.201,1.25749,1.25756,1.00,1.12
2018.02.13 06:43:17.596,1.25747,1.25756,1.50,1.12
2018.02.13 06:43:17.648,1.25749,1.25756,1.00,1.00
2018.02.13 06:43:17.700,1.25747,1.25756,1.50,1.87
2018.02.13 06:43:19.254,1.25748,1.25758,1.00,3.75
2018.02.13 06:43:20.489,1.25746,1.25756,1.00,1.12
2018.02.13 06:43:21.076,1.25745,1.25755,1.00,1.12
2018.02.13 06:43:21.848,1.25746,1.25756,1.00,1.50
2018.02.13 06:43:23.313,1.25746,1.25756,1.00,1.00
2018.02.13 06:43:23.818,1.25747,1.25755,1.00,1.00
2018.02.13 06:43:24.359,1.25745,1.25755,1.00,1.12
2018.02.13 06:43:28.800,1.25745,1.25752,1.00,1.00
2018.02.13 06:43:28.956,1.25745,1.25755,1.50,1.12
2018.02.13 06:43:30.264,1.25745,1.25753,1.00,1.00
2018.02.13 06:43:30.792,1.25745,1.25754,1.50,1.00
2018.02.13 06:43:31.774,1.25746,1.25754,1.00,1.00
2018.02.13 06:43:32.785,1.25745,1.25754,1.50,1.00
2018.02.13 06:43:33.467,1.25744,1.25754,2.25,1.00
2018.02.13 06:43:33.777,1.25751,1.25758,1.00,1.00
2018.02.13 06:43:33.933,1.25748,1.25757,1.00,1.12
2018.02.13 06:43:33.985,1.2575,1.25757,1.00,1.12
2018.02.13 06:43:34.037,1.25748,1.25757,1.50,1.12
2018.02.13 06:43:34.606,1.25749,1.25757,1.00,1.12
2018.02.13 06:43:39.485,1.25749,1.25756,1.00,1.00
2018.02.13 06:43:39.987,1.25749,1.25757,1.00,1.00
2018.02.13 06:43:48.570,1.2575,1.2576,1.50,1.00
2018.02.13 06:43:48.622,1.25753,1.25763,2.25,2.70
2018.02.13 06:43:48.674,1.25753,1.25763,1.50,1.12
2018.02.13 06:43:49.824,1.25754,1.25763,1.00,3.00
2018.02.13 06:43:50.329,1.25757,1.25765,1.00,1.00
2018.02.13 06:43:50.467,1.25757,1.25767,1.00,1.87
2018.02.13 06:43:51.610,1.25756,1.25763,1.00,1.00
2018.02.13 06:43:52.315,1.25756,1.25764,1.00,1.50
2018.02.13 06:43:53.932,1.25754,1.25764,1.50,1.00
2018.02.13 06:43:54.962,1.25754,1.25762,1.50,1.00
2018.02.13 06:43:56.478,1.25753,1.25763,1.00,1.00
2018.02.13 06:43:57.552,1.25752,1.25761,1.00,2.25
2018.02.13 06:43:58.088,1.25751,1.25761,1.00,1.50
2018.02.13 06:43:58.789,1.25751,1.25759,1.00,1.00
2018.02.13 06:43:58.841,1.25751,1.25761,1.00,1.50
2018.02.13 06:43:58.965,1.25753,1.2576,1.00,1.00
2018.02.13 06:44:01.098,1.25751,1.25761,1.00,2.25
2018.02.13 06:44:01.150,1.25751,1.25759,1.00,1.00
2018.02.13 06:44:08.105,1.25751,1.25759,1.50,1.00
2018.02.13 06:44:08.639,1.25751,1.25759,1.00,1.00
2018.02.13 06:44:19.346,1.25751,1.25759,1.50,1.00
2018.02.13 06:44:20.142,1.25751,1.25759,1.00,1.00
2018.02.13 06:44:22.415,1.25751,1.25759,1.50,1.00
2018.02.13 06:44:22.724,1.25755,1.25759,1.00,1.00
2018.02.13 06:44:22.776,1.25751,1.25759,1.00,1.00
2018.02.13 06:44:23.764,1.2575,1.25759,1.00,1.00
2018.02.13 06:44:23.816,1.25752,1.25759,1.00,1.00
2018.02.13 06:44:25.201,1.25751,1.25759,1.12,1.00
2018.02.13 06:44:26.784,1.2575,1.25758,1.00,1.00
2018.02.13 06:44:27.114,1.25751,1.25759,1.50,1.00
2018.02.13 06:44:27.713,1.25751,1.25759,1.00,1.50
2018.02.13 06:44:28.758,1.25751,1.25755,1.00,1.00
2018.02.13 06:44:28.862,1.25745,1.2575,1.00,1.00
2018.02.13 06:44:29.386,1.25744,1.2575,1.00,1.00
2018.02.13 06:44:31.709,1.25743,1.2575,1.00,1.00
2018.02.13 06:44:32.226,1.25743,1.25749,1.00,1.00
2018.02.13 06:44:45.711,1.25743,1.2575,1.00,1.00
2018.02.13 06:45:03.752,1.25742,1.2575,1.00,1.00
2018.02.13 06:45:14.653,1.25744,1.2575,1.00,1.10
2018.02.13 06:45:15.157,1.25744,1.25751,1.00,1.00
2018.02.13 06:45:34.355,1.25744,1.25749,1.00,1.00
2018.02.13 06:45:34.898,1.25743,1.25749,1.00,1.00
2018.02.13 06:45:53.085,1.25743,1.25751,1.00,1.95
2018.02.13 06:45:53.680,1.25743,1.25751,1.00,2.70
2018.02.13 06:46:01.546,1.25741,1.25751,1.37,1.95
2018.02.13 06:46:02.094,1.25741,1.25751,1.00,1.95
2018.02.13 06:46:13.329,1.25741,1.2575,1.00,1.10
2018.02.13 06:46:13.536,1.25738,1.25744,1.00,1.00
2018.02.13 06:46:13.642,1.25736,1.25744,1.00,1.50
2018.02.13 06:46:14.291,1.25736,1.25744,1.00,2.70
2018.02.13 06:46:16.878,1.25736,1.25744,1.00,1.50
2018.02.13 06:46:16.938,1.25736,1.25741,1.00,1.00
2018.02.13 06:46:17.041,1.25734,1.25741,1.00,1.00
2018.02.13 06:46:25.449,1.25732,1.25738,1.00,1.00
2018.02.13 06:46:25.961,1.25731,1.25738,1.00,1.00
2018.02.13 06:46:28.092,1.25731,1.25738,1.75,1.20
2018.02.13 06:46:28.581,1.25731,1.25738,1.12,1.10
2018.02.13 06:46:33.988,1.25731,1.25738,1.75,1.10
2018.02.13 06:46:34.339,1.25731,1.25738,1.00,1.10
2018.02.13 06:46:35.637,1.2573,1.25737,1.12,1.00
2018.02.13 06:46:39.865,1.25731,1.25737,1.00,1.50
2018.02.13 06:46:48.662,1.25732,1.25737,1.50,1.00
2018.02.13 06:46:49.195,1.25731,1.25737,1.50,1.00
2018.02.13 06:46:49.831,1.25728,1.25735,1.12,1.00
2018.02.13 06:46:50.140,1.25729,1.25733,1.00,1.00
2018.02.13 06:46:50.243,1.25728,1.25735,1.00,1.00
2018.02.13 06:46:53.770,1.25729,1.25735,1.00,1.00
2018.02.13 06:46:53.822,1.25729,1.25737,1.00,1.00
2018.02.13 06:46:56.813,1.25729,1.25737,3.00,1.00
2018.02.13 06:46:56.866,1.25731,1.25739,1.00,1.00
2018.02.13 06:46:57.020,1.25731,1.25739,1.75,1.00
2018.02.13 06:46:57.175,1.25731,1.25739,1.00,1.00
2018.02.13 06:46:58.394,1.25731,1.25738,1.00,1.00
2018.02.13 06:46:59.688,1.25733,1.25739,1.87,1.00
2018.02.13 06:47:00.205,1.25735,1.2574,1.00,1.00
2018.02.13 06:47:12.280,1.25734,1.2574,1.00,1.00
2018.02.13 06:47:34.348,1.25734,1.25742,1.00,1.20
2018.02.13 06:47:34.887,1.25738,1.25742,1.00,1.20
2018.02.13 06:47:35.503,1.25734,1.25742,1.00,1.20
2018.02.13 06:47:40.196,1.25734,1.25743,1.12,1.95
2018.02.13 06:47:42.900,1.25734,1.25742,1.12,1.20
2018.02.13 06:47:43.506,1.25734,1.25743,1.50,1.95
2018.02.13 06:47:44.166,1.25734,1.25743,1.12,2.70
2018.02.13 06:47:44.841,1.25734,1.25743,1.12,1.95
2018.02.13 06:48:01.628,1.25735,1.25743,1.50,1.95
2018.02.13 06:48:02.135,1.25736,1.25743,1.00,1.95
2018.02.13 06:48:06.885,1.25736,1.25743,1.00,1.10
2018.02.13 06:48:07.588,1.25735,1.25743,1.50,1.10
2018.02.13 06:48:11.744,1.25736,1.25743,1.00,1.10
2018.02.13 06:48:12.644,1.25739,1.25743,3.37,1.20
2018.02.13 06:48:12.797,1.25741,1.25748,1.00,1.20
2018.02.13 06:48:12.950,1.25739,1.25748,1.12,1.20
2018.02.13 06:48:13.215,1.2574,1.25749,1.75,3.45
2018.02.13 06:48:13.271,1.2574,1.25749,1.50,3.45
2018.02.13 06:48:14.416,1.2574,1.25749,1.00,2.70
2018.02.13 06:48:15.116,1.25739,1.25748,1.12,1.20
2018.02.13 06:48:22.023,1.25741,1.25748,2.25,1.20
2018.02.13 06:48:22.075,1.25741,1.2575,1.87,1.95
2018.02.13 06:48:22.127,1.25741,1.2575,2.25,1.95
2018.02.13 06:48:22.179,1.25741,1.2575,1.87,1.20
2018.02.13 06:48:22.317,1.25741,1.25748,1.12,1.00
2018.02.13 06:48:24.186,1.25741,1.25749,2.62,1.20
2018.02.13 06:48:24.316,1.25741,1.25751,1.87,1.95
2018.02.13 06:48:24.953,1.25742,1.25751,1.00,2.70
2018.02.13 06:48:29.384,1.25742,1.25751,1.50,2.70
2018.02.13 06:48:29.696,1.25741,1.25749,1.00,1.50
2018.02.13 06:48:30.008,1.25737,1.25742,1.00,1.00
2018.02.13 06:48:33.606,1.25735,1.25742,1.00,1.00
2018.02.13 06:48:36.249,1.25736,1.25742,1.00,1.95
2018.02.13 06:48:36.423,1.25736,1.25744,1.00,1.95
2018.02.13 06:48:36.493,1.2574,1.25745,1.00,1.95
2018.02.13 06:48:36.699,1.25738,1.25745,1.50,1.10
2018.02.13 06:48:37.114,1.25741,1.25745,1.00,1.00
2018.02.13 06:48:37.442,1.25739,1.25745,1.00,1.00
2018.02.13 06:48:37.987,1.25739,1.25745,1.00,1.95
2018.02.13 06:48:40.015,1.25739,1.25745,1.00,1.20
2018.02.13 06:48:42.168,1.2574,1.25745,1.37,1.10
2018.02.13 06:48:42.421,1.25749,1.25756,1.00,1.00
2018.02.13 06:48:42.472,1.25747,1.25756,1.00,1.00
2018.02.13 06:48:43.503,1.2575,1.25757,1.00,1.50
2018.02.13 06:48:44.011,1.25751,1.25758,1.00,1.00
2018.02.13 06:48:44.442,1.25751,1.2576,1.12,1.00
2018.02.13 06:48:44.495,1.25753,1.2576,1.50,1.00
2018.02.13 06:48:44.650,1.25753,1.25762,1.00,1.00
2018.02.13 06:48:45.188,1.25752,1.25761,1.00,1.00
2018.02.13 06:48:45.498,1.25752,1.25761,1.50,1.00
2018.02.13 06:48:45.790,1.25752,1.25761,1.00,1.00
2018.02.13 06:48:46.979,1.25751,1.2576,1.00,1.00
2018.02.13 06:48:47.370,1.25753,1.2576,1.00,1.00
2018.02.13 06:48:49.347,1.25754,1.2576,1.00,1.00
2018.02.13 06:48:49.431,1.25754,1.25762,1.00,1.00
2018.02.13 06:48:49.535,1.25755,1.25764,1.00,1.00
2018.02.13 06:48:50.401,1.25755,1.25764,1.00,1.20
2018.02.13 06:48:51.120,1.25754,1.25764,1.50,1.20
2018.02.13 06:48:52.779,1.25755,1.25762,1.00,1.00
2018.02.13 06:48:53.171,1.25757,1.25765,1.00,1.00
2018.02.13 06:48:53.674,1.25758,1.25765,1.00,1.50
2018.02.13 06:48:55.628,1.25757,1.25765,1.00,1.00
2018.02.13 06:48:56.593,1.25756,1.25764,1.00,1.20
2018.02.13 06:48:56.956,1.25755,1.25762,1.00,1.00
2018.02.13 06:48:57.163,1.25753,1.25762,1.12,1.95
2018.02.13 06:48:57.297,1.25755,1.25763,1.00,1.20
2018.02.13 06:48:57.801,1.25756,1.25762,1.00,1.20
2018.02.13 06:48:58.691,1.25756,1.25764,1.00,1.95
2018.02.13 06:48:59.241,1.25756,1.25762,1.00,1.20
2018.02.13 06:49:00.051,1.25756,1.25763,1.00,1.10
2018.02.13 06:49:00.613,1.25756,1.25762,1.00,1.20
2018.02.13 06:49:01.994,1.25755,1.25762,1.00,1.10
2018.02.13 06:49:03.528,1.25757,1.25763,1.00,1.20
2018.02.13 06:49:03.736,1.25758,1.25765,1.00,1.10
2018.02.13 06:49:05.459,1.25758,1.25768,1.50,1.50
2018.02.13 06:49:05.511,1.2576,1.25767,1.00,1.00
2018.02.13 06:49:06.070,1.25759,1.25768,1.00,1.00
2018.02.13 06:49:10.021,1.2576,1.25769,1.00,1.00
2018.02.13 06:49:10.568,1.25761,1.2577,1.50,1.00
2018.02.13 06:49:11.070,1.25762,1.2577,1.00,1.50
2018.02.13 06:49:11.380,1.25766,1.25773,1.50,1.00
2018.02.13 06:49:11.524,1.25766,1.25776,1.00,1.50
2018.02.13 06:49:11.731,1.25767,1.25774,1.00,1.00
2018.02.13 06:49:13.311,1.25767,1.25775,1.00,1.00
2018.02.13 06:49:13.517,1.25764,1.25774,1.00,1.00
2018.02.13 06:49:15.623,1.25765,1.25774,1.00,1.00
2018.02.13 06:49:16.100,1.25767,1.25775,1.00,1.50
2018.02.13 06:49:20.057,1.25767,1.25776,1.00,1.20
2018.02.13 06:49:20.592,1.25767,1.25776,1.00,1.95
2018.02.13 06:49:21.142,1.25766,1.25775,1.00,1.20
2018.02.13 06:49:21.483,1.25768,1.25775,1.00,1.20
2018.02.13 06:49:26.579,1.25768,1.25776,1.00,1.50
2018.02.13 06:49:28.742,1.25768,1.25775,1.00,1.00
2018.02.13 06:49:29.886,1.25767,1.25777,1.00,1.12
2018.02.13 06:49:30.401,1.25768,1.25778,1.00,1.00
2018.02.13 06:49:32.473,1.25767,1.25777,1.00,1.00
2018.02.13 06:49:32.526,1.25767,1.25774,1.00,1.00
2018.02.13 06:49:32.965,1.25765,1.25774,1.00,1.00
2018.02.13 06:49:34.056,1.25767,1.25774,1.00,1.00
2018.02.13 06:49:36.916,1.25766,1.25774,1.00,1.10
2018.02.13 06:49:44.101,1.25768,1.25774,1.00,1.00
2018.02.13 06:49:44.256,1.25769,1.25776,1.00,1.12
2018.02.13 06:49:46.744,1.2577,1.25776,1.50,1.00
2018.02.13 06:49:46.796,1.25774,1.25783,1.00,1.00
2018.02.13 06:49:47.296,1.25771,1.2578,1.07,1.00
2018.02.13 06:49:47.851,1.25771,1.25779,1.00,1.00
2018.02.13 06:49:50.236,1.25771,1.25777,1.00,1.00
2018.02.13 06:49:50.289,1.25769,1.25777,1.00,1.00
2018.02.13 06:49:50.827,1.25769,1.25776,1.00,1.00
2018.02.13 06:49:51.832,1.25769,1.25777,1.00,1.00
2018.02.13 06:49:52.011,1.2577,1.25779,1.00,1.00
2018.02.13 06:49:52.063,1.25772,1.2578,1.12,1.00
2018.02.13 06:49:52.574,1.25773,1.2578,1.00,1.00
2018.02.13 06:49:54.013,1.25773,1.25781,1.00,1.50
2018.02.13 06:49:55.734,1.25774,1.25781,1.00,1.00
2018.02.13 06:49:56.330,1.25774,1.25782,1.00,1.00
2018.02.13 06:49:56.840,1.25775,1.25783,1.00,1.00
2018.02.13 06:49:57.483,1.25775,1.25784,1.00,1.00
2018.02.13 06:49:59.824,1.25775,1.25785,1.00,1.00
2018.02.13 06:50:00.393,1.25776,1.25785,1.00,1.00
2018.02.13 06:50:01.111,1.25778,1.25786,1.00,1.00
2018.02.13 06:50:01.643,1.25777,1.25785,1.00,1.00
2018.02.13 06:50:02.120,1.25775,1.25783,1.00,1.00
2018.02.13 06:50:02.227,1.25773,1.25783,1.00,3.19
2018.02.13 06:50:02.332,1.25771,1.25781,1.00,1.00
2018.02.13 06:50:02.515,1.25773,1.25783,1.00,1.76
2018.02.13 06:50:02.884,1.25776,1.25783,1.00,1.00
2018.02.13 06:50:03.037,1.25777,1.25787,1.00,1.76
2018.02.13 06:50:04.238,1.25777,1.25787,1.00,1.39
2018.02.13 06:50:04.512,1.25777,1.25785,1.00,1.25
2018.02.13 06:50:05.085,1.25776,1.25784,1.00,1.00
2018.02.13 06:50:06.323,1.25776,1.25782,1.00,1.00
2018.02.13 06:50:06.907,1.25775,1.25782,1.00,1.00
2018.02.13 06:50:11.469,1.25775,1.25785,1.00,2.62
2018.02.13 06:50:12.199,1.25776,1.25785,1.00,1.12
2018.02.13 06:50:13.706,1.25776,1.25783,1.00,1.00
2018.02.13 06:50:14.243,1.25776,1.25784,1.00,1.00
2018.02.13 06:50:14.849,1.25775,1.25784,1.00,1.00
2018.02.13 06:50:15.249,1.25775,1.25779,1.00,1.00
2018.02.13 06:50:15.504,1.25772,1.25779,1.00,1.00
2018.02.13 06:50:18.766,1.25772,1.25781,1.00,1.00
2018.02.13 06:50:18.870,1.25774,1.25782,1.00,1.00
2018.02.13 06:50:19.480,1.25774,1.25781,1.00,1.00
2018.02.13 06:50:21.882,1.25772,1.25781,1.00,1.00
2018.02.13 06:50:22.427,1.25772,1.25781,1.20,1.00
2018.02.13 06:50:23.088,1.25772,1.25781,1.00,1.00
2018.02.13 06:50:27.110,1.25772,1.25781,1.20,1.00
2018.02.13 06:50:27.763,1.25772,1.25781,1.20,1.00
2018.02.13 06:50:32.443,1.25772,1.25782,1.20,1.69
2018.02.13 06:50:32.961,1.25774,1.25782,1.00,1.00
2018.02.13 06:50:34.916,1.25773,1.25782,1.10,1.50
2018.02.13 06:50:35.791,1.25772,1.25782,1.95,1.50
2018.02.13 06:50:37.290,1.25772,1.25782,1.95,1.00
2018.02.13 06:50:42.267,1.25772,1.25782,1.45,1.00
2018.02.13 06:50:43.184,1.25774,1.25782,1.20,1.00
2018.02.13 06:50:50.698,1.25774,1.25785,1.20,2.06
2018.02.13 06:50:51.278,1.25775,1.25785,1.10,2.81
2018.02.13 06:50:51.330,1.25775,1.25782,1.20,1.50
2018.02.13 06:50:51.834,1.25773,1.25783,1.95,1.25
2018.02.13 06:50:53.014,1.25773,1.25783,1.50,1.00
2018.02.13 06:50:53.651,1.25773,1.25784,1.50,1.31
2018.02.13 06:50:54.972,1.25773,1.25783,1.50,1.00
2018.02.13 06:50:55.708,1.25773,1.25784,1.50,1.69
2018.02.13 06:50:57.362,1.25773,1.25783,1.50,4.69
2018.02.13 06:50:57.863,1.25772,1.25782,1.00,1.12
2018.02.13 06:50:59.243,1.25772,1.25781,1.00,1.00
2018.02.13 06:50:59.556,1.2577,1.25778,1.00,1.00
2018.02.13 06:50:59.608,1.25768,1.25778,1.00,1.69
2018.02.13 06:51:00.097,1.2577,1.2578,1.00,1.20
2018.02.13 06:51:00.658,1.2577,1.2578,1.00,1.00
2018.02.13 06:51:02.530,1.25771,1.25782,1.50,1.57
2018.02.13 06:51:02.632,1.25774,1.25784,1.00,1.57
2018.02.13 06:51:04.956,1.25774,1.25783,1.00,1.25
2018.02.13 06:51:05.458,1.25773,1.25783,1.00,1.69
2018.02.13 06:51:05.997,1.25773,1.25783,1.00,1.69
2018.02.13 06:51:07.158,1.25773,1.25783,1.00,2.44
2018.02.13 06:51:10.730,1.25773,1.25782,1.00,2.25
2018.02.13 06:51:11.557,1.25772,1.25781,1.00,1.25
2018.02.13 06:51:11.893,1.2577,1.25774,1.00,1.00
2018.02.13 06:51:11.947,1.25766,1.25774,1.00,1.50
2018.02.13 06:51:12.533,1.25765,1.25773,1.00,1.00
2018.02.13 06:51:16.658,1.25764,1.25773,1.00,1.00
2018.02.13 06:51:17.663,1.25763,1.25774,1.00,2.44
2018.02.13 06:51:17.870,1.25763,1.25774,1.00,3.26
2018.02.13 06:51:18.306,1.25763,1.25771,1.00,1.69
2018.02.13 06:51:18.860,1.25762,1.25771,1.00,2.81
2018.02.13 06:51:24.965,1.25762,1.25771,1.00,2.44
2018.02.13 06:51:25.833,1.25762,1.2577,1.00,1.00
2018.02.13 06:51:28.808,1.25762,1.25771,1.00,2.62
2018.02.13 06:51:29.150,1.25766,1.25775,1.00,1.00
2018.02.13 06:51:40.078,1.25767,1.25777,1.00,1.57
2018.02.13 06:51:40.411,1.25767,1.25775,1.00,1.00
2018.02.13 06:51:40.654,1.25764,1.25774,1.00,1.00
2018.02.13 06:51:41.283,1.25764,1.25775,1.50,2.81
2018.02.13 06:51:42.594,1.25768,1.25777,1.00,2.51
2018.02.13 06:51:44.135,1.25767,1.25777,1.00,1.50
2018.02.13 06:51:44.663,1.25768,1.25777,1.00,1.12
2018.02.13 06:51:55.430,1.25767,1.25776,1.50,1.25
2018.02.13 06:51:56.693,1.25767,1.25777,1.00,3.82
2018.02.13 06:52:04.713,1.25767,1.25776,1.50,1.00
2018.02.13 06:52:05.128,1.25767,1.25774,1.00,1.50
2018.02.13 06:52:06.078,1.25767,1.25777,1.00,2.14
2018.02.13 06:52:13.624,1.25767,1.25777,1.50,1.19
2018.02.13 06:52:14.702,1.25767,1.25777,1.00,1.25
2018.02.13 06:52:15.206,1.25768,1.25777,1.00,1.25
2018.02.13 06:52:24.367,1.25768,1.25776,1.00,1.25
2018.02.13 06:52:25.011,1.25768,1.25777,1.00,2.44
2018.02.13 06:52:26.377,1.25768,1.25775,1.00,1.00
2018.02.13 06:52:29.296,1.25767,1.25775,1.00,2.25
2018.02.13 06:52:30.015,1.25768,1.25775,1.00,1.00
2018.02.13 06:52:33.929,1.25769,1.25775,1.00,1.00
2018.02.13 06:52:42.864,1.25769,1.25777,1.00,1.00
2018.02.13 06:52:46.019,1.25769,1.25776,1.00,1.00
2018.02.13 06:52:46.932,1.25769,1.25774,1.00,1.87
2018.02.13 06:52:46.985,1.25766,1.25774,1.00,4.87
2018.02.13 06:52:47.089,1.25763,1.25774,1.50,2.06
2018.02.13 06:52:47.504,1.25767,1.25775,1.00,1.00
2018.02.13 06:52:56.936,1.25768,1.25776,1.00,3.00
2018.02.13 06:52:58.472,1.25766,1.25775,1.00,1.00
2018.02.13 06:52:59.004,1.25766,1.25776,1.00,2.25
2018.02.13 06:53:00.428,1.25765,1.25774,1.00,1.31
2018.02.13 06:53:00.532,1.25763,1.25773,1.00,1.50
2018.02.13 06:53:04.456,1.25763,1.25773,1.00,1.31
2018.02.13 06:53:04.960,1.25763,1.25773,1.00,2.14
2018.02.13 06:53:10.354,1.25763,1.25773,1.00,2.14
2018.02.13 06:53:10.766,1.25763,1.25769,1.00,1.00
2018.02.13 06:53:10.819,1.25761,1.25769,1.00,1.00
2018.02.13 06:53:11.027,1.25759,1.25769,1.00,1.00
2018.02.13 06:53:11.080,1.25759,1.25767,1.00,1.12
2018.02.13 06:53:11.132,1.25759,1.2577,1.50,4.87
2018.02.13 06:53:11.185,1.25759,1.25767,1.50,1.00
2018.02.13 06:53:11.346,1.25757,1.25767,1.00,2.06
2018.02.13 06:53:18.445,1.25759,1.25767,1.00,1.12
2018.02.13 06:53:19.977,1.2576,1.25768,1.00,1.75
2018.02.13 06:53:20.953,1.2576,1.25768,1.00,1.12
2018.02.13 06:53:30.096,1.25758,1.25767,1.00,1.25
2018.02.13 06:53:30.251,1.25756,1.25767,1.00,3.19
2018.02.13 06:53:30.405,1.25758,1.25767,1.00,3.19
2018.02.13 06:53:30.941,1.25758,1.25767,1.00,1.50
2018.02.13 06:53:35.096,1.25755,1.25765,1.00,1.00
2018.02.13 06:53:35.846,1.25755,1.25766,1.00,4.01
2018.02.13 06:53:35.898,1.25759,1.25767,1.00,1.65
2018.02.13 06:53:36.054,1.25759,1.25769,1.50,1.95
2018.02.13 06:53:36.582,1.2576,1.25768,1.00,1.00
2018.02.13 06:53:37.093,1.25759,1.25769,1.00,3.37
2018.02.13 06:53:43.760,1.25759,1.25768,1.00,1.00
2018.02.13 06:53:44.289,1.25759,1.25769,1.00,1.12
2018.02.13 06:53:44.879,1.25759,1.25768,1.00,1.00
2018.02.13 06:53:45.487,1.25759,1.25767,1.00,1.00
2018.02.13 06:53:45.612,1.25759,1.25769,1.00,1.12
2018.02.13 06:53:46.706,1.25759,1.25768,1.00,1.00
2018.02.13 06:53:46.911,1.25759,1.2577,1.00,1.50
2018.02.13 06:53:46.963,1.25761,1.25769,1.00,1.00
2018.02.13 06:53:47.323,1.25761,1.25773,1.12,1.57
2018.02.13 06:53:47.375,1.25764,1.25773,1.00,1.50
2018.02.13 06:53:47.890,1.25763,1.25773,1.00,2.25
2018.02.13 06:53:48.716,1.25763,1.25772,1.00,1.00
2018.02.13 06:53:49.543,1.25763,1.25773,1.00,1.00
2018.02.13 06:53:49.939,1.25765,1.25774,1.00,1.50
2018.02.13 06:53:53.127,1.25765,1.25774,1.00,2.89
2018.02.13 06:53:55.374,1.25765,1.25774,1.00,2.44
2018.02.13 06:53:57.534,1.25765,1.25773,1.00,1.00
2018.02.13 06:53:58.150,1.25765,1.25772,1.00,1.00
2018.02.13 06:53:58.736,1.25765,1.25773,1.00,1.00
2018.02.13 06:53:59.419,1.25765,1.25774,1.00,2.06
2018.02.13 06:54:03.001,1.25767,1.25775,1.00,1.12
2018.02.13 06:54:03.709,1.25768,1.25775,1.00,1.00
2018.02.13 06:54:12.637,1.25768,1.25776,1.00,1.00
2018.02.13 06:54:17.237,1.25768,1.25775,1.00,1.00
2018.02.13 06:54:17.902,1.25768,1.25776,1.00,1.50
2018.02.13 06:54:19.835,1.2577,1.25778,1.00,1.50
2018.02.13 06:54:20.184,1.2577,1.25776,1.00,1.00
2018.02.13 06:54:20.489,1.25768,1.25776,1.00,1.00
2018.02.13 06:54:25.948,1.25767,1.25775,1.50,2.25
2018.02.13 06:54:26.495,1.25768,1.25775,1.00,1.00
2018.02.13 06:54:27.148,1.25768,1.25776,1.00,1.50
2018.02.13 06:54:33.070,1.25767,1.25775,1.00,1.00
2018.02.13 06:54:33.394,1.25769,1.25776,1.00,2.25
2018.02.13 06:54:34.182,1.25769,1.25775,1.00,1.00
2018.02.13 06:54:34.634,1.25767,1.25776,1.00,2.25
2018.02.13 06:54:34.686,1.25766,1.25774,2.25,1.00
2018.02.13 06:54:34.995,1.25768,1.25776,1.00,2.25
2018.02.13 06:54:38.218,1.25768,1.25775,1.00,1.00
2018.02.13 06:54:38.826,1.25768,1.25776,1.00,2.25
2018.02.13 06:54:39.742,1.25768,1.25775,1.00,1.00
2018.02.13 06:54:40.646,1.25768,1.25776,1.00,2.25
2018.02.13 06:54:43.008,1.25768,1.25775,1.00,1.00
2018.02.13 06:54:43.668,1.25768,1.25776,1.00,2.25
2018.02.13 06:54:45.472,1.25767,1.25774,1.50,1.00
2018.02.13 06:54:45.974,1.25767,1.25775,1.50,1.50
2018.02.13 06:54:48.424,1.25767,1.25774,1.50,1.00
2018.02.13 06:54:50.421,1.25766,1.25775,1.00,2.25
2018.02.13 06:54:50.720,1.25763,1.25774,1.87,1.50
2018.02.13 06:54:50.772,1.25763,1.25772,1.50,4.50
2018.02.13 06:54:51.079,1.25762,1.2577,1.00,1.00
2018.02.13 06:54:52.656,1.25762,1.25769,1.00,1.00
2018.02.13 06:54:52.737,1.25762,1.25771,1.00,1.00
2018.02.13 06:54:53.454,1.25762,1.2577,1.00,1.00
2018.02.13 06:54:53.876,1.25763,1.25772,1.00,2.25
2018.02.13 06:54:54.043,1.25765,1.25772,1.00,1.00
2018.02.13 06:54:54.095,1.25765,1.25774,1.00,1.50
2018.02.13 06:54:54.379,1.25765,1.25772,1.00,1.00
2018.02.13 06:54:54.793,1.25765,1.25774,1.00,1.50
2018.02.13 06:54:55.429,1.25766,1.25775,1.00,1.00
2018.02.13 06:54:55.774,1.25765,1.25773,1.00,1.50
2018.02.13 06:54:56.262,1.25765,1.25775,1.00,5.44
2018.02.13 06:54:56.782,1.25765,1.25773,1.00,1.00
2018.02.13 06:54:57.168,1.25765,1.25771,1.00,1.00
2018.02.13 06:55:01.055,1.25765,1.25772,1.00,1.00
2018.02.13 06:55:01.589,1.25765,1.25773,1.00,1.00
2018.02.13 06:55:01.985,1.25765,1.25775,1.50,1.00
2018.02.13 06:55:02.772,1.25765,1.25776,2.32,1.50
2018.02.13 06:55:02.948,1.25767,1.25777,1.87,1.00
2018.02.13 06:55:03.289,1.25766,1.25772,1.00,1.00
2018.02.13 06:55:10.396,1.25765,1.25769,1.00,1.00
2018.02.13 06:55:10.449,1.25759,1.25769,2.32,1.00
2018.02.13 06:55:10.501,1.25759,1.25769,1.87,1.00
2018.02.13 06:55:11.816,1.25759,1.25767,1.87,1.00
2018.02.13 06:55:15.875,1.2576,1.25767,2.25,1.00
2018.02.13 06:55:16.176,1.25759,1.25767,1.87,1.00
2018.02.13 06:55:16.780,1.2576,1.25767,2.25,1.00
2018.02.13 06:55:17.389,1.25759,1.25767,1.87,1.00
2018.02.13 06:55:20.814,1.25755,1.25766,3.30,2.62
2018.02.13 06:55:20.866,1.25755,1.25764,1.35,1.50
2018.02.13 06:55:22.101,1.25755,1.25764,2.10,1.00
2018.02.13 06:55:22.309,1.25756,1.25767,2.10,1.50
2018.02.13 06:55:23.460,1.25758,1.25768,1.00,2.25
2018.02.13 06:55:24.071,1.25757,1.25767,1.50,1.50
2018.02.13 06:55:54.115,1.25756,1.25766,1.00,1.00
2018.02.13 06:56:12.593,1.25755,1.25764,1.00,1.00
2018.02.13 06:56:12.909,1.25753,1.25761,1.00,1.00
2018.02.13 06:56:13.304,1.25751,1.25759,1.75,1.00
2018.02.13 06:56:13.753,1.25751,1.25759,1.00,1.00
2018.02.13 06:56:16.424,1.25751,1.25759,1.50,1.00
2018.02.13 06:56:16.475,1.25751,1.25761,1.72,1.50
2018.02.13 06:56:18.142,1.25751,1.2576,1.72,1.00
2018.02.13 06:56:19.903,1.25751,1.2576,2.10,1.00
2018.02.13 06:56:19.954,1.25751,1.2576,1.35,1.00
2018.02.13 06:56:21.552,1.25751,1.25761,1.00,1.50
2018.02.13 06:56:22.696,1.25751,1.2576,1.00,1.00
2018.02.13 06:56:25.944,1.2575,1.25757,1.50,1.00
2018.02.13 06:56:25.995,1.25751,1.25759,1.00,1.50
2018.02.13 06:56:26.148,1.2575,1.25761,3.97,2.25
2018.02.13 06:56:27.889,1.25751,1.25761,1.12,2.25
2018.02.13 06:56:28.434,1.25752,1.25761,1.00,1.50
2018.02.13 06:56:29.665,1.25756,1.25762,1.50,1.00
2018.02.13 06:56:29.770,1.25753,1.25762,1.72,1.00
2018.02.13 06:56:30.952,1.25753,1.25763,1.72,2.25
2018.02.13 06:56:31.861,1.25753,1.25762,1.12,1.00
2018.02.13 06:56:32.394,1.25753,1.25763,1.12,2.25
2018.02.13 06:56:33.368,1.25753,1.25762,1.12,1.00
2018.02.13 06:56:37.170,1.25753,1.25763,1.12,2.25
2018.02.13 06:56:39.582,1.25753,1.25762,1.12,1.00
2018.02.13 06:56:40.315,1.25753,1.25763,1.12,2.25
2018.02.13 06:56:42.501,1.25753,1.25762,1.12,1.00
2018.02.13 06:56:42.762,1.25752,1.25759,1.00,2.25
2018.02.13 06:56:42.866,1.2575,1.25758,1.00,1.00
2018.02.13 06:56:43.074,1.25746,1.25756,2.70,1.00
2018.02.13 06:56:43.620,1.25749,1.25757,1.00,1.00
2018.02.13 06:56:44.238,1.25748,1.25758,1.57,1.12
2018.02.13 06:56:44.626,1.25748,1.25756,1.00,1.00
2018.02.13 06:56:49.389,1.25749,1.25756,4.35,1.00
2018.02.13 06:56:49.580,1.25753,1.25761,1.35,1.20
2018.02.13 06:56:50.117,1.25754,1.25762,3.22,1.00
2018.02.13 06:57:00.356,1.25754,1.25761,2.85,1.00
2018.02.13 06:57:06.539,1.25754,1.25762,2.10,1.00
2018.02.13 06:57:07.222,1.25754,1.2576,1.00,1.00
2018.02.13 06:57:07.479,1.25752,1.2576,1.12,1.00
2018.02.13 06:57:07.635,1.25751,1.2576,1.75,1.50
2018.02.13 06:57:07.941,1.2575,1.25757,2.47,1.00
2018.02.13 06:57:08.046,1.2575,1.25756,1.37,1.00
2018.02.13 06:57:10.923,1.25749,1.25756,1.30,1.00
2018.02.13 06:57:11.989,1.25749,1.25756,3.97,1.00
2018.02.13 06:57:12.041,1.2575,1.25759,1.60,1.00
2018.02.13 06:57:12.543,1.25752,1.2576,1.00,1.00
2018.02.13 06:57:13.153,1.25751,1.2576,1.30,1.10
2018.02.13 06:57:13.915,1.25751,1.2576,1.67,1.10
2018.02.13 06:57:16.754,1.25754,1.25761,1.00,1.20
2018.02.13 06:57:17.346,1.25755,1.25762,1.00,1.00
2018.02.13 06:57:17.655,1.25754,1.2576,1.00,1.00
2018.02.13 06:57:21.530,1.25753,1.2576,1.00,1.00
2018.02.13 06:57:28.463,1.25753,1.2576,1.37,1.00
2018.02.13 06:57:29.332,1.25753,1.2576,1.00,1.00
2018.02.13 06:57:29.634,1.25751,1.25758,1.50,1.00
2018.02.13 06:57:35.296,1.25751,1.25758,1.50,1.00
2018.02.13 06:57:35.800,1.2575,1.25758,1.75,1.00
2018.02.13 06:57:35.853,1.25748,1.25758,2.62,1.00
2018.02.13 06:57:35.906,1.25748,1.25755,1.00,1.00
2018.02.13 06:57:36.224,1.25747,1.25753,1.12,1.00
2018.02.13 06:57:44.551,1.25747,1.25753,1.75,1.00
2018.02.13 06:57:44.603,1.25747,1.25753,1.00,1.00
2018.02.13 06:57:45.140,1.25748,1.25753,1.87,1.00
2018.02.13 06:57:45.193,1.25748,1.25756,3.37,1.00
2018.02.13 06:57:45.400,1.25748,1.25754,1.50,1.00
2018.02.13 06:57:46.020,1.25747,1.25755,1.50,1.10
2018.02.13 06:57:46.726,1.25746,1.25754,2.25,1.00
2018.02.13 06:57:46.932,1.25746,1.25754,1.87,1.00
2018.02.13 06:57:47.458,1.25744,1.25753,1.50,1.00
2018.02.13 06:57:47.633,1.25739,1.25748,1.50,1.00
2018.02.13 06:57:51.175,1.2574,1.25748,3.60,1.00
2018.02.13 06:57:51.226,1.2574,1.25748,2.10,1.00
2018.02.13 06:57:51.375,1.2574,1.25746,1.00,1.00
2018.02.13 06:57:51.427,1.25738,1.25746,2.47,1.00
2018.02.13 06:57:55.990,1.25739,1.25746,1.00,1.00
2018.02.13 06:57:56.043,1.25739,1.25748,1.50,1.00
2018.02.13 06:57:56.499,1.25737,1.25746,1.87,1.00
2018.02.13 06:57:56.806,1.25737,1.25743,1.00,1.00
2018.02.13 06:57:57.434,1.25737,1.25744,1.00,1.00
2018.02.13 06:57:57.966,1.25736,1.25744,1.00,1.00
2018.02.13 06:57:59.612,1.25737,1.25744,1.00,1.00
2018.02.13 06:58:00.123,1.25737,1.25745,1.00,1.00
2018.02.13 06:58:01.040,1.25736,1.25745,2.25,1.00
2018.02.13 06:58:02.074,1.25738,1.25745,1.00,1.10
2018.02.13 06:58:03.804,1.25737,1.25745,1.50,1.00
2018.02.13 06:58:04.372,1.25737,1.25743,1.12,1.00
2018.02.13 06:58:05.355,1.25735,1.25744,6.75,1.00
2018.02.13 06:58:05.458,1.25734,1.25744,4.12,1.00
2018.02.13 06:58:05.613,1.25734,1.25742,1.87,1.00
2018.02.13 06:58:06.084,1.25733,1.2574,1.12,1.00
2018.02.13 06:58:07.538,1.25731,1.2574,2.62,1.00
2018.02.13 06:58:11.302,1.2573,1.25739,1.75,1.00
2018.02.13 06:58:12.451,1.25729,1.25739,2.25,1.00
2018.02.13 06:58:14.667,1.25732,1.25741,1.50,1.95
2018.02.13 06:58:15.202,1.25733,1.25742,1.12,1.00
2018.02.13 06:58:15.866,1.25733,1.25741,1.00,1.00
2018.02.13 06:58:21.731,1.25732,1.2574,1.50,1.00
2018.02.13 06:58:21.884,1.25731,1.25739,1.00,1.00
2018.02.13 06:58:22.402,1.25732,1.25739,1.00,1.00
2018.02.13 06:58:23.358,1.25731,1.25739,1.12,1.00
2018.02.13 06:58:23.956,1.25732,1.25739,1.00,1.00
2018.02.13 06:58:24.433,1.25733,1.25741,1.12,1.20
2018.02.13 06:58:24.984,1.25734,1.25742,1.50,1.00
2018.02.13 06:58:26.585,1.25736,1.25742,1.00,1.00
2018.02.13 06:58:27.103,1.25737,1.25742,1.00,1.00
2018.02.13 06:58:30.107,1.25737,1.25743,1.00,1.00
2018.02.13 06:58:40.579,1.25737,1.25742,1.00,1.00
2018.02.13 06:58:50.384,1.25737,1.25744,1.00,1.00
2018.02.13 06:58:52.664,1.25738,1.25744,1.00,1.00
2018.02.13 06:58:53.448,1.25737,1.25744,1.00,1.00
2018.02.13 06:58:56.323,1.25738,1.25744,1.00,1.00
2018.02.13 06:58:56.378,1.25738,1.25746,1.00,1.00
2018.02.13 06:58:56.894,1.25737,1.25746,1.87,1.00
2018.02.13 06:59:01.633,1.25737,1.25744,1.12,1.00
2018.02.13 06:59:07.557,1.25739,1.25747,1.00,1.20
2018.02.13 06:59:07.903,1.25742,1.25748,1.00,1.00
2018.02.13 06:59:08.521,1.25742,1.25749,1.00,1.00
2018.02.13 06:59:12.947,1.25743,1.25749,1.00,1.00
2018.02.13 06:59:13.154,1.25745,1.25752,1.00,1.00
2018.02.13 06:59:13.206,1.25747,1.25752,1.00,1.00
2018.02.13 06:59:18.072,1.25746,1.25752,1.00,1.00
2018.02.13 06:59:18.392,1.25744,1.25752,1.35,1.00
2018.02.13 06:59:28.647,1.25746,1.25752,1.00,1.00
2018.02.13 06:59:28.700,1.25747,1.25756,1.00,1.45
2018.02.13 06:59:29.210,1.25747,1.25756,1.00,1.00
2018.02.13 06:59:30.070,1.25748,1.25756,1.00,1.00
2018.02.13 06:59:30.961,1.25747,1.25756,1.00,1.00
2018.02.13 06:59:31.502,1.25745,1.25753,2.25,1.00
2018.02.13 06:59:31.811,1.25744,1.25751,1.12,1.00
2018.02.13 06:59:51.292,1.25743,1.25751,1.50,1.00
2018.02.13 06:59:55.329,1.25746,1.25751,1.50,1.00
2018.02.13 06:59:55.381,1.25747,1.25755,1.50,1.00
2018.02.13 06:59:55.909,1.25748,1.25755,1.00,1.00
2018.02.13 06:59:56.548,1.25747,1.25755,2.25,1.00
2018.02.13 06:59:58.503,1.25748,1.25755,1.00,1.00
2018.02.13 06:59:59.133,1.25747,1.25755,2.25,1.00
2018.02.13 06:59:59.553,1.25749,1.25755,1.12,1.00
2018.02.13 06:59:59.605,1.25749,1.25757,1.12,1.00
