2018.02.28 17:00:04.398,1.28059,1.28063,1.12,1.00
2018.02.28 17:00:05.675,1.2806,1.28064,1.50,1.00
2018.02.28 17:00:05.728,1.2806,1.28067,1.00,1.00
2018.02.28 17:00:05.781,1.2806,1.28064,1.25,1.00
2018.02.28 17:00:05.937,1.2806,1.28064,1.50,1.00
2018.02.28 17:00:06.461,1.28059,1.28064,1.12,1.00
2018.02.28 17:00:06.847,1.28061,1.28065,1.00,1.00
2018.02.28 17:00:06.949,1.2806,1.28067,2.25,1.12
2018.02.28 17:00:07.154,1.28062,1.28068,1.00,1.12
2018.02.28 17:00:07.855,1.28061,1.28068,1.50,1.12
2018.02.28 17:00:08.842,1.28062,1.2807,1.00,3.75
2018.02.28 17:00:08.997,1.28064,1.28072,1.25,1.10
2018.02.28 17:00:09.101,1.28065,1.28074,2.25,1.20
2018.02.28 17:00:09.206,1.28066,1.28075,3.00,2.70
2018.02.28 17:00:09.511,1.2807,1.28076,1.50,1.00
2018.02.28 17:00:09.868,1.28072,1.2808,2.62,2.25
2018.02.28 17:00:10.279,1.28072,1.28078,1.12,1.00
2018.02.28 17:00:10.330,1.28072,1.2808,1.12,1.00
2018.02.28 17:00:10.857,1.28073,1.2808,1.12,1.00
2018.02.28 17:00:11.920,1.2807,1.28079,1.50,1.00
2018.02.28 17:00:11.971,1.2807,1.28079,1.12,1.50
2018.02.28 17:00:12.022,1.28069,1.28076,1.37,1.00
2018.02.28 17:00:12.334,1.28071,1.28077,1.37,1.00
2018.02.28 17:00:12.385,1.28071,1.2808,1.37,1.00
2018.02.28 17:00:12.794,1.28072,1.28082,1.87,1.12
2018.02.28 17:00:13.451,1.28072,1.28082,1.87,1.00
2018.02.28 17:00:14.560,1.28072,1.28082,1.12,1.50
2018.02.28 17:00:14.612,1.28072,1.28078,1.00,1.00
2018.02.28 17:00:14.715,1.28069,1.28076,1.00,1.00
2018.02.28 17:00:14.767,1.28067,1.28076,3.37,1.00
2018.02.28 17:00:14.870,1.28066,1.28074,2.62,1.00
2018.02.28 17:00:15.988,1.28065,1.28073,1.12,1.00
2018.02.28 17:00:16.789,1.28065,1.28075,3.00,1.50
2018.02.28 17:00:18.396,1.28068,1.28075,1.37,1.00
2018.02.28 17:00:20.680,1.28068,1.28075,1.12,1.00
2018.02.28 17:00:23.010,1.28069,1.28075,1.00,1.00
2018.02.28 17:00:24.004,1.28067,1.28074,1.12,1.00
2018.02.28 17:00:24.057,1.28066,1.28071,1.00,1.00
2018.02.28 17:00:24.288,1.28059,1.28067,1.50,1.00
2018.02.28 17:00:30.112,1.28061,1.28069,1.12,1.00
2018.02.28 17:00:30.164,1.28062,1.28071,3.00,1.50
2018.02.28 17:00:30.425,1.28061,1.28069,1.87,1.00
2018.02.28 17:00:31.069,1.28059,1.28068,4.12,1.00
2018.02.28 17:00:32.975,1.2806,1.28069,3.37,1.00
2018.02.28 17:00:33.481,1.2806,1.28068,1.37,1.00
2018.02.28 17:00:34.534,1.28059,1.28067,1.50,1.00
2018.02.28 17:00:34.843,1.28065,1.28073,3.75,2.32
2018.02.28 17:00:34.895,1.28066,1.28074,1.50,1.12
2018.02.28 17:00:34.948,1.28069,1.28074,1.00,1.50
2018.02.28 17:00:35.000,1.28069,1.28076,1.00,1.00
2018.02.28 17:00:35.257,1.28067,1.28074,1.00,1.00
2018.02.28 17:00:35.431,1.28064,1.28073,1.87,1.12
2018.02.28 17:00:35.483,1.28062,1.28071,1.37,1.00
2018.02.28 17:00:35.943,1.28063,1.28069,1.00,1.00
2018.02.28 17:00:36.045,1.2806,1.28069,3.00,1.00
2018.02.28 17:00:37.161,1.28059,1.28067,2.25,1.00
2018.02.28 17:00:37.828,1.28063,1.28068,1.00,1.00
2018.02.28 17:00:37.933,1.28063,1.2807,1.00,1.00
2018.02.28 17:00:39.469,1.28062,1.2807,2.62,1.00
2018.02.28 17:00:40.034,1.28065,1.2807,1.37,1.00
2018.02.28 17:00:40.086,1.28066,1.28073,1.12,1.50
2018.02.28 17:00:40.138,1.28068,1.28073,1.00,1.50
2018.02.28 17:00:40.420,1.28066,1.28074,1.00,1.00
2018.02.28 17:00:40.797,1.28067,1.28072,1.00,1.00
2018.02.28 17:00:40.848,1.28065,1.28072,1.00,1.00
2018.02.28 17:00:41.265,1.28068,1.28073,1.12,1.00
2018.02.28 17:00:41.809,1.28068,1.28074,1.12,1.00
2018.02.28 17:00:42.165,1.28068,1.28076,3.56,1.00
2018.02.28 17:00:42.368,1.2807,1.28076,1.37,1.00
2018.02.28 17:00:42.499,1.28071,1.28079,1.12,1.00
2018.02.28 17:00:43.326,1.28073,1.28079,1.00,1.00
2018.02.28 17:00:43.903,1.28071,1.28079,1.50,1.00
2018.02.28 17:00:46.076,1.28071,1.2808,2.81,1.00
2018.02.28 17:00:46.205,1.28073,1.2808,1.00,1.00
2018.02.28 17:00:46.256,1.28071,1.28079,1.87,1.00
2018.02.28 17:00:47.161,1.28072,1.28079,1.00,1.00
2018.02.28 17:00:47.213,1.28069,1.28077,1.37,1.00
2018.02.28 17:00:48.119,1.28069,1.28077,1.00,1.00
2018.02.28 17:00:48.633,1.28068,1.28077,1.87,1.00
2018.02.28 17:00:50.110,1.28067,1.28076,2.62,1.50
2018.02.28 17:00:50.618,1.28067,1.28076,2.62,1.00
2018.02.28 17:00:51.177,1.28069,1.28076,1.00,1.12
2018.02.28 17:00:51.690,1.28068,1.28076,1.12,1.00
2018.02.28 17:00:57.480,1.28068,1.28076,1.50,1.50
2018.02.28 17:00:57.645,1.28075,1.28081,1.31,1.00
2018.02.28 17:00:58.222,1.28075,1.28082,2.44,1.00
2018.02.28 17:00:58.552,1.28076,1.28085,1.87,1.00
2018.02.28 17:00:58.893,1.28078,1.28083,1.00,1.00
2018.02.28 17:00:58.952,1.28075,1.28082,2.62,1.00
2018.02.28 17:01:00.230,1.28076,1.28082,1.00,1.50
2018.02.28 17:01:00.947,1.28075,1.28082,1.00,1.37
2018.02.28 17:01:01.462,1.28074,1.2808,1.00,1.00
2018.02.28 17:01:01.976,1.28073,1.28079,1.00,1.00
2018.02.28 17:01:02.081,1.28071,1.28075,1.00,1.00
2018.02.28 17:01:02.183,1.28068,1.28075,2.32,1.00
2018.02.28 17:01:02.773,1.28068,1.28075,1.12,1.00
2018.02.28 17:01:03.091,1.28068,1.28076,2.62,1.00
2018.02.28 17:01:03.293,1.28072,1.28079,1.00,1.00
2018.02.28 17:01:03.808,1.28072,1.28079,1.37,1.00
2018.02.28 17:01:04.258,1.28072,1.28081,1.37,1.50
2018.02.28 17:01:04.838,1.28074,1.28081,1.00,1.00
2018.02.28 17:01:06.376,1.28074,1.28082,1.00,1.12
2018.02.28 17:01:06.760,1.28075,1.2808,1.00,1.00
2018.02.28 17:01:07.754,1.28073,1.2808,2.25,1.00
2018.02.28 17:01:08.885,1.28073,1.28079,1.00,1.00
2018.02.28 17:01:11.815,1.28075,1.2808,1.37,1.00
2018.02.28 17:01:11.867,1.28076,1.28082,2.62,1.00
2018.02.28 17:01:11.919,1.28079,1.28083,1.00,1.50
2018.02.28 17:01:12.574,1.28078,1.28083,1.00,1.50
2018.02.28 17:01:13.816,1.28077,1.28083,1.00,1.50
2018.02.28 17:01:14.080,1.28074,1.28081,1.00,1.00
2018.02.28 17:01:15.417,1.28073,1.28081,1.87,1.00
2018.02.28 17:01:16.452,1.28073,1.28081,1.87,1.00
2018.02.28 17:01:17.694,1.28073,1.28081,1.50,1.00
2018.02.28 17:01:18.241,1.28075,1.28081,1.00,1.00
2018.02.28 17:01:26.162,1.28074,1.28081,1.50,1.00
2018.02.28 17:01:26.765,1.28074,1.28082,1.50,1.00
2018.02.28 17:01:28.858,1.28073,1.28082,1.12,1.00
2018.02.28 17:01:29.165,1.28069,1.28076,1.87,1.00
2018.02.28 17:01:29.669,1.2807,1.28077,1.00,1.00
2018.02.28 17:01:30.224,1.28068,1.28077,1.87,1.00
2018.02.28 17:01:30.811,1.2807,1.28078,1.00,1.12
2018.02.28 17:01:31.324,1.28071,1.28078,1.00,1.12
2018.02.28 17:01:31.963,1.28069,1.28078,1.57,1.87
2018.02.28 17:01:33.401,1.28071,1.28078,1.12,1.12
2018.02.28 17:01:34.012,1.28071,1.2808,1.12,2.62
2018.02.28 17:01:34.321,1.28075,1.28082,1.00,2.62
2018.02.28 17:01:34.839,1.28074,1.28081,1.00,1.37
2018.02.28 17:01:36.074,1.28074,1.28082,1.00,2.62
2018.02.28 17:01:43.192,1.28073,1.28082,1.00,1.87
2018.02.28 17:01:44.036,1.28072,1.28081,2.25,1.37
2018.02.28 17:01:44.614,1.28073,1.28082,1.00,3.37
2018.02.28 17:01:46.864,1.28072,1.2808,1.00,1.50
2018.02.28 17:01:47.188,1.28066,1.28073,1.69,1.00
2018.02.28 17:01:47.394,1.28068,1.28076,1.37,1.50
2018.02.28 17:01:47.600,1.28067,1.28076,1.37,3.82
2018.02.28 17:01:48.175,1.28066,1.28076,3.37,3.45
2018.02.28 17:01:49.964,1.28069,1.28076,1.37,4.57
2018.02.28 17:01:50.090,1.28071,1.28079,2.25,1.57
2018.02.28 17:01:50.346,1.28071,1.28081,2.25,2.32
2018.02.28 17:01:50.453,1.28073,1.28081,2.25,1.87
2018.02.28 17:01:51.625,1.28072,1.28081,4.50,1.50
2018.02.28 17:01:52.132,1.28072,1.2808,1.37,1.00
2018.02.28 17:01:52.637,1.28071,1.2808,2.25,2.25
2018.02.28 17:01:53.209,1.28071,1.2808,1.12,1.20
2018.02.28 17:01:54.424,1.28073,1.28081,1.00,2.32
2018.02.28 17:01:54.933,1.28073,1.2808,1.00,1.12
2018.02.28 17:01:55.276,1.28071,1.2808,1.12,1.20
2018.02.28 17:01:55.804,1.28071,1.2808,1.37,1.10
2018.02.28 17:01:56.315,1.28069,1.2808,4.50,2.70
2018.02.28 17:01:59.072,1.2807,1.2808,1.69,1.10
2018.02.28 17:01:59.596,1.28071,1.28079,2.81,1.00
2018.02.28 17:01:59.700,1.28071,1.28081,2.62,1.00
2018.02.28 17:02:00.266,1.28072,1.28082,1.12,1.45
2018.02.28 17:02:00.675,1.28072,1.28082,1.31,1.57
2018.02.28 17:02:02.147,1.28072,1.28082,1.31,1.10
2018.02.28 17:02:02.453,1.28076,1.28082,1.00,2.32
2018.02.28 17:02:03.055,1.28076,1.28083,1.00,1.87
2018.02.28 17:02:03.569,1.28076,1.28082,1.00,1.00
2018.02.28 17:02:11.400,1.28074,1.28082,7.31,1.00
2018.02.28 17:02:12.231,1.28076,1.28082,1.00,1.00
2018.02.28 17:02:13.208,1.28074,1.28082,4.87,1.00
2018.02.28 17:02:14.667,1.28072,1.28081,4.50,1.00
2018.02.28 17:02:14.982,1.28072,1.28081,3.75,1.57
2018.02.28 17:02:15.504,1.28072,1.28081,3.19,1.87
2018.02.28 17:02:16.081,1.28072,1.2808,1.31,1.00
2018.02.28 17:02:16.604,1.28072,1.28081,3.56,1.12
2018.02.28 17:02:17.439,1.28072,1.28081,5.81,1.12
2018.02.28 17:02:17.943,1.28074,1.28081,1.00,1.00
2018.02.28 17:02:18.469,1.28073,1.28082,1.50,1.87
2018.02.28 17:02:18.997,1.28072,1.28081,5.62,1.00
2018.02.28 17:02:30.110,1.28073,1.28081,4.12,1.00
2018.02.28 17:02:30.664,1.28074,1.28082,1.31,1.00
2018.02.28 17:02:31.172,1.28075,1.28082,1.00,1.00
2018.02.28 17:02:31.852,1.28074,1.28082,9.19,1.00
2018.02.28 17:02:34.353,1.28074,1.28083,2.81,1.12
2018.02.28 17:02:35.416,1.28074,1.28082,3.37,1.00
2018.02.28 17:02:36.280,1.28074,1.28083,3.37,1.12
2018.02.28 17:02:36.817,1.28074,1.28082,2.62,1.00
2018.02.28 17:02:38.023,1.28074,1.28082,3.56,1.50
2018.02.28 17:02:39.188,1.28074,1.28082,5.06,1.50
2018.02.28 17:02:40.986,1.28074,1.28082,1.25,1.87
2018.02.28 17:02:41.089,1.28072,1.28081,1.12,1.12
2018.02.28 17:02:41.620,1.28073,1.28081,1.00,1.12
2018.02.28 17:02:42.286,1.28073,1.28081,1.00,1.37
2018.02.28 17:02:42.591,1.28073,1.28082,1.12,1.50
2018.02.28 17:02:43.124,1.28073,1.28081,3.37,1.00
2018.02.28 17:02:43.649,1.28074,1.28081,1.00,1.00
2018.02.28 17:02:44.749,1.28073,1.28079,1.00,2.25
2018.02.28 17:02:44.801,1.28069,1.28077,1.50,1.50
2018.02.28 17:02:45.581,1.28068,1.28077,1.31,1.50
2018.02.28 17:02:46.359,1.28069,1.28077,1.00,1.50
2018.02.28 17:02:46.869,1.28068,1.28077,2.81,1.50
2018.02.28 17:02:48.900,1.28069,1.28077,1.00,1.50
2018.02.28 17:02:51.304,1.28068,1.28077,1.87,1.00
2018.02.28 17:02:51.355,1.28068,1.28075,2.06,1.00
2018.02.28 17:02:52.311,1.28069,1.28075,1.00,1.00
2018.02.28 17:02:53.779,1.28068,1.28075,2.81,1.00
2018.02.28 17:02:54.821,1.2807,1.28075,1.00,1.00
2018.02.28 17:02:54.927,1.2807,1.28079,1.69,1.50
2018.02.28 17:02:55.500,1.2807,1.2808,5.14,1.00
2018.02.28 17:02:56.696,1.28069,1.28077,3.00,1.00
2018.02.28 17:02:57.241,1.2807,1.28078,1.37,1.50
2018.02.28 17:02:58.521,1.28071,1.2808,4.69,1.00
2018.02.28 17:03:00.087,1.28073,1.28081,1.12,1.00
2018.02.28 17:03:00.638,1.28072,1.2808,2.25,1.00
2018.02.28 17:03:01.142,1.28072,1.28081,3.00,1.50
2018.02.28 17:03:03.510,1.28072,1.28081,4.69,1.00
2018.02.28 17:03:04.073,1.28072,1.28081,1.87,2.76
2018.02.28 17:03:04.591,1.28072,1.28081,1.12,2.01
2018.02.28 17:03:05.026,1.28071,1.28079,2.62,1.00
2018.02.28 17:03:05.529,1.2807,1.28078,1.95,1.00
2018.02.28 17:03:07.242,1.2807,1.28078,3.45,1.00
2018.02.28 17:03:07.396,1.28069,1.28078,2.32,1.12
2018.02.28 17:03:07.604,1.28068,1.28075,1.50,1.00
2018.02.28 17:03:08.214,1.28068,1.28074,1.50,1.00
2018.02.28 17:03:08.267,1.28066,1.28074,3.37,1.00
2018.02.28 17:03:08.372,1.28064,1.28074,4.50,1.00
2018.02.28 17:03:08.425,1.28063,1.2807,1.50,1.00
2018.02.28 17:03:08.938,1.28059,1.28069,6.45,1.00
2018.02.28 17:03:09.932,1.2806,1.28069,1.37,1.00
2018.02.28 17:03:11.041,1.28059,1.28067,1.87,1.00
2018.02.28 17:03:12.162,1.28063,1.28068,2.62,1.00
2018.02.28 17:03:12.219,1.28063,1.28072,2.25,1.63
2018.02.28 17:03:12.376,1.28061,1.2807,1.50,1.00
2018.02.28 17:03:12.429,1.28061,1.2807,1.00,1.12
2018.02.28 17:03:12.585,1.28059,1.28067,4.20,1.00
2018.02.28 17:03:13.229,1.28059,1.28068,4.50,1.50
2018.02.28 17:03:13.943,1.28059,1.28068,3.75,1.50
2018.02.28 17:03:14.641,1.28061,1.2807,1.37,1.00
2018.02.28 17:03:15.231,1.2806,1.28067,1.37,1.00
2018.02.28 17:03:15.333,1.28059,1.28067,1.00,6.00
2018.02.28 17:03:17.711,1.28059,1.28068,1.12,1.87
2018.02.28 17:03:18.227,1.28059,1.28067,1.12,1.00
2018.02.28 17:03:18.762,1.28059,1.28068,4.12,1.00
2018.02.28 17:03:19.280,1.28059,1.28069,1.12,2.25
2018.02.28 17:03:19.794,1.28059,1.28068,1.31,1.00
2018.02.28 17:03:20.321,1.28061,1.28068,1.00,1.00
2018.02.28 17:03:20.424,1.28062,1.2807,1.00,3.75
2018.02.28 17:03:20.526,1.2806,1.28067,3.45,1.00
2018.02.28 17:03:21.186,1.28059,1.28069,4.57,1.50
2018.02.28 17:03:21.693,1.28059,1.28067,1.87,1.00
2018.02.28 17:03:22.206,1.2806,1.28065,1.00,1.00
2018.02.28 17:03:23.555,1.28059,1.28065,1.87,1.00
2018.02.28 17:03:26.017,1.28058,1.28065,1.57,1.00
2018.02.28 17:03:26.121,1.28058,1.28067,1.12,1.00
2018.02.28 17:03:26.642,1.28058,1.28067,4.31,1.00
2018.02.28 17:03:27.295,1.28058,1.28067,4.31,1.00
2018.02.28 17:03:27.944,1.28058,1.28067,5.81,1.00
2018.02.28 17:03:28.473,1.28058,1.28068,3.56,1.12
2018.02.28 17:03:28.880,1.28058,1.28066,1.12,1.00
2018.02.28 17:03:29.430,1.28059,1.28065,1.00,1.00
2018.02.28 17:03:31.516,1.28059,1.28066,1.00,1.00
2018.02.28 17:03:31.829,1.28057,1.28064,1.37,1.00
2018.02.28 17:03:32.426,1.28057,1.28065,2.25,1.00
2018.02.28 17:03:34.341,1.28057,1.28064,1.37,1.00
2018.02.28 17:03:35.159,1.28057,1.28066,1.37,4.12
2018.02.28 17:03:36.376,1.28058,1.28064,1.12,1.00
2018.02.28 17:03:36.726,1.28059,1.28066,1.00,1.50
2018.02.28 17:03:37.238,1.28056,1.28065,1.37,2.62
2018.02.28 17:03:37.747,1.28056,1.28064,2.62,1.00
2018.02.28 17:03:39.896,1.28056,1.28065,2.25,1.50
2018.02.28 17:03:41.391,1.28057,1.28066,1.37,1.00
2018.02.28 17:03:46.268,1.28057,1.28066,3.37,1.95
2018.02.28 17:03:50.899,1.28057,1.28065,3.37,1.45
2018.02.28 17:03:52.511,1.28058,1.28066,1.12,1.95
2018.02.28 17:03:53.041,1.28056,1.28066,1.50,1.50
2018.02.28 17:03:54.552,1.28058,1.28067,1.00,1.00
2018.02.28 17:03:55.231,1.28058,1.28067,3.00,1.57
2018.02.28 17:03:56.088,1.28059,1.28067,1.00,1.57
2018.02.28 17:03:56.202,1.28061,1.28067,1.50,1.00
2018.02.28 17:03:56.253,1.28063,1.2807,1.00,1.10
2018.02.28 17:03:56.407,1.28061,1.28069,1.87,1.10
2018.02.28 17:03:56.514,1.28059,1.28068,4.87,1.20
2018.02.28 17:03:58.355,1.28059,1.28064,1.00,1.50
2018.02.28 17:03:58.460,1.28056,1.28065,1.87,1.57
2018.02.28 17:03:58.564,1.28056,1.28065,1.37,1.95
2018.02.28 17:03:58.821,1.28055,1.28065,1.87,2.32
2018.02.28 17:03:59.080,1.28054,1.28063,1.12,1.45
2018.02.28 17:03:59.590,1.28055,1.28063,1.00,1.45
2018.02.28 17:04:00.124,1.28054,1.28061,1.12,1.00
2018.02.28 17:04:00.642,1.28053,1.28062,1.37,1.95
2018.02.28 17:04:01.517,1.28053,1.28062,1.00,1.95
2018.02.28 17:04:02.064,1.2805,1.2806,4.50,1.10
2018.02.28 17:04:02.649,1.28051,1.28059,1.87,1.00
2018.02.28 17:04:03.195,1.28051,1.28061,1.37,4.20
2018.02.28 17:04:05.655,1.28051,1.2806,1.37,1.20
2018.02.28 17:04:06.171,1.28052,1.2806,2.25,1.00
2018.02.28 17:04:06.378,1.28053,1.28062,1.00,1.20
2018.02.28 17:04:07.459,1.28055,1.28064,2.25,2.32
2018.02.28 17:04:07.981,1.28054,1.28064,1.12,2.32
2018.02.28 17:04:08.907,1.28054,1.28064,1.12,4.20
2018.02.28 17:04:09.213,1.2805,1.2806,3.00,2.70
2018.02.28 17:04:09.753,1.2805,1.28058,1.87,1.00
2018.02.28 17:04:10.274,1.28051,1.28059,1.37,1.95
2018.02.28 17:04:12.356,1.28051,1.28058,1.37,2.25
2018.02.28 17:04:12.778,1.28049,1.28059,1.00,6.82
2018.02.28 17:04:12.829,1.28049,1.28059,1.00,5.32
2018.02.28 17:04:13.920,1.28049,1.28059,1.12,1.57
2018.02.28 17:04:15.164,1.28049,1.28059,1.50,1.95
2018.02.28 17:04:15.521,1.28049,1.28059,1.37,2.32
2018.02.28 17:04:15.675,1.28049,1.28059,3.75,2.70
2018.02.28 17:04:16.242,1.28051,1.2806,1.12,1.12
2018.02.28 17:04:16.752,1.28051,1.2806,1.87,3.00
2018.02.28 17:04:18.339,1.28051,1.28059,1.37,2.25
2018.02.28 17:04:18.852,1.2805,1.2806,2.62,1.50
2018.02.28 17:04:19.448,1.2805,1.28059,1.37,1.00
2018.02.28 17:04:20.059,1.2805,1.28059,1.87,1.00
2018.02.28 17:04:20.578,1.2805,1.2806,1.37,3.82
2018.02.28 17:04:21.053,1.2805,1.28058,1.37,1.00
2018.02.28 17:04:21.257,1.2805,1.28059,1.12,2.62
2018.02.28 17:04:22.950,1.2805,1.2806,1.12,3.45
2018.02.28 17:04:23.106,1.28051,1.28058,1.12,2.25
2018.02.28 17:04:23.619,1.28052,1.28059,1.00,2.25
2018.02.28 17:04:24.137,1.28051,1.28058,1.87,2.25
2018.02.28 17:04:25.562,1.28051,1.28059,1.50,4.50
2018.02.28 17:04:25.877,1.28051,1.28061,2.25,2.62
2018.02.28 17:04:26.244,1.28051,1.28059,1.12,2.25
2018.02.28 17:04:26.487,1.28051,1.28061,1.12,2.25
2018.02.28 17:04:26.696,1.28051,1.28058,1.12,2.25
2018.02.28 17:04:27.039,1.28051,1.2806,1.12,1.00
2018.02.28 17:04:27.579,1.28051,1.28061,1.12,1.87
2018.02.28 17:04:28.704,1.28051,1.28059,2.06,1.00
2018.02.28 17:04:29.039,1.28051,1.28061,2.06,3.37
2018.02.28 17:04:30.102,1.28051,1.28061,2.06,1.87
2018.02.28 17:04:30.634,1.28051,1.28061,1.87,3.75
2018.02.28 17:04:32.220,1.28051,1.28061,1.12,4.20
2018.02.28 17:04:32.745,1.28051,1.28059,2.06,1.50
2018.02.28 17:04:37.979,1.28051,1.28058,1.12,1.00
2018.02.28 17:04:38.033,1.28049,1.28057,1.12,1.00
2018.02.28 17:04:38.549,1.28049,1.28058,1.12,1.12
2018.02.28 17:04:39.166,1.2805,1.28058,1.00,1.12
2018.02.28 17:04:39.678,1.28051,1.28059,1.00,1.50
2018.02.28 17:04:40.019,1.28049,1.28059,2.81,2.25
2018.02.28 17:04:40.533,1.2805,1.28059,1.00,3.75
2018.02.28 17:04:47.417,1.28051,1.28058,1.00,2.62
2018.02.28 17:04:47.469,1.28052,1.2806,1.62,3.75
2018.02.28 17:04:47.571,1.28051,1.28059,1.00,2.62
2018.02.28 17:04:48.097,1.2805,1.28059,1.87,3.75
2018.02.28 17:04:48.631,1.2805,1.28058,1.87,1.00
2018.02.28 17:04:49.238,1.28051,1.28059,1.00,4.50
2018.02.28 17:04:53.156,1.28051,1.28057,1.00,1.00
2018.02.28 17:04:53.664,1.28051,1.28059,1.00,4.50
2018.02.28 17:04:56.423,1.28051,1.28059,1.50,5.25
2018.02.28 17:04:56.958,1.28051,1.2806,1.00,3.37
2018.02.28 17:04:57.524,1.2805,1.2806,4.12,1.87
2018.02.28 17:04:57.628,1.28051,1.2806,1.87,1.12
2018.02.28 17:04:58.152,1.28053,1.28062,1.00,1.37
2018.02.28 17:04:58.719,1.28053,1.28062,1.00,1.00
2018.02.28 17:05:00.104,1.28054,1.28063,1.00,3.37
2018.02.28 17:05:00.899,1.28055,1.28063,1.87,1.12
2018.02.28 17:05:01.001,1.28056,1.28066,2.62,1.12
2018.02.28 17:05:01.053,1.28056,1.28064,1.00,1.00
2018.02.28 17:05:01.577,1.28057,1.28066,1.00,1.47
2018.02.28 17:05:02.194,1.28057,1.28066,1.00,1.47
2018.02.28 17:05:03.976,1.28057,1.28064,1.00,1.20
2018.02.28 17:05:04.028,1.28054,1.28063,1.00,1.12
2018.02.28 17:05:04.080,1.28053,1.28061,1.87,1.00
2018.02.28 17:05:04.666,1.28053,1.28062,1.12,1.00
2018.02.28 17:05:05.210,1.28054,1.28062,1.00,1.00
2018.02.28 17:05:05.746,1.28053,1.28064,1.50,6.07
2018.02.28 17:05:06.482,1.28053,1.28064,2.25,4.57
2018.02.28 17:05:06.791,1.28054,1.28061,1.00,2.25
2018.02.28 17:05:06.844,1.28053,1.28063,1.12,1.00
2018.02.28 17:05:07.063,1.28055,1.28063,1.00,1.00
2018.02.28 17:05:10.704,1.28053,1.28064,3.75,3.07
2018.02.28 17:05:11.043,1.28052,1.2806,1.87,1.00
2018.02.28 17:05:11.096,1.28053,1.28062,1.37,3.37
2018.02.28 17:05:11.633,1.28054,1.28063,1.00,3.00
2018.02.28 17:05:12.010,1.28053,1.28059,1.12,1.00
2018.02.28 17:05:12.425,1.28055,1.2806,1.00,2.25
2018.02.28 17:05:12.478,1.28053,1.28063,1.87,3.00
2018.02.28 17:05:12.992,1.28052,1.28062,2.62,1.12
2018.02.28 17:05:14.233,1.28052,1.28063,2.62,1.20
2018.02.28 17:05:15.429,1.28052,1.28063,3.45,1.87
2018.02.28 17:05:15.546,1.28059,1.28065,1.12,1.00
2018.02.28 17:05:15.648,1.28059,1.28067,1.00,1.00
2018.02.28 17:05:15.801,1.28056,1.28067,1.00,5.51
2018.02.28 17:05:16.111,1.28056,1.28062,1.00,2.25
2018.02.28 17:05:16.162,1.28056,1.28064,1.00,1.00
2018.02.28 17:05:16.213,1.28054,1.28063,1.12,1.50
2018.02.28 17:05:16.806,1.28054,1.28062,1.12,1.00
2018.02.28 17:05:17.312,1.28054,1.28061,1.00,1.00
2018.02.28 17:05:17.415,1.28056,1.28062,1.00,1.00
2018.02.28 17:05:17.517,1.28056,1.28064,1.00,1.87
2018.02.28 17:05:18.077,1.28055,1.28064,1.00,1.87
2018.02.28 17:05:18.601,1.28054,1.28063,1.57,1.00
2018.02.28 17:05:19.239,1.28054,1.28064,4.57,1.87
2018.02.28 17:05:20.482,1.28056,1.28064,1.00,1.12
2018.02.28 17:05:21.015,1.28057,1.28065,1.00,1.12
2018.02.28 17:05:21.520,1.28056,1.28065,1.50,1.12
2018.02.28 17:05:21.859,1.28055,1.28061,1.00,1.00
2018.02.28 17:05:22.225,1.28055,1.28063,1.00,1.87
2018.02.28 17:05:23.104,1.28055,1.28061,1.00,2.25
2018.02.28 17:05:23.638,1.28054,1.28061,1.12,2.25
2018.02.28 17:05:24.311,1.28054,1.28062,1.12,3.00
2018.02.28 17:05:25.333,1.28054,1.28061,1.12,2.25
2018.02.28 17:05:25.840,1.28053,1.2806,1.37,2.25
2018.02.28 17:05:26.353,1.28053,1.28061,1.37,2.62
2018.02.28 17:05:26.915,1.28053,1.2806,1.12,2.25
2018.02.28 17:05:27.426,1.28053,1.28061,1.12,4.87
2018.02.28 17:05:27.732,1.28053,1.28059,1.12,2.25
2018.02.28 17:05:27.835,1.28051,1.28059,1.00,3.37
2018.02.28 17:05:27.887,1.28049,1.28059,1.12,1.47
2018.02.28 17:05:29.744,1.28049,1.28057,1.00,2.62
2018.02.28 17:05:29.848,1.28049,1.28055,1.00,1.00
2018.02.28 17:05:30.354,1.28046,1.28054,3.37,1.00
2018.02.28 17:05:30.870,1.28047,1.28055,1.87,1.00
2018.02.28 17:05:31.208,1.28049,1.28058,1.37,2.25
2018.02.28 17:05:31.260,1.2805,1.2806,1.37,5.25
2018.02.28 17:05:31.827,1.28052,1.2806,1.00,3.00
2018.02.28 17:05:32.461,1.28052,1.28059,1.00,3.00
2018.02.28 17:05:33.081,1.28051,1.28059,1.87,3.00
2018.02.28 17:05:33.604,1.28051,1.28059,1.87,1.00
2018.02.28 17:05:33.964,1.28052,1.28061,1.12,5.62
2018.02.28 17:05:34.016,1.28052,1.28059,1.12,1.00
2018.02.28 17:05:34.358,1.28053,1.28061,1.00,3.75
2018.02.28 17:05:34.511,1.28052,1.28059,1.87,2.25
2018.02.28 17:05:34.664,1.28052,1.28061,1.87,3.75
2018.02.28 17:05:34.990,1.28052,1.2806,1.87,1.37
2018.02.28 17:05:35.504,1.28052,1.2806,1.87,3.00
2018.02.28 17:05:38.437,1.28053,1.28061,1.50,2.62
2018.02.28 17:05:40.029,1.28053,1.28063,1.50,1.50
2018.02.28 17:05:40.622,1.28053,1.28062,2.25,1.00
2018.02.28 17:05:41.149,1.28053,1.28062,1.50,1.37
2018.02.28 17:05:41.699,1.28053,1.28062,1.00,1.12
2018.02.28 17:05:41.751,1.28052,1.2806,1.12,4.50
2018.02.28 17:05:42.859,1.28051,1.28059,1.12,2.25
2018.02.28 17:05:43.526,1.28051,1.2806,1.12,1.87
2018.02.28 17:05:44.040,1.28051,1.2806,1.12,3.00
2018.02.28 17:05:44.569,1.28051,1.2806,1.12,1.50
2018.02.28 17:05:45.079,1.28051,1.2806,1.12,1.87
2018.02.28 17:05:46.379,1.28051,1.2806,1.12,3.00
2018.02.28 17:05:46.695,1.28053,1.2806,1.00,2.25
2018.02.28 17:05:47.217,1.28053,1.28061,1.00,1.12
2018.02.28 17:05:47.701,1.28053,1.28059,1.00,2.25
2018.02.28 17:05:48.063,1.28051,1.28059,2.62,3.37
2018.02.28 17:05:48.241,1.28052,1.28061,1.12,2.25
2018.02.28 17:05:48.779,1.28051,1.2806,2.62,1.00
2018.02.28 17:05:49.309,1.28052,1.2806,1.00,2.25
2018.02.28 17:05:49.746,1.28051,1.28058,2.62,1.00
2018.02.28 17:05:50.055,1.28052,1.2806,1.00,1.95
2018.02.28 17:05:50.562,1.28051,1.2806,1.00,1.95
2018.02.28 17:05:51.093,1.28051,1.28059,1.37,1.00
2018.02.28 17:05:55.070,1.28052,1.28061,1.00,1.12
2018.02.28 17:05:55.616,1.28053,1.2806,1.00,3.00
2018.02.28 17:05:56.159,1.28053,1.28061,1.00,1.12
2018.02.28 17:05:56.583,1.28051,1.28058,1.00,7.12
2018.02.28 17:05:56.635,1.28047,1.28057,3.07,5.25
2018.02.28 17:05:56.738,1.28048,1.28055,1.87,1.00
2018.02.28 17:05:56.843,1.28051,1.28058,1.00,4.12
2018.02.28 17:05:56.895,1.28049,1.28057,1.50,1.00
2018.02.28 17:05:57.000,1.28049,1.28055,1.00,2.25
2018.02.28 17:05:57.238,1.28049,1.28058,1.12,2.62
2018.02.28 17:05:57.290,1.28051,1.28058,1.00,3.00
2018.02.28 17:05:57.342,1.28049,1.28058,1.87,1.00
2018.02.28 17:05:58.698,1.28049,1.28057,1.12,2.25
2018.02.28 17:05:58.851,1.28048,1.28055,1.37,1.50
2018.02.28 17:05:59.387,1.28048,1.28056,1.37,1.87
2018.02.28 17:05:59.941,1.28048,1.28055,1.37,1.00
2018.02.28 17:06:00.493,1.28049,1.28056,1.12,1.00
2018.02.28 17:06:01.010,1.28048,1.28055,1.37,1.00
2018.02.28 17:06:01.700,1.28046,1.28054,2.25,1.00
2018.02.28 17:06:02.403,1.28045,1.28053,1.50,3.97
2018.02.28 17:06:02.506,1.28042,1.28051,1.00,4.12
2018.02.28 17:06:03.037,1.28042,1.2805,1.50,1.62
2018.02.28 17:06:03.580,1.28042,1.28049,1.00,1.00
2018.02.28 17:06:04.217,1.28042,1.2805,1.00,2.74
2018.02.28 17:06:04.906,1.28042,1.28048,1.00,7.50
2018.02.28 17:06:05.009,1.28038,1.28048,1.00,6.00
2018.02.28 17:06:05.162,1.28039,1.28045,1.00,1.00
2018.02.28 17:06:05.734,1.28037,1.28046,2.62,2.62
2018.02.28 17:06:06.709,1.28037,1.28047,1.37,5.74
2018.02.28 17:06:07.051,1.28036,1.28045,4.12,1.12
2018.02.28 17:06:07.366,1.28036,1.28044,1.12,2.25
2018.02.28 17:06:07.421,1.28027,1.28031,1.12,2.25
2018.02.28 17:06:07.473,1.28024,1.28032,1.00,2.25
2018.02.28 17:06:07.575,1.28024,1.28028,1.00,1.12
2018.02.28 17:06:07.626,1.28022,1.28027,1.00,2.25
2018.02.28 17:06:07.677,1.2802,1.28028,1.95,1.87
2018.02.28 17:06:08.223,1.28019,1.28027,1.37,2.25
2018.02.28 17:06:08.742,1.28018,1.28028,1.37,2.62
2018.02.28 17:06:12.007,1.28019,1.2803,1.00,3.07
2018.02.28 17:06:14.731,1.28019,1.28028,1.00,1.00
2018.02.28 17:06:15.452,1.2802,1.28028,1.00,1.00
2018.02.28 17:06:16.042,1.2802,1.28029,1.00,2.62
2018.02.28 17:06:16.611,1.2802,1.28028,1.00,1.00
2018.02.28 17:06:17.330,1.28022,1.2803,1.00,1.37
2018.02.28 17:06:17.538,1.2802,1.2803,2.32,1.37
2018.02.28 17:06:18.148,1.2802,1.28029,1.00,1.12
2018.02.28 17:06:18.664,1.28021,1.2803,1.00,2.62
2018.02.28 17:06:19.677,1.2802,1.28029,1.00,1.12
2018.02.28 17:06:19.983,1.28023,1.2803,1.00,1.37
2018.02.28 17:06:20.034,1.28019,1.2803,6.07,2.62
2018.02.28 17:06:20.374,1.28021,1.2803,1.00,1.87
2018.02.28 17:06:20.586,1.28022,1.28031,1.00,1.00
2018.02.28 17:06:20.639,1.28023,1.28032,1.37,1.12
2018.02.28 17:06:21.186,1.28024,1.28033,1.12,1.12
2018.02.28 17:06:21.811,1.28024,1.28034,1.12,1.12
2018.02.28 17:06:22.117,1.28031,1.28036,1.37,1.00
2018.02.28 17:06:22.168,1.28031,1.28038,2.55,1.00
2018.02.28 17:06:22.220,1.28032,1.28041,1.00,2.62
2018.02.28 17:06:22.766,1.28033,1.28042,1.12,1.50
2018.02.28 17:06:23.390,1.28034,1.28042,1.00,1.00
2018.02.28 17:06:23.909,1.28034,1.28043,1.00,1.00
2018.02.28 17:06:24.729,1.28035,1.28043,1.00,3.00
2018.02.28 17:06:27.432,1.28035,1.28042,1.00,2.25
2018.02.28 17:06:27.949,1.28035,1.28044,1.00,1.87
2018.02.28 17:06:28.109,1.28034,1.28041,1.12,1.12
2018.02.28 17:06:28.670,1.28032,1.28042,1.47,1.87
2018.02.28 17:06:29.011,1.28032,1.2804,1.12,1.00
2018.02.28 17:06:29.218,1.28033,1.28042,1.00,2.62
2018.02.28 17:06:29.803,1.28032,1.28041,2.25,1.00
2018.02.28 17:06:30.113,1.28034,1.28042,1.00,1.87
2018.02.28 17:06:31.119,1.28035,1.28043,1.00,1.00
2018.02.28 17:06:31.432,1.2804,1.28049,1.00,1.37
2018.02.28 17:06:31.538,1.28042,1.28051,1.87,1.50
2018.02.28 17:06:32.055,1.28041,1.2805,1.37,1.00
2018.02.28 17:06:32.586,1.28041,1.28051,1.37,1.00
2018.02.28 17:06:33.103,1.28043,1.28051,1.00,1.50
2018.02.28 17:06:35.828,1.28043,1.28052,2.25,1.12
2018.02.28 17:06:38.645,1.28043,1.28051,1.50,2.25
2018.02.28 17:06:39.200,1.28043,1.28052,1.50,2.25
2018.02.28 17:06:39.788,1.28043,1.28051,1.87,2.25
2018.02.28 17:06:40.431,1.28043,1.28052,1.12,3.75
2018.02.28 17:06:40.944,1.28043,1.28051,1.87,2.25
2018.02.28 17:06:41.386,1.28044,1.28053,3.00,5.62
2018.02.28 17:06:41.489,1.28046,1.28053,1.00,1.00
2018.02.28 17:06:42.004,1.28046,1.28055,1.87,2.62
2018.02.28 17:06:42.520,1.28045,1.28053,3.07,2.25
2018.02.28 17:06:43.034,1.28045,1.28054,3.45,1.12
2018.02.28 17:06:44.057,1.28045,1.28055,1.87,3.37
2018.02.28 17:06:45.512,1.28046,1.28054,1.10,1.12
2018.02.28 17:06:46.025,1.28048,1.28057,1.50,1.87
2018.02.28 17:06:46.539,1.28049,1.28057,1.00,3.37
2018.02.28 17:06:49.342,1.28048,1.28058,4.57,1.50
2018.02.28 17:06:49.908,1.28049,1.28058,1.00,1.50
2018.02.28 17:06:50.899,1.28049,1.28057,1.12,1.12
2018.02.28 17:06:51.547,1.28049,1.28056,1.00,4.87
2018.02.28 17:06:51.690,1.28047,1.28055,1.00,1.87
2018.02.28 17:06:53.675,1.28045,1.28054,1.50,1.12
2018.02.28 17:06:54.698,1.28046,1.28055,1.12,4.12
2018.02.28 17:06:55.250,1.28047,1.28055,1.50,3.37
2018.02.28 17:06:56.082,1.28048,1.28053,1.00,2.25
2018.02.28 17:06:56.185,1.28045,1.28052,1.12,1.00
2018.02.28 17:06:56.765,1.28045,1.28051,1.12,2.25
2018.02.28 17:06:57.312,1.28044,1.28052,1.12,2.25
2018.02.28 17:06:58.081,1.28044,1.28051,1.87,2.25
2018.02.28 17:06:58.183,1.28044,1.28053,1.12,2.62
2018.02.28 17:06:59.078,1.28045,1.28053,1.00,1.12
2018.02.28 17:06:59.615,1.28044,1.28053,1.87,1.12
2018.02.28 17:06:59.667,1.28044,1.28051,2.62,2.25
2018.02.28 17:07:00.038,1.28046,1.28052,1.50,1.00
2018.02.28 17:07:00.565,1.28047,1.28055,1.00,5.26
2018.02.28 17:07:00.962,1.28046,1.28055,1.00,6.76
2018.02.28 17:07:01.517,1.28046,1.28053,1.00,2.25
2018.02.28 17:07:02.091,1.28046,1.28054,1.00,3.00
2018.02.28 17:07:02.641,1.28046,1.28053,1.12,4.50
2018.02.28 17:07:03.176,1.28047,1.28054,1.00,1.51
2018.02.28 17:07:03.736,1.28046,1.28054,1.50,3.76
2018.02.28 17:07:04.374,1.28046,1.28054,1.50,4.51
2018.02.28 17:07:05.047,1.28047,1.28053,1.00,1.00
2018.02.28 17:07:05.585,1.28045,1.28054,3.07,3.39
2018.02.28 17:07:06.349,1.28045,1.28053,6.07,1.00
2018.02.28 17:07:06.899,1.28045,1.28054,4.50,3.39
2018.02.28 17:07:07.413,1.28045,1.28053,4.57,2.25
2018.02.28 17:07:08.344,1.28045,1.28054,4.50,1.14
2018.02.28 17:07:09.060,1.28045,1.28053,4.87,2.25
2018.02.28 17:07:09.663,1.28045,1.28054,4.12,5.62
2018.02.28 17:07:10.177,1.28045,1.28053,4.12,2.25
2018.02.28 17:07:10.746,1.28044,1.28051,1.00,2.62
2018.02.28 17:07:11.295,1.28044,1.2805,1.50,2.25
2018.02.28 17:07:11.769,1.28042,1.28051,1.57,1.51
2018.02.28 17:07:14.144,1.28042,1.28051,1.50,3.76
2018.02.28 17:07:14.668,1.28042,1.2805,1.50,1.02
2018.02.28 17:07:15.190,1.28042,1.28051,1.50,5.45
2018.02.28 17:07:15.906,1.28041,1.28047,1.00,1.00
2018.02.28 17:07:16.060,1.28035,1.28042,1.00,2.25
2018.02.28 17:07:18.216,1.28034,1.28042,1.12,1.00
2018.02.28 17:07:19.285,1.28034,1.28041,1.12,2.25
2018.02.28 17:07:19.849,1.28034,1.2804,1.12,2.25
2018.02.28 17:07:20.461,1.28033,1.28041,3.75,4.50
2018.02.28 17:07:20.742,1.28033,1.2804,1.00,2.62
2018.02.28 17:07:20.794,1.28031,1.28041,1.20,6.56
2018.02.28 17:07:21.212,1.28029,1.28036,1.37,2.62
2018.02.28 17:07:21.417,1.28027,1.28038,1.87,4.12
2018.02.28 17:07:21.573,1.28027,1.28037,1.00,1.87
2018.02.28 17:07:21.830,1.28026,1.28034,1.00,2.25
2018.02.28 17:07:22.445,1.28026,1.28035,1.00,2.25
2018.02.28 17:07:23.005,1.28026,1.28034,1.00,2.25
2018.02.28 17:07:23.515,1.28026,1.28035,1.00,3.37
2018.02.28 17:07:24.668,1.28026,1.28035,1.00,5.62
2018.02.28 17:07:26.228,1.28026,1.28035,1.00,4.87
2018.02.28 17:07:26.771,1.28026,1.28034,1.00,2.25
2018.02.28 17:07:27.274,1.28026,1.28035,1.00,4.12
2018.02.28 17:07:28.699,1.28026,1.28035,1.00,1.87
2018.02.28 17:07:29.927,1.28028,1.28035,1.50,1.12
2018.02.28 17:07:30.441,1.28026,1.28035,1.95,1.18
2018.02.28 17:07:31.110,1.28026,1.28034,1.10,1.18
2018.02.28 17:07:31.626,1.28025,1.28034,1.87,1.18
2018.02.28 17:07:31.730,1.28027,1.28035,1.00,1.63
2018.02.28 17:07:33.117,1.28027,1.28036,1.00,4.63
2018.02.28 17:07:33.658,1.28027,1.28036,1.00,1.18
2018.02.28 17:07:34.205,1.28027,1.28036,1.00,1.87
2018.02.28 17:07:36.370,1.28028,1.28037,1.00,3.88
2018.02.28 17:07:36.892,1.28031,1.28038,1.00,3.00
2018.02.28 17:07:37.482,1.28031,1.28039,1.00,1.87
2018.02.28 17:07:37.535,1.2803,1.28039,1.00,1.50
2018.02.28 17:07:37.588,1.28032,1.28041,1.12,2.70
2018.02.28 17:07:38.121,1.28033,1.28042,1.00,2.62
2018.02.28 17:07:44.019,1.28033,1.28042,1.50,2.62
2018.02.28 17:07:45.340,1.28033,1.28043,3.07,1.87
2018.02.28 17:07:45.659,1.28038,1.28044,1.00,1.00
2018.02.28 17:07:45.712,1.2804,1.28048,1.12,1.12
2018.02.28 17:07:46.761,1.2804,1.2805,1.00,1.87
2018.02.28 17:07:51.216,1.28041,1.2805,1.50,1.37
2018.02.28 17:07:52.288,1.28041,1.28051,1.50,1.87
2018.02.28 17:07:56.224,1.28042,1.28051,1.00,1.87
2018.02.28 17:08:02.717,1.28041,1.28051,1.00,1.37
2018.02.28 17:08:03.773,1.28042,1.28051,1.37,3.00
2018.02.28 17:08:04.287,1.28044,1.28053,1.00,1.87
2018.02.28 17:08:04.894,1.28044,1.28053,1.50,3.75
2018.02.28 17:08:05.203,1.28044,1.28051,1.00,1.00
2018.02.28 17:08:05.729,1.28043,1.2805,1.12,1.00
2018.02.28 17:08:06.023,1.28043,1.28052,1.12,4.12
2018.02.28 17:08:07.916,1.28043,1.28052,1.37,1.00
2018.02.28 17:08:08.448,1.28046,1.28052,1.12,1.00
2018.02.28 17:08:08.552,1.28048,1.28056,1.50,2.62
2018.02.28 17:08:09.069,1.28047,1.28056,1.50,1.87
2018.02.28 17:08:10.230,1.28048,1.28056,1.00,1.00
2018.02.28 17:08:11.660,1.28048,1.28054,1.00,2.25
2018.02.28 17:08:11.813,1.28043,1.28051,1.37,2.25
2018.02.28 17:08:12.338,1.28043,1.2805,1.37,2.25
2018.02.28 17:08:12.856,1.28043,1.28051,1.37,2.25
2018.02.28 17:08:13.382,1.28043,1.28051,1.12,2.25
2018.02.28 17:08:13.883,1.28043,1.28052,1.12,3.75
2018.02.28 17:08:14.390,1.28043,1.2805,1.12,2.25
2018.02.28 17:08:14.841,1.28046,1.28051,1.00,4.50
2018.02.28 17:08:15.548,1.28047,1.28053,1.00,2.62
2018.02.28 17:08:16.066,1.28045,1.28053,1.50,3.00
2018.02.28 17:08:16.272,1.28045,1.28052,1.00,2.62
2018.02.28 17:08:16.617,1.28047,1.28052,1.00,2.62
2018.02.28 17:08:18.234,1.28047,1.28053,1.00,4.12
2018.02.28 17:08:18.286,1.28048,1.28053,1.00,1.00
2018.02.28 17:08:18.840,1.28047,1.28052,1.00,2.25
2018.02.28 17:08:19.558,1.28047,1.28053,1.00,2.25
2018.02.28 17:08:19.889,1.28047,1.28051,1.00,3.00
2018.02.28 17:08:20.270,1.28044,1.28049,1.00,2.25
2018.02.28 17:08:20.825,1.28045,1.2805,1.00,2.25
2018.02.28 17:08:21.988,1.28045,1.28052,1.00,2.62
2018.02.28 17:08:22.379,1.28046,1.28054,1.00,1.37
2018.02.28 17:08:22.844,1.28043,1.28051,1.00,1.00
2018.02.28 17:08:23.932,1.2804,1.28045,1.12,3.75
2018.02.28 17:08:23.985,1.28036,1.28044,1.37,1.50
2018.02.28 17:08:24.038,1.28036,1.28044,1.50,1.57
2018.02.28 17:08:24.091,1.28034,1.28042,2.62,1.00
2018.02.28 17:08:24.144,1.28035,1.28044,1.12,1.00
2018.02.28 17:08:24.399,1.28035,1.28042,1.12,1.00
2018.02.28 17:08:24.796,1.28033,1.28042,1.12,1.87
2018.02.28 17:08:25.316,1.28031,1.28041,3.37,2.25
2018.02.28 17:08:25.836,1.28031,1.28042,2.62,4.87
2018.02.28 17:08:26.122,1.28031,1.28042,3.45,1.37
2018.02.28 17:08:27.296,1.28031,1.28041,1.57,1.12
2018.02.28 17:08:27.604,1.28026,1.28033,1.00,3.00
2018.02.28 17:08:27.656,1.28024,1.28033,3.75,1.00
2018.02.28 17:08:27.956,1.28025,1.28035,1.00,1.50
2018.02.28 17:08:28.748,1.28024,1.28035,2.25,1.50
2018.02.28 17:08:29.487,1.28024,1.28035,2.25,1.50
2018.02.28 17:08:30.413,1.28024,1.28033,1.50,1.00
2018.02.28 17:08:32.046,1.28024,1.28033,1.12,1.12
2018.02.28 17:08:32.477,1.28024,1.28031,1.00,2.25
2018.02.28 17:08:32.979,1.28023,1.28031,1.12,1.00
2018.02.28 17:08:33.189,1.28018,1.28029,1.12,3.45
2018.02.28 17:08:34.233,1.28018,1.28028,1.67,1.20
2018.02.28 17:08:40.176,1.2802,1.28029,3.75,1.00
2018.02.28 17:08:40.330,1.28021,1.28031,3.75,1.12
2018.02.28 17:08:41.752,1.28021,1.28032,3.00,1.57
2018.02.28 17:08:42.274,1.28021,1.28031,3.75,1.12
2018.02.28 17:08:42.864,1.28022,1.28032,1.12,1.50
2018.02.28 17:08:43.591,1.28022,1.28031,1.12,1.00
2018.02.28 17:08:44.177,1.28022,1.28032,1.12,1.00
2018.02.28 17:08:45.294,1.28022,1.28031,2.25,1.00
2018.02.28 17:08:45.809,1.28022,1.28031,2.25,1.50
2018.02.28 17:08:46.284,1.28022,1.28032,1.50,1.10
2018.02.28 17:08:46.813,1.28022,1.28031,1.50,1.00
2018.02.28 17:08:47.375,1.28022,1.28032,1.50,1.57
2018.02.28 17:08:48.025,1.28022,1.28031,1.50,1.00
2018.02.28 17:08:48.564,1.28022,1.28032,1.00,2.32
2018.02.28 17:08:49.106,1.2802,1.2803,2.25,1.00
2018.02.28 17:08:49.607,1.28021,1.28029,1.12,1.00
2018.02.28 17:08:49.762,1.28022,1.28031,1.12,6.75
2018.02.28 17:08:50.352,1.28023,1.28032,1.00,1.50
2018.02.28 17:08:50.865,1.28023,1.28031,1.00,1.00
2018.02.28 17:08:51.469,1.28023,1.28033,1.20,5.06
2018.02.28 17:08:52.016,1.28026,1.28033,1.00,1.87
2018.02.28 17:08:55.914,1.28025,1.28032,1.00,1.87
2018.02.28 17:09:00.418,1.28025,1.28032,1.37,1.22
2018.02.28 17:09:00.752,1.28025,1.28032,1.37,1.97
2018.02.28 17:09:01.613,1.28025,1.28032,1.50,1.97
2018.02.28 17:09:02.266,1.28025,1.28032,1.50,1.22
2018.02.28 17:09:03.034,1.28025,1.28031,1.37,1.60
2018.02.28 17:09:03.546,1.28025,1.28031,1.00,1.13
2018.02.28 17:09:04.175,1.28025,1.28032,1.00,1.13
2018.02.28 17:09:04.690,1.28025,1.28032,1.00,1.60
2018.02.28 17:09:05.018,1.28026,1.28033,1.00,1.00
2018.02.28 17:09:06.252,1.28026,1.28033,1.00,1.50
2018.02.28 17:09:06.789,1.28026,1.28034,1.00,1.87
2018.02.28 17:09:07.681,1.28026,1.28034,1.00,6.94
2018.02.28 17:09:08.307,1.28025,1.28032,1.00,3.00
2018.02.28 17:09:08.953,1.28025,1.28032,1.00,7.87
2018.02.28 17:09:10.342,1.28025,1.28032,1.00,3.37
2018.02.28 17:09:10.938,1.28026,1.28032,1.00,2.25
2018.02.28 17:09:11.565,1.28026,1.28031,1.00,1.00
2018.02.28 17:09:12.092,1.28026,1.28032,1.00,4.50
2018.02.28 17:09:12.298,1.28026,1.2803,1.00,1.00
2018.02.28 17:09:12.350,1.28024,1.28031,1.00,1.37
2018.02.28 17:09:12.868,1.28025,1.28032,1.00,2.62
2018.02.28 17:09:13.480,1.28026,1.28032,1.00,1.12
2018.02.28 17:09:14.042,1.28026,1.28033,1.00,2.25
2018.02.28 17:09:14.615,1.28026,1.28033,1.00,2.62
2018.02.28 17:09:16.224,1.28026,1.28033,1.00,1.12
2018.02.28 17:09:18.310,1.28027,1.28033,1.00,1.00
2018.02.28 17:09:18.856,1.28027,1.28035,1.00,1.87
2018.02.28 17:09:20.104,1.28027,1.28033,1.00,1.00
2018.02.28 17:09:20.623,1.28027,1.28035,1.00,1.37
2018.02.28 17:09:21.661,1.28027,1.28031,1.00,1.00
2018.02.28 17:09:21.712,1.28026,1.28033,1.50,1.00
2018.02.28 17:09:22.233,1.28026,1.28032,1.00,1.50
2018.02.28 17:09:23.794,1.28027,1.28034,1.12,1.37
2018.02.28 17:09:23.950,1.28028,1.28035,1.50,1.12
2018.02.28 17:09:24.209,1.28031,1.28037,1.00,1.50
2018.02.28 17:09:24.314,1.28028,1.28035,1.00,1.87
2018.02.28 17:09:24.822,1.28028,1.28034,1.00,1.00
2018.02.28 17:09:26.427,1.28028,1.28035,1.00,1.87
2018.02.28 17:09:27.169,1.28028,1.28034,1.00,2.25
2018.02.28 17:09:27.827,1.28027,1.28033,1.00,1.00
2018.02.28 17:09:28.527,1.28027,1.28032,1.00,1.00
2018.02.28 17:09:29.282,1.28027,1.28034,1.00,3.00
2018.02.28 17:09:31.304,1.28027,1.28033,1.00,1.00
2018.02.28 17:09:31.857,1.28027,1.28032,1.00,1.00
2018.02.28 17:09:32.530,1.28026,1.28032,1.12,1.00
2018.02.28 17:09:32.861,1.28029,1.28034,1.00,1.00
2018.02.28 17:09:32.912,1.28029,1.28036,1.00,1.12
2018.02.28 17:09:33.459,1.28028,1.28036,1.00,1.50
2018.02.28 17:09:33.996,1.28028,1.28035,1.00,1.12
2018.02.28 17:09:34.536,1.28028,1.28034,1.00,1.87
2018.02.28 17:09:36.202,1.28027,1.28033,1.00,1.00
2018.02.28 17:09:36.414,1.28025,1.28031,1.87,2.25
2018.02.28 17:09:36.915,1.28026,1.28032,1.00,1.12
2018.02.28 17:09:37.479,1.28025,1.28032,1.00,2.62
2018.02.28 17:09:38.421,1.28025,1.28032,1.00,1.00
2018.02.28 17:09:39.356,1.28027,1.28033,1.00,2.25
2018.02.28 17:09:39.409,1.28027,1.28035,1.00,3.82
2018.02.28 17:09:39.908,1.28027,1.28032,1.00,1.00
2018.02.28 17:09:40.611,1.28025,1.28033,1.50,3.00
2018.02.28 17:09:40.664,1.28024,1.28031,1.12,1.50
2018.02.28 17:09:40.997,1.28021,1.28028,1.00,2.62
2018.02.28 17:09:41.722,1.28022,1.28029,1.00,1.37
2018.02.28 17:09:42.342,1.28026,1.28032,1.00,1.50
2018.02.28 17:09:43.232,1.28026,1.2803,1.50,1.00
2018.02.28 17:09:43.454,1.28026,1.28032,1.50,1.00
2018.02.28 17:09:46.538,1.28026,1.28031,1.50,1.00
2018.02.28 17:09:47.082,1.28026,1.28032,1.00,1.12
2018.02.28 17:09:47.601,1.28026,1.28031,1.00,1.00
2018.02.28 17:09:47.774,1.28024,1.28031,1.00,1.50
2018.02.28 17:09:47.825,1.28026,1.28031,1.00,1.50
2018.02.28 17:09:48.450,1.28024,1.28031,1.50,1.50
2018.02.28 17:09:51.284,1.28026,1.28031,1.00,1.00
2018.02.28 17:09:51.786,1.28027,1.28034,1.00,1.62
2018.02.28 17:09:52.402,1.28027,1.28035,1.00,3.37
2018.02.28 17:09:52.881,1.28029,1.28034,1.00,2.25
2018.02.28 17:09:53.411,1.28028,1.28034,1.00,1.87
2018.02.28 17:09:53.730,1.2803,1.28034,1.00,1.00
2018.02.28 17:09:54.316,1.28029,1.28034,1.00,1.00
2018.02.28 17:09:54.846,1.28029,1.28035,1.00,1.00
2018.02.28 17:09:55.176,1.28034,1.28038,1.00,1.00
2018.02.28 17:09:56.983,1.28032,1.28036,1.50,1.12
2018.02.28 17:09:57.672,1.28032,1.28038,1.00,2.25
2018.02.28 17:09:59.110,1.28031,1.28035,1.00,1.20
2018.02.28 17:09:59.330,1.28029,1.28033,1.00,1.00
2018.02.28 17:09:59.433,1.28027,1.28032,1.00,1.00
2018.02.28 17:09:59.965,1.28026,1.28031,1.00,1.00
2018.02.28 17:10:00.125,1.28024,1.2803,2.25,1.00
2018.02.28 17:10:00.641,1.28024,1.28031,2.25,5.32
2018.02.28 17:10:00.966,1.28026,1.2803,1.00,1.00
2018.02.28 17:10:01.682,1.28026,1.2803,1.00,1.20
2018.02.28 17:10:01.988,1.28023,1.28029,1.50,1.00
2018.02.28 17:10:02.040,1.28025,1.28029,1.00,1.00
2018.02.28 17:10:02.342,1.28024,1.28028,1.00,1.95
2018.02.28 17:10:02.775,1.28024,1.28029,1.00,1.95
2018.02.28 17:10:02.932,1.28025,1.28029,1.00,4.20
2018.02.28 17:10:03.918,1.28023,1.28029,1.50,1.37
2018.02.28 17:10:03.970,1.28025,1.28029,1.00,1.12
2018.02.28 17:10:04.336,1.28031,1.28034,1.00,3.75
2018.02.28 17:10:04.647,1.28035,1.28039,1.00,1.57
2018.02.28 17:10:05.166,1.28035,1.28039,1.00,114.07
2018.02.28 17:10:05.476,1.28034,1.28039,1.00,1.57
2018.02.28 17:10:06.416,1.28035,1.28038,1.00,1.00
2018.02.28 17:10:06.964,1.28035,1.28039,1.00,2.70
2018.02.28 17:10:07.172,1.28036,1.2804,1.00,1.95
2018.02.28 17:10:07.677,1.28037,1.28041,1.00,1.50
2018.02.28 17:10:08.195,1.28036,1.28041,1.50,3.75
2018.02.28 17:10:08.761,1.28036,1.2804,1.00,1.00
2018.02.28 17:10:09.294,1.28036,1.28041,1.00,1.57
2018.02.28 17:10:09.691,1.28035,1.28039,1.00,1.00
2018.02.28 17:10:12.582,1.28036,1.2804,1.00,1.20
2018.02.28 17:10:15.236,1.28035,1.28039,1.00,1.00
2018.02.28 17:10:15.831,1.28036,1.2804,1.00,1.20
2018.02.28 17:10:18.325,1.28036,1.28042,1.00,2.32
2018.02.28 17:10:20.693,1.28036,1.2804,1.00,1.00
2018.02.28 17:10:21.244,1.28037,1.28041,1.00,1.20
2018.02.28 17:10:21.764,1.28038,1.28042,1.00,2.32
2018.02.28 17:10:22.294,1.28038,1.28042,1.50,1.95
2018.02.28 17:10:25.141,1.28039,1.28043,1.00,1.20
2018.02.28 17:10:26.103,1.28039,1.28044,1.00,1.95
2018.02.28 17:10:26.154,1.2804,1.28045,1.00,2.70
2018.02.28 17:10:26.668,1.2804,1.28044,1.50,1.20
2018.02.28 17:10:27.183,1.28042,1.28047,1.00,3.82
2018.02.28 17:10:28.360,1.28042,1.28046,1.00,1.50
2018.02.28 17:10:28.967,1.28043,1.28047,1.00,1.00
2018.02.28 17:10:29.450,1.28041,1.28046,1.00,3.07
2018.02.28 17:10:29.902,1.2804,1.28044,1.00,1.00
2018.02.28 17:10:30.473,1.2804,1.28044,1.00,1.95
2018.02.28 17:10:31.871,1.2804,1.28044,1.00,1.00
2018.02.28 17:10:32.178,1.28042,1.28046,1.00,1.20
2018.02.28 17:10:32.939,1.28042,1.28046,1.00,1.20
2018.02.28 17:10:33.527,1.28041,1.28046,1.00,1.57
2018.02.28 17:10:34.482,1.28042,1.28046,1.00,1.20
2018.02.28 17:10:35.178,1.28042,1.28047,1.00,4.20
2018.02.28 17:10:35.718,1.28042,1.28047,1.00,1.50
2018.02.28 17:10:35.975,1.28041,1.28045,1.00,1.20
2018.02.28 17:10:36.626,1.28042,1.28046,1.00,1.57
2018.02.28 17:10:42.626,1.2804,1.28044,1.00,1.57
2018.02.28 17:10:42.678,1.28034,1.28041,1.87,1.20
2018.02.28 17:10:42.781,1.28036,1.2804,1.00,1.20
2018.02.28 17:10:43.433,1.28035,1.28039,1.00,1.20
2018.02.28 17:10:44.595,1.28036,1.2804,1.00,1.20
2018.02.28 17:10:45.228,1.28034,1.28038,1.00,1.00
2018.02.28 17:10:45.821,1.28035,1.28039,1.00,1.20
2018.02.28 17:10:47.550,1.28033,1.28039,1.00,1.20
2018.02.28 17:10:49.360,1.28032,1.28039,1.00,2.32
2018.02.28 17:10:49.517,1.28029,1.28038,1.50,1.62
2018.02.28 17:10:50.366,1.28028,1.28037,1.00,4.87
2018.02.28 17:10:50.883,1.28028,1.28036,1.00,1.87
2018.02.28 17:10:52.769,1.28027,1.28036,1.50,1.87
2018.02.28 17:10:54.185,1.28026,1.28034,1.00,1.00
2018.02.28 17:10:57.925,1.28024,1.28034,4.12,1.87
2018.02.28 17:10:58.029,1.28023,1.28032,3.00,1.00
2018.02.28 17:10:59.086,1.28024,1.28033,1.12,3.00
2018.02.28 17:10:59.636,1.28024,1.28032,1.00,1.87
2018.02.28 17:11:00.192,1.28024,1.28033,1.00,3.37
2018.02.28 17:11:00.943,1.28025,1.28032,1.00,1.00
2018.02.28 17:11:01.292,1.28027,1.28032,1.00,1.00
2018.02.28 17:11:01.346,1.28027,1.28035,1.00,1.50
2018.02.28 17:11:01.888,1.28028,1.28035,1.00,1.12
2018.02.28 17:11:02.421,1.28027,1.28035,1.50,1.12
2018.02.28 17:11:03.067,1.28028,1.28035,4.87,1.00
2018.02.28 17:11:03.570,1.28031,1.28039,2.62,1.87
2018.02.28 17:11:04.540,1.28031,1.28039,2.25,1.37
2018.02.28 17:11:05.503,1.28031,1.28039,1.87,1.50
2018.02.28 17:11:06.020,1.28032,1.2804,1.87,1.50
2018.02.28 17:11:06.817,1.28032,1.2804,2.62,1.37
2018.02.28 17:11:06.869,1.28032,1.2804,1.87,1.50
2018.02.28 17:11:07.790,1.28032,1.28041,1.57,1.37
2018.02.28 17:11:08.331,1.28034,1.28041,1.00,2.25
2018.02.28 17:11:09.934,1.28034,1.28042,1.12,2.62
2018.02.28 17:11:18.210,1.28035,1.28042,1.00,1.12
2018.02.28 17:11:18.802,1.28035,1.28043,1.00,2.62
2018.02.28 17:11:19.529,1.28034,1.28043,1.00,3.75
2018.02.28 17:11:20.172,1.28036,1.28043,1.00,1.50
2018.02.28 17:11:20.683,1.28034,1.28043,1.00,1.87
2018.02.28 17:11:24.849,1.28039,1.28043,1.00,1.00
2018.02.28 17:11:24.900,1.28039,1.28047,1.00,1.95
2018.02.28 17:11:25.002,1.28041,1.28045,1.00,1.00
2018.02.28 17:11:25.054,1.28039,1.28044,1.00,1.00
2018.02.28 17:11:25.605,1.28038,1.28044,1.00,1.00
2018.02.28 17:11:25.862,1.28035,1.28044,1.00,1.50
2018.02.28 17:11:25.914,1.28034,1.2804,1.00,1.00
2018.02.28 17:11:31.521,1.28036,1.2804,1.00,1.00
2018.02.28 17:11:35.939,1.28036,1.28042,1.50,1.00
2018.02.28 17:11:35.991,1.28038,1.28044,1.00,1.37
2018.02.28 17:11:36.250,1.28034,1.28042,2.25,1.00
2018.02.28 17:11:36.842,1.28035,1.28042,1.87,1.00
2018.02.28 17:11:37.712,1.28035,1.28041,1.00,1.12
2018.02.28 17:11:37.764,1.28037,1.28042,1.00,1.87
2018.02.28 17:11:37.866,1.28037,1.28043,1.00,1.00
2018.02.28 17:11:38.061,1.28035,1.28043,1.87,1.00
2018.02.28 17:11:38.594,1.28036,1.28043,1.12,1.00
2018.02.28 17:11:39.133,1.28035,1.28042,1.00,1.00
2018.02.28 17:11:39.699,1.28034,1.28042,1.50,1.00
2018.02.28 17:11:40.501,1.28036,1.28042,1.00,1.00
2018.02.28 17:11:41.788,1.28036,1.28042,1.00,1.37
2018.02.28 17:11:41.893,1.28034,1.28041,1.12,1.00
2018.02.28 17:11:42.988,1.28035,1.28041,1.00,1.00
2018.02.28 17:11:44.241,1.28037,1.28043,1.00,1.00
2018.02.28 17:11:44.965,1.28038,1.28043,1.00,1.00
2018.02.28 17:11:45.826,1.28036,1.28043,3.75,1.00
2018.02.28 17:11:46.176,1.28038,1.28046,1.00,1.00
2018.02.28 17:11:46.740,1.28038,1.28045,1.12,1.00
2018.02.28 17:11:47.860,1.28039,1.28045,1.00,1.00
2018.02.28 17:11:48.440,1.28038,1.28045,1.00,1.50
2018.02.28 17:11:51.473,1.28039,1.28045,1.00,1.00
2018.02.28 17:11:52.553,1.28038,1.28045,2.25,1.00
2018.02.28 17:11:53.054,1.28039,1.28045,1.87,1.00
2018.02.28 17:11:55.992,1.28038,1.28045,3.37,1.00
2018.02.28 17:11:57.991,1.28039,1.28045,1.12,1.00
2018.02.28 17:11:59.039,1.28038,1.28045,3.37,1.00
2018.02.28 17:12:00.120,1.28039,1.28045,1.00,1.00
2018.02.28 17:12:00.672,1.28038,1.28045,2.25,1.00
2018.02.28 17:12:01.387,1.28039,1.28045,1.50,1.00
2018.02.28 17:12:01.980,1.28038,1.28045,1.50,1.00
2018.02.28 17:12:02.523,1.28039,1.28045,1.00,1.00
2018.02.28 17:12:03.110,1.28038,1.28045,1.50,1.00
2018.02.28 17:12:03.235,1.28036,1.2804,1.12,1.00
2018.02.28 17:12:03.288,1.28032,1.28039,1.00,1.00
2018.02.28 17:12:03.721,1.28032,1.28037,1.00,1.00
2018.02.28 17:12:04.318,1.28031,1.28037,1.50,1.00
2018.02.28 17:12:05.633,1.28031,1.28037,1.37,1.00
2018.02.28 17:12:07.210,1.28031,1.28038,1.50,1.00
2018.02.28 17:12:07.776,1.28032,1.28037,1.37,1.00
2018.02.28 17:12:08.585,1.2803,1.28037,3.75,1.00
2018.02.28 17:12:12.113,1.28031,1.28038,1.50,1.00
2018.02.28 17:12:20.812,1.28032,1.28038,1.00,1.00
2018.02.28 17:12:22.307,1.28031,1.28038,1.00,1.00
2018.02.28 17:12:22.714,1.2803,1.28035,1.00,3.00
2018.02.28 17:12:22.767,1.28027,1.28033,2.25,1.00
2018.02.28 17:12:22.820,1.28025,1.2803,1.00,1.00
2018.02.28 17:12:22.875,1.28022,1.2803,1.00,1.37
2018.02.28 17:12:23.495,1.28021,1.28028,2.25,1.00
2018.02.28 17:12:23.998,1.28022,1.28028,1.00,1.00
2018.02.28 17:12:24.688,1.28021,1.28026,1.50,2.10
2018.02.28 17:12:24.740,1.28016,1.28022,1.95,1.30
2018.02.28 17:12:24.800,1.28014,1.28023,3.75,6.00
2018.02.28 17:12:25.590,1.28013,1.28022,4.87,1.50
2018.02.28 17:12:26.014,1.28013,1.28022,5.25,1.87
2018.02.28 17:12:26.219,1.28015,1.28023,1.00,1.10
2018.02.28 17:12:27.646,1.28015,1.28022,1.00,2.62
2018.02.28 17:12:27.751,1.28013,1.28022,3.00,1.50
2018.02.28 17:12:28.111,1.28015,1.28022,1.00,1.00
2018.02.28 17:12:28.640,1.28016,1.28022,1.00,1.00
2018.02.28 17:12:29.785,1.28017,1.28021,1.00,1.00
2018.02.28 17:12:29.887,1.28015,1.28022,1.00,1.00
2018.02.28 17:12:30.193,1.28017,1.28022,1.00,1.00
2018.02.28 17:12:31.743,1.28017,1.28023,1.00,1.00
2018.02.28 17:12:32.276,1.28016,1.28023,1.00,1.10
2018.02.28 17:12:40.141,1.28016,1.28024,1.00,3.00
2018.02.28 17:12:47.108,1.28016,1.28023,1.00,1.00
2018.02.28 17:12:50.651,1.28016,1.28022,1.00,2.25
2018.02.28 17:12:50.854,1.28013,1.28023,1.37,3.19
2018.02.28 17:12:51.788,1.28013,1.28023,1.37,2.62
2018.02.28 17:12:51.890,1.28017,1.28023,1.00,1.50
2018.02.28 17:12:52.961,1.28017,1.28024,1.00,1.12
2018.02.28 17:12:54.471,1.28017,1.28026,1.00,2.62
2018.02.28 17:12:55.105,1.28018,1.28025,1.00,1.00
2018.02.28 17:12:55.624,1.28017,1.28026,1.00,1.75
2018.02.28 17:12:55.937,1.28019,1.28027,1.00,8.32
2018.02.28 17:12:56.930,1.28018,1.28027,1.00,8.32
2018.02.28 17:12:57.701,1.28017,1.28022,1.00,1.50
2018.02.28 17:12:57.754,1.28015,1.28021,1.00,4.12
2018.02.28 17:12:57.861,1.28013,1.28021,1.87,1.00
2018.02.28 17:12:57.914,1.28015,1.28024,1.50,2.51
2018.02.28 17:12:58.445,1.28016,1.28024,1.00,1.69
2018.02.28 17:12:58.955,1.28016,1.28024,1.00,1.69
2018.02.28 17:12:59.493,1.28015,1.28023,1.00,1.31
2018.02.28 17:13:00.030,1.28015,1.28023,1.00,3.56
2018.02.28 17:13:00.546,1.28015,1.28024,1.00,6.56
2018.02.28 17:13:00.896,1.28012,1.28021,1.12,1.25
2018.02.28 17:13:01.501,1.28012,1.2802,1.50,1.00
2018.02.28 17:13:01.553,1.28015,1.28023,1.00,1.87
2018.02.28 17:13:01.860,1.2801,1.28018,1.00,4.12
2018.02.28 17:13:02.372,1.28009,1.28016,1.00,1.12
2018.02.28 17:13:02.981,1.28008,1.28017,1.00,4.31
2018.02.28 17:13:03.534,1.28008,1.28016,1.00,1.37
2018.02.28 17:13:03.908,1.28004,1.28011,1.00,4.20
2018.02.28 17:13:03.961,1.28003,1.28011,1.00,1.95
2018.02.28 17:13:04.070,1.28005,1.28013,1.00,2.70
2018.02.28 17:13:04.381,1.28007,1.28015,1.00,2.14
2018.02.28 17:13:05.087,1.28005,1.28013,1.00,1.57
2018.02.28 17:13:05.394,1.28005,1.28013,1.00,3.82
2018.02.28 17:13:05.445,1.28005,1.28015,1.00,1.95
2018.02.28 17:13:05.496,1.28007,1.28015,1.00,1.20
2018.02.28 17:13:06.042,1.28008,1.28014,1.00,1.00
2018.02.28 17:13:06.144,1.28003,1.28012,1.12,1.95
2018.02.28 17:13:06.195,1.28005,1.28012,1.00,1.95
2018.02.28 17:13:07.568,1.28004,1.28013,1.00,4.95
2018.02.28 17:13:07.941,1.28004,1.28008,1.00,1.25
2018.02.28 17:13:08.098,1.28,1.28005,1.00,1.00
2018.02.28 17:13:08.150,1.28,1.28008,1.00,1.87
2018.02.28 17:13:09.106,1.28,1.28008,1.12,1.00
2018.02.28 17:13:09.625,1.28,1.28009,1.12,5.32
2018.02.28 17:13:12.800,1.28001,1.28009,1.00,1.95
2018.02.28 17:13:15.507,1.28001,1.28009,1.00,1.10
2018.02.28 17:13:19.922,1.28003,1.28011,1.00,4.20
2018.02.28 17:13:20.506,1.28002,1.28011,1.00,3.45
2018.02.28 17:13:22.132,1.28002,1.28009,1.00,1.37
2018.02.28 17:13:22.288,1.27992,1.28001,2.62,1.12
2018.02.28 17:13:22.816,1.27994,1.28002,1.00,6.00
2018.02.28 17:13:23.515,1.27995,1.28003,1.00,3.82
2018.02.28 17:13:23.566,1.27996,1.28003,1.00,1.50
2018.02.28 17:13:23.671,1.27999,1.28006,1.50,1.12
2018.02.28 17:13:23.725,1.28,1.28009,1.50,1.57
2018.02.28 17:13:23.778,1.28002,1.2801,1.00,1.50
2018.02.28 17:13:32.161,1.28002,1.28011,1.00,1.12
2018.02.28 17:13:32.665,1.28003,1.28011,1.00,1.12
2018.02.28 17:13:33.827,1.28002,1.28011,1.12,2.81
2018.02.28 17:13:34.640,1.28002,1.28011,1.12,3.19
2018.02.28 17:13:35.537,1.28002,1.28009,1.12,1.00
2018.02.28 17:13:36.169,1.28001,1.2801,1.00,2.81
2018.02.28 17:13:36.755,1.28001,1.2801,1.00,2.62
2018.02.28 17:13:36.858,1.28001,1.2801,1.37,1.12
2018.02.28 17:13:37.116,1.28004,1.28013,1.00,3.07
2018.02.28 17:13:38.161,1.28004,1.28014,1.00,2.62
2018.02.28 17:13:38.367,1.28002,1.28011,1.87,1.00
2018.02.28 17:13:44.271,1.28002,1.28013,1.87,1.87
2018.02.28 17:13:44.788,1.28002,1.28012,1.12,1.00
2018.02.28 17:13:47.832,1.28003,1.28012,1.00,1.50
2018.02.28 17:13:49.126,1.28004,1.28012,2.62,1.00
2018.02.28 17:13:49.179,1.28004,1.28014,4.12,1.00
2018.02.28 17:13:49.751,1.28005,1.28014,1.00,1.00
2018.02.28 17:13:49.995,1.28006,1.28016,1.50,2.25
2018.02.28 17:13:51.033,1.28006,1.28016,1.20,1.12
2018.02.28 17:13:53.583,1.28008,1.28016,1.00,1.50
2018.02.28 17:13:54.094,1.28009,1.28016,1.00,1.50
2018.02.28 17:13:54.618,1.2801,1.28017,1.00,1.87
2018.02.28 17:13:54.870,1.28008,1.28018,1.00,1.37
2018.02.28 17:13:55.377,1.28009,1.28018,1.00,1.87
2018.02.28 17:13:56.626,1.28009,1.28018,1.00,1.37
2018.02.28 17:14:00.073,1.2801,1.28018,1.00,1.87
2018.02.28 17:14:00.468,1.28007,1.28017,1.87,1.75
2018.02.28 17:14:00.696,1.28008,1.28018,1.00,2.25
2018.02.28 17:14:02.049,1.28009,1.28018,1.00,2.62
2018.02.28 17:14:02.809,1.28008,1.28018,1.00,4.50
2018.02.28 17:14:04.162,1.28008,1.28016,1.00,1.37
2018.02.28 17:14:04.761,1.28007,1.28016,3.37,1.37
2018.02.28 17:14:06.617,1.28009,1.28016,1.00,1.37
2018.02.28 17:14:07.612,1.28007,1.28016,1.87,1.12
2018.02.28 17:14:08.115,1.28008,1.28016,1.00,1.12
2018.02.28 17:14:08.268,1.28014,1.28018,1.00,1.50
2018.02.28 17:14:08.322,1.28015,1.28021,1.00,1.00
2018.02.28 17:14:08.428,1.28015,1.28023,3.00,1.00
2018.02.28 17:14:08.944,1.28015,1.28022,1.50,1.00
2018.02.28 17:14:11.976,1.28015,1.2802,1.00,1.00
2018.02.28 17:14:12.286,1.2801,1.28017,1.37,1.00
2018.02.28 17:14:13.368,1.2801,1.28017,1.37,1.00
2018.02.28 17:14:13.930,1.2801,1.28016,1.00,1.00
2018.02.28 17:14:14.693,1.28008,1.28016,1.37,1.00
2018.02.28 17:14:16.161,1.28008,1.28016,1.12,1.00
2018.02.28 17:14:16.805,1.28007,1.28011,1.00,1.00
2018.02.28 17:14:16.858,1.28006,1.28011,1.00,1.00
2018.02.28 17:14:16.961,1.28004,1.28011,1.50,1.00
2018.02.28 17:14:17.013,1.28004,1.28009,1.00,1.00
2018.02.28 17:14:19.262,1.28002,1.28009,1.12,1.00
2018.02.28 17:14:19.808,1.28001,1.28009,1.50,1.00
2018.02.28 17:14:22.036,1.28001,1.2801,1.50,1.00
2018.02.28 17:14:24.425,1.28003,1.28011,2.62,1.20
2018.02.28 17:14:24.690,1.28007,1.28016,1.12,1.10
2018.02.28 17:14:25.346,1.28006,1.28016,2.62,1.10
2018.02.28 17:14:25.922,1.28007,1.28016,1.00,1.10
2018.02.28 17:14:25.974,1.28006,1.28014,5.62,1.00
2018.02.28 17:14:27.573,1.28006,1.28015,2.25,1.00
2018.02.28 17:14:28.381,1.28006,1.28015,1.50,1.00
2018.02.28 17:14:29.032,1.28006,1.28014,2.62,1.00
2018.02.28 17:14:30.773,1.28006,1.28012,1.00,1.00
2018.02.28 17:14:31.300,1.28004,1.28012,3.00,1.00
2018.02.28 17:14:31.838,1.28004,1.28013,2.62,1.00
2018.02.28 17:14:32.415,1.28004,1.28013,1.00,1.00
2018.02.28 17:14:35.773,1.28004,1.28008,1.00,1.00
2018.02.28 17:14:35.826,1.28002,1.28007,1.00,1.00
2018.02.28 17:14:36.343,1.28,1.28007,1.37,1.00
2018.02.28 17:14:36.644,1.27999,1.28007,1.12,1.00
2018.02.28 17:14:39.362,1.27999,1.28007,1.00,2.32
2018.02.28 17:14:39.466,1.27997,1.28005,1.50,1.12
2018.02.28 17:14:41.227,1.27996,1.28002,1.00,1.00
2018.02.28 17:14:41.382,1.27993,1.28002,1.12,1.57
2018.02.28 17:14:42.892,1.27992,1.28001,2.25,1.00
2018.02.28 17:14:43.547,1.27993,1.28001,1.00,1.00
2018.02.28 17:14:43.721,1.27995,1.28003,4.50,1.50
2018.02.28 17:14:43.826,1.27997,1.28006,1.12,1.95
2018.02.28 17:14:44.358,1.27997,1.28008,1.12,4.20
2018.02.28 17:14:46.297,1.27997,1.28007,1.00,1.50
2018.02.28 17:14:47.810,1.27996,1.28006,1.12,2.32
2018.02.28 17:14:48.350,1.27997,1.28005,1.00,1.12
2018.02.28 17:14:49.170,1.27997,1.28003,1.00,1.00
2018.02.28 17:14:49.222,1.27995,1.28003,1.12,1.00
2018.02.28 17:14:49.447,1.27995,1.28005,1.12,1.10
2018.02.28 17:14:49.965,1.27998,1.28005,1.00,1.12
2018.02.28 17:14:50.649,1.27998,1.28007,1.00,1.95
2018.02.28 17:14:51.892,1.27998,1.28007,1.00,1.95
2018.02.28 17:14:52.397,1.27999,1.28007,1.00,1.20
2018.02.28 17:14:53.652,1.27999,1.28007,1.00,1.95
2018.02.28 17:14:54.724,1.27998,1.28005,1.00,1.57
2018.02.28 17:14:54.807,1.27996,1.28005,1.00,1.87
2018.02.28 17:14:55.896,1.27995,1.28005,1.00,3.07
2018.02.28 17:14:56.202,1.27997,1.28005,1.00,1.87
2018.02.28 17:14:58.074,1.27997,1.28003,1.00,1.00
2018.02.28 17:14:58.176,1.27995,1.28003,1.00,1.00
2018.02.28 17:14:58.757,1.27995,1.28006,4.50,2.70
2018.02.28 17:14:58.810,1.27999,1.28006,1.00,1.50
2018.02.28 17:14:59.270,1.27999,1.28005,1.00,4.20
2018.02.28 17:14:59.323,1.27997,1.28005,1.00,4.20
2018.02.28 17:14:59.427,1.27995,1.28004,1.00,1.50
2018.02.28 17:15:00.776,1.27995,1.28004,1.00,1.50
2018.02.28 17:15:01.477,1.27996,1.28004,1.00,1.50
2018.02.28 17:15:02.073,1.27996,1.28004,1.00,1.95
2018.02.28 17:15:02.615,1.27995,1.28003,1.00,1.00
2018.02.28 17:15:03.130,1.27996,1.28006,1.87,1.12
2018.02.28 17:15:03.182,1.27999,1.28006,1.00,1.00
2018.02.28 17:15:04.134,1.27999,1.28006,1.00,1.75
2018.02.28 17:15:04.186,1.27996,1.28004,1.00,1.37
2018.02.28 17:15:04.238,1.27998,1.28006,1.00,2.25
2018.02.28 17:15:06.085,1.27998,1.28005,1.00,1.10
2018.02.28 17:15:06.137,1.27996,1.28005,2.62,1.10
2018.02.28 17:15:07.792,1.27999,1.28007,1.00,2.70
2018.02.28 17:15:08.904,1.28002,1.28008,1.00,1.57
2018.02.28 17:15:09.871,1.28,1.28005,1.00,1.12
2018.02.28 17:15:10.074,1.27996,1.28005,1.00,1.37
2018.02.28 17:15:10.125,1.27999,1.28005,1.00,1.37
2018.02.28 17:15:10.654,1.27998,1.28005,1.00,1.37
2018.02.28 17:15:11.256,1.27999,1.28005,1.00,1.37
2018.02.28 17:15:14.146,1.27996,1.28004,1.00,1.12
2018.02.28 17:15:20.953,1.27996,1.28005,1.00,1.87
2018.02.28 17:15:21.506,1.27997,1.28005,1.00,4.50
2018.02.28 17:15:22.161,1.27996,1.28005,1.00,4.50
2018.02.28 17:15:23.398,1.27996,1.28002,1.00,1.00
2018.02.28 17:15:23.551,1.27993,1.28002,1.37,1.57
2018.02.28 17:15:23.602,1.27993,1.28,1.37,1.00
2018.02.28 17:15:24.394,1.27993,1.28,1.00,1.00
2018.02.28 17:15:25.128,1.27993,1.28003,1.00,4.01
2018.02.28 17:15:27.074,1.27993,1.28003,1.00,3.00
2018.02.28 17:15:28.239,1.27993,1.28003,1.37,2.99
2018.02.28 17:15:28.565,1.28,1.28007,1.37,1.57
2018.02.28 17:15:29.035,1.28002,1.2801,1.00,2.25
2018.02.28 17:15:30.611,1.28002,1.2801,1.00,1.87
2018.02.28 17:15:32.723,1.28002,1.28009,1.00,1.50
2018.02.28 17:15:32.776,1.28,1.28007,1.12,1.00
2018.02.28 17:15:32.928,1.28001,1.28009,1.00,1.20
2018.02.28 17:15:33.790,1.28001,1.28007,1.00,1.12
2018.02.28 17:15:35.143,1.28001,1.28007,1.00,1.37
2018.02.28 17:15:36.291,1.28001,1.28009,1.00,1.50
2018.02.28 17:15:37.408,1.28001,1.28008,1.00,1.37
2018.02.28 17:15:38.097,1.28001,1.28008,1.00,1.00
2018.02.28 17:15:38.786,1.28002,1.28009,1.00,3.00
2018.02.28 17:15:39.955,1.28002,1.28011,1.12,1.00
2018.02.28 17:15:40.502,1.28003,1.28012,1.00,1.12
2018.02.28 17:15:41.468,1.28003,1.28013,2.25,4.87
2018.02.28 17:15:41.571,1.28006,1.28015,1.00,1.12
2018.02.28 17:15:41.874,1.28005,1.28013,1.00,1.37
2018.02.28 17:15:42.397,1.28003,1.28013,1.37,1.95
2018.02.28 17:15:44.262,1.28003,1.28013,1.37,1.57
2018.02.28 17:15:44.780,1.28003,1.28012,1.12,1.00
2018.02.28 17:15:45.482,1.28003,1.28014,1.12,4.01
2018.02.28 17:15:45.827,1.28006,1.28014,1.00,1.50
2018.02.28 17:15:46.366,1.28005,1.28014,1.12,1.00
2018.02.28 17:15:47.914,1.28005,1.28011,1.00,1.12
2018.02.28 17:15:48.016,1.28002,1.28014,1.37,5.32
2018.02.28 17:15:48.549,1.28004,1.28013,1.12,1.00
2018.02.28 17:15:51.551,1.28004,1.28011,1.00,1.00
2018.02.28 17:15:52.250,1.28004,1.28012,1.00,2.51
2018.02.28 17:15:52.815,1.28004,1.28011,1.00,1.00
2018.02.28 17:15:55.968,1.28004,1.28012,1.00,3.37
2018.02.28 17:15:57.834,1.28004,1.2801,1.00,1.00
2018.02.28 17:15:58.304,1.28003,1.28007,1.00,1.12
2018.02.28 17:15:58.501,1.27995,1.28002,1.00,1.00
2018.02.28 17:15:58.915,1.27995,1.28004,1.00,1.87
2018.02.28 17:15:59.485,1.27996,1.28005,1.00,4.20
2018.02.28 17:15:59.999,1.27996,1.28005,1.00,1.00
2018.02.28 17:16:02.500,1.27997,1.28006,1.00,1.20
2018.02.28 17:16:02.604,1.28,1.28007,1.00,1.37
2018.02.28 17:16:02.855,1.27998,1.28006,1.00,1.25
2018.02.28 17:16:03.395,1.27998,1.28006,1.00,3.82
2018.02.28 17:16:04.812,1.27998,1.28006,1.00,1.10
2018.02.28 17:16:05.336,1.27998,1.28006,1.00,1.50
2018.02.28 17:16:06.151,1.27997,1.28005,1.00,1.20
2018.02.28 17:16:07.901,1.27999,1.28006,1.00,3.75
2018.02.28 17:16:09.071,1.27999,1.28006,1.00,1.87
2018.02.28 17:16:09.820,1.27999,1.28006,1.00,1.37
2018.02.28 17:16:11.443,1.27999,1.28008,1.00,2.62
2018.02.28 17:16:11.952,1.28,1.28008,1.00,1.87
2018.02.28 17:16:12.908,1.28,1.28009,1.12,4.57
2018.02.28 17:16:13.011,1.28001,1.28009,1.00,1.50
2018.02.28 17:16:19.389,1.28001,1.2801,1.00,1.87
2018.02.28 17:16:20.282,1.28001,1.2801,1.50,2.25
2018.02.28 17:16:20.334,1.28003,1.28012,1.00,2.81
2018.02.28 17:16:21.105,1.28003,1.28013,1.00,3.37
2018.02.28 17:16:21.652,1.28004,1.28013,1.12,1.50
2018.02.28 17:16:22.795,1.28004,1.28014,1.37,1.10
2018.02.28 17:16:24.336,1.28004,1.28012,1.00,1.00
2018.02.28 17:16:24.481,1.28002,1.28012,1.12,1.31
2018.02.28 17:16:24.585,1.28002,1.28013,1.12,3.26
2018.02.28 17:16:25.119,1.28003,1.28012,1.00,1.00
2018.02.28 17:16:25.621,1.28003,1.28014,1.37,2.32
2018.02.28 17:16:27.462,1.28003,1.28014,1.12,3.07
2018.02.28 17:16:28.066,1.28005,1.28014,1.00,1.95
2018.02.28 17:16:28.372,1.28007,1.28016,1.00,1.20
2018.02.28 17:16:29.193,1.28008,1.28016,1.00,1.12
2018.02.28 17:16:29.511,1.2801,1.28017,1.00,1.12
2018.02.28 17:16:32.545,1.2801,1.28017,1.00,1.50
2018.02.28 17:16:32.667,1.28008,1.28015,1.00,1.12
2018.02.28 17:16:32.719,1.28005,1.28013,1.00,1.00
2018.02.28 17:16:33.705,1.28005,1.28015,1.00,6.75
2018.02.28 17:16:33.758,1.28007,1.28015,1.00,6.37
2018.02.28 17:16:34.118,1.28009,1.28015,1.00,1.87
2018.02.28 17:16:34.270,1.28007,1.28015,1.12,1.87
2018.02.28 17:16:34.544,1.28005,1.28014,1.00,1.00
2018.02.28 17:16:35.071,1.28006,1.28015,1.00,3.75
2018.02.28 17:16:35.480,1.28008,1.28016,1.00,1.12
2018.02.28 17:16:36.230,1.28008,1.28017,1.00,1.50
2018.02.28 17:16:36.739,1.28008,1.28016,1.00,1.00
2018.02.28 17:16:37.278,1.28007,1.28017,1.00,1.95
2018.02.28 17:16:37.791,1.28007,1.28016,1.00,1.87
2018.02.28 17:16:39.425,1.28007,1.28017,3.45,1.37
2018.02.28 17:16:39.965,1.28007,1.28017,1.00,1.37
2018.02.28 17:16:44.795,1.28007,1.28015,1.00,1.50
2018.02.28 17:16:45.310,1.28006,1.28015,1.00,1.00
2018.02.28 17:16:45.911,1.28006,1.28016,1.00,3.82
2018.02.28 17:16:46.247,1.28008,1.28016,1.00,1.12
2018.02.28 17:16:47.409,1.28007,1.28018,1.50,3.82
2018.02.28 17:16:47.947,1.28008,1.28017,1.00,1.87
2018.02.28 17:16:48.530,1.28007,1.28017,1.87,1.12
2018.02.28 17:16:49.031,1.28008,1.28017,1.00,1.12
2018.02.28 17:16:53.707,1.28008,1.28017,1.00,1.37
2018.02.28 17:16:54.750,1.28009,1.28017,1.00,1.37
2018.02.28 17:16:55.299,1.28007,1.28019,2.32,6.82
2018.02.28 17:16:55.966,1.28008,1.28017,1.00,1.87
2018.02.28 17:17:00.714,1.28008,1.28017,1.37,4.50
2018.02.28 17:17:00.817,1.2801,1.28019,1.00,1.87
2018.02.28 17:17:01.326,1.28011,1.2802,1.00,3.75
2018.02.28 17:17:01.928,1.2801,1.2802,1.00,1.87
2018.02.28 17:17:01.980,1.2801,1.2802,1.87,1.00
2018.02.28 17:17:02.085,1.2801,1.28022,3.22,1.12
2018.02.28 17:17:02.652,1.28013,1.28022,1.00,1.00
2018.02.28 17:17:04.223,1.28016,1.28022,1.00,1.00
2018.02.28 17:17:04.482,1.28014,1.28022,1.50,1.00
2018.02.28 17:17:04.991,1.28014,1.28021,1.50,1.00
2018.02.28 17:17:05.586,1.28015,1.28021,1.00,1.00
2018.02.28 17:17:05.689,1.28016,1.28022,1.37,1.00
2018.02.28 17:17:05.741,1.28015,1.28022,1.00,1.00
2018.02.28 17:17:06.281,1.28014,1.28022,2.25,1.00
2018.02.28 17:17:09.699,1.28014,1.28023,1.12,1.12
2018.02.28 17:17:09.751,1.28013,1.28023,1.50,7.37
2018.02.28 17:17:10.291,1.28013,1.28023,1.00,2.50
2018.02.28 17:17:11.296,1.28013,1.28021,1.12,1.07
2018.02.28 17:17:11.583,1.28015,1.28023,1.00,1.20
2018.02.28 17:17:16.115,1.28015,1.28025,1.00,4.95
2018.02.28 17:17:16.644,1.28014,1.28021,1.00,1.10
2018.02.28 17:17:17.531,1.28012,1.2802,1.87,1.12
2018.02.28 17:17:18.072,1.28012,1.2802,1.12,1.57
2018.02.28 17:17:19.975,1.28011,1.2802,1.12,1.20
2018.02.28 17:17:21.109,1.28012,1.28019,1.00,1.10
2018.02.28 17:17:21.951,1.28011,1.2802,1.12,1.95
2018.02.28 17:17:22.705,1.28014,1.28019,1.00,1.00
2018.02.28 17:17:23.228,1.28014,1.2802,1.00,1.00
2018.02.28 17:17:24.472,1.28015,1.2802,1.00,1.00
2018.02.28 17:17:25.141,1.28013,1.28019,1.00,1.00
2018.02.28 17:17:25.194,1.28015,1.28019,1.00,1.00
2018.02.28 17:17:25.732,1.28019,1.28024,1.00,1.00
2018.02.28 17:17:25.783,1.28022,1.28029,1.00,1.57
2018.02.28 17:17:25.835,1.28023,1.28031,1.50,3.00
2018.02.28 17:17:25.886,1.28029,1.28035,1.00,1.82
2018.02.28 17:17:25.990,1.28033,1.28041,1.30,1.50
2018.02.28 17:17:26.094,1.28036,1.28044,1.00,3.00
2018.02.28 17:17:26.405,1.28038,1.28048,1.87,1.87
2018.02.28 17:17:26.457,1.2804,1.28049,1.00,1.87
2018.02.28 17:17:26.712,1.28035,1.28043,1.00,1.37
2018.02.28 17:17:27.890,1.28035,1.28044,1.00,3.75
2018.02.28 17:17:29.138,1.28033,1.28043,2.62,1.50
2018.02.28 17:17:29.190,1.28034,1.28044,1.12,1.12
2018.02.28 17:17:29.242,1.28038,1.28044,1.00,1.12
2018.02.28 17:17:29.780,1.28039,1.28046,1.00,4.12
2018.02.28 17:17:30.305,1.28038,1.28045,1.00,1.37
2018.02.28 17:17:30.960,1.28037,1.28045,1.00,2.62
2018.02.28 17:17:31.784,1.28037,1.28042,1.00,1.50
2018.02.28 17:17:32.282,1.28035,1.28041,1.00,1.12
2018.02.28 17:17:32.384,1.28034,1.28039,1.00,1.00
2018.02.28 17:17:32.436,1.28032,1.2804,1.12,2.32
2018.02.28 17:17:32.905,1.28034,1.28042,1.20,1.37
2018.02.28 17:17:33.313,1.28039,1.28045,1.20,2.62
2018.02.28 17:17:33.784,1.28037,1.28043,2.25,1.00
2018.02.28 17:17:33.939,1.28031,1.2804,1.87,2.70
2018.02.28 17:17:34.449,1.28031,1.28038,1.00,1.87
2018.02.28 17:17:35.326,1.2803,1.28038,1.00,1.87
2018.02.28 17:17:35.429,1.28028,1.28035,1.12,1.12
2018.02.28 17:17:35.979,1.28027,1.28034,1.00,1.95
2018.02.28 17:17:36.318,1.28025,1.28032,1.00,1.00
2018.02.28 17:17:36.420,1.28027,1.28036,1.00,2.62
2018.02.28 17:17:36.575,1.28029,1.28036,1.00,1.37
2018.02.28 17:17:37.675,1.28029,1.28037,1.00,1.87
2018.02.28 17:17:38.405,1.28031,1.28039,1.00,1.87
2018.02.28 17:17:38.719,1.28034,1.28041,1.20,1.87
2018.02.28 17:17:39.666,1.28036,1.28041,1.00,1.50
2018.02.28 17:17:39.770,1.28045,1.28051,1.20,1.37
2018.02.28 17:17:39.823,1.28048,1.28051,1.00,1.00
2018.02.28 17:17:39.938,1.2805,1.28057,1.37,1.00
2018.02.28 17:17:40.022,1.28052,1.2806,1.45,1.12
2018.02.28 17:17:40.126,1.28051,1.28062,2.32,4.87
2018.02.28 17:17:40.641,1.28051,1.28061,1.57,1.87
2018.02.28 17:17:41.188,1.2805,1.28061,2.70,3.75
2018.02.28 17:17:42.252,1.2805,1.28059,2.70,1.00
2018.02.28 17:17:42.304,1.2805,1.2806,1.45,3.00
2018.02.28 17:17:42.819,1.2805,1.2806,1.45,4.31
2018.02.28 17:17:45.638,1.28049,1.28058,2.32,1.37
2018.02.28 17:17:46.144,1.2805,1.28058,1.45,1.50
2018.02.28 17:17:46.422,1.28051,1.2806,2.32,1.00
2018.02.28 17:17:47.780,1.28051,1.2806,1.57,1.00
2018.02.28 17:17:50.380,1.28054,1.28062,1.45,3.00
2018.02.28 17:17:50.965,1.28053,1.28061,2.32,1.00
2018.02.28 17:17:51.017,1.28051,1.2806,3.82,1.00
2018.02.28 17:17:53.751,1.28057,1.28062,2.25,1.00
2018.02.28 17:17:53.803,1.28058,1.28062,3.07,1.00
2018.02.28 17:17:53.855,1.28059,1.28066,1.00,2.25
2018.02.28 17:17:54.407,1.28057,1.28065,2.32,2.25
2018.02.28 17:17:54.616,1.28053,1.28063,2.70,2.44
2018.02.28 17:17:54.669,1.28056,1.28062,1.20,1.37
2018.02.28 17:17:54.722,1.28057,1.28063,3.07,1.87
2018.02.28 17:17:54.831,1.28056,1.28064,4.57,1.00
2018.02.28 17:17:55.716,1.28057,1.28065,2.32,1.12
2018.02.28 17:17:57.472,1.28063,1.28067,1.10,1.12
2018.02.28 17:17:57.678,1.28061,1.28069,1.45,1.12
2018.02.28 17:17:57.782,1.28067,1.28071,1.12,1.00
2018.02.28 17:17:57.835,1.2807,1.28076,1.57,1.87
2018.02.28 17:17:57.887,1.28075,1.28079,1.57,2.62
2018.02.28 17:17:57.939,1.28074,1.28081,2.40,1.87
2018.02.28 17:17:58.044,1.28075,1.2808,1.10,1.00
2018.02.28 17:17:58.096,1.28074,1.28081,1.45,1.00
2018.02.28 17:17:58.277,1.28071,1.2808,1.20,1.00
2018.02.28 17:17:58.828,1.28073,1.28081,1.07,1.00
2018.02.28 17:17:58.932,1.28071,1.28079,1.07,3.00
2018.02.28 17:17:59.449,1.28071,1.2808,1.57,4.12
2018.02.28 17:17:59.972,1.28071,1.28079,1.07,3.00
2018.02.28 17:18:00.178,1.28069,1.2808,2.32,4.50
2018.02.28 17:18:00.230,1.28069,1.28078,1.20,1.37
2018.02.28 17:18:00.755,1.2807,1.28078,3.82,1.87
2018.02.28 17:18:00.910,1.28074,1.2808,1.10,1.12
2018.02.28 17:18:01.411,1.28072,1.2808,2.32,1.12
2018.02.28 17:18:01.999,1.28072,1.2808,1.10,3.00
2018.02.28 17:18:02.564,1.28071,1.28078,3.37,1.37
2018.02.28 17:18:02.865,1.2807,1.28077,1.57,1.87
2018.02.28 17:18:02.973,1.28068,1.28077,1.57,1.12
2018.02.28 17:18:03.477,1.28068,1.28077,1.57,2.62
2018.02.28 17:18:04.477,1.28068,1.28077,2.32,2.62
2018.02.28 17:18:04.528,1.28068,1.28077,1.57,2.62
2018.02.28 17:18:08.488,1.28067,1.28075,4.12,1.12
2018.02.28 17:18:10.151,1.28067,1.28075,4.12,1.12
2018.02.28 17:18:11.124,1.28067,1.28075,1.50,1.12
2018.02.28 17:18:11.632,1.28067,1.28076,3.37,1.87
2018.02.28 17:18:12.642,1.28068,1.28077,1.10,1.12
2018.02.28 17:18:13.194,1.28069,1.28078,1.12,1.37
2018.02.28 17:18:13.744,1.28069,1.28078,1.95,1.00
2018.02.28 17:18:13.848,1.28072,1.28078,1.00,1.00
2018.02.28 17:18:14.004,1.28072,1.28081,2.25,1.37
2018.02.28 17:18:15.519,1.28074,1.28081,1.12,1.37
2018.02.28 17:18:15.723,1.28072,1.28081,1.10,1.37
2018.02.28 17:18:16.239,1.28072,1.28081,1.57,1.37
2018.02.28 17:18:17.792,1.28072,1.2808,1.95,1.37
2018.02.28 17:18:18.358,1.28072,1.28081,1.57,1.87
2018.02.28 17:18:21.119,1.28072,1.2808,1.10,1.87
2018.02.28 17:18:21.660,1.28073,1.28081,1.12,1.87
2018.02.28 17:18:26.531,1.28072,1.28082,3.00,1.87
2018.02.28 17:18:26.633,1.28074,1.28082,1.00,1.37
2018.02.28 17:18:28.172,1.28075,1.28082,1.00,1.37
2018.02.28 17:18:28.586,1.28075,1.28082,1.00,1.00
2018.02.28 17:18:28.638,1.28077,1.28085,1.00,1.95
2018.02.28 17:18:28.844,1.28078,1.28086,1.00,1.50
2018.02.28 17:18:39.543,1.28078,1.28085,1.00,1.00
2018.02.28 17:18:40.317,1.28078,1.28086,1.00,1.12
2018.02.28 17:18:40.740,1.28078,1.28086,1.00,1.87
2018.02.28 17:18:42.900,1.28078,1.28085,1.50,1.12
2018.02.28 17:18:43.446,1.28077,1.28085,1.50,1.12
2018.02.28 17:18:46.640,1.28078,1.28085,1.50,1.12
2018.02.28 17:18:49.640,1.28078,1.28086,1.50,1.87
2018.02.28 17:18:49.951,1.2808,1.28087,1.00,2.62
2018.02.28 17:18:50.801,1.2808,1.28087,1.00,1.12
2018.02.28 17:18:51.365,1.28079,1.28088,1.00,2.62
2018.02.28 17:18:51.932,1.28079,1.28088,1.37,1.37
2018.02.28 17:18:53.165,1.28079,1.28088,1.12,1.87
2018.02.28 17:18:53.475,1.28087,1.2809,1.37,1.12
2018.02.28 17:18:53.528,1.28085,1.28094,1.12,1.57
2018.02.28 17:18:53.580,1.28084,1.28093,3.00,1.87
2018.02.28 17:18:55.037,1.28084,1.2809,1.87,1.37
2018.02.28 17:18:55.406,1.28084,1.28093,2.25,3.07
2018.02.28 17:18:56.547,1.28083,1.28094,2.62,4.95
2018.02.28 17:18:57.069,1.28083,1.28093,2.25,1.10
2018.02.28 17:18:58.839,1.28087,1.28092,1.12,1.20
2018.02.28 17:18:58.892,1.28089,1.28095,1.12,1.00
2018.02.28 17:18:58.995,1.28085,1.28095,1.72,2.32
2018.02.28 17:18:59.597,1.28085,1.28094,1.00,1.20
2018.02.28 17:19:04.935,1.28086,1.28094,2.25,2.32
2018.02.28 17:19:04.986,1.28088,1.28094,2.25,1.20
2018.02.28 17:19:05.038,1.28088,1.28096,2.25,1.95
2018.02.28 17:19:05.571,1.28088,1.28097,1.72,1.57
2018.02.28 17:19:05.622,1.28089,1.28097,2.25,1.57
2018.02.28 17:19:05.826,1.28087,1.28096,8.47,1.00
2018.02.28 17:19:06.405,1.28088,1.28096,2.25,1.00
2018.02.28 17:19:06.456,1.28091,1.28097,2.47,1.20
2018.02.28 17:19:06.640,1.2809,1.28099,2.10,1.20
2018.02.28 17:19:07.676,1.2809,1.28097,1.75,1.20
2018.02.28 17:19:08.143,1.2809,1.28099,1.50,1.95
2018.02.28 17:19:08.805,1.28092,1.28099,1.50,1.00
2018.02.28 17:19:09.487,1.28095,1.281,1.12,1.00
2018.02.28 17:19:09.539,1.28095,1.28103,1.12,1.45
2018.02.28 17:19:09.643,1.28095,1.28104,3.97,1.20
2018.02.28 17:19:09.695,1.28096,1.28106,2.62,1.20
2018.02.28 17:19:10.413,1.28098,1.2811,2.25,4.20
2018.02.28 17:19:10.941,1.28099,1.2811,1.12,5.32
2018.02.28 17:19:12.402,1.28098,1.28109,1.57,1.00
2018.02.28 17:19:13.360,1.28099,1.28109,1.50,1.45
2018.02.28 17:19:13.923,1.28103,1.28109,1.50,1.57
2018.02.28 17:19:13.976,1.28104,1.28113,1.95,1.87
2018.02.28 17:19:14.487,1.28102,1.28112,1.12,1.12
2018.02.28 17:19:14.996,1.28102,1.28112,1.37,2.62
2018.02.28 17:19:15.377,1.28102,1.2811,1.37,1.00
2018.02.28 17:19:15.924,1.28102,1.28111,1.57,1.12
2018.02.28 17:19:16.661,1.28108,1.28113,8.25,3.00
2018.02.28 17:19:16.815,1.28117,1.28124,2.25,1.00
2018.02.28 17:19:16.867,1.28121,1.28126,2.50,2.25
2018.02.28 17:19:17.020,1.28123,1.2813,1.95,1.50
2018.02.28 17:19:17.297,1.28124,1.28133,2.70,2.25
2018.02.28 17:19:17.553,1.28125,1.28133,1.10,1.50
2018.02.28 17:19:18.305,1.28125,1.28134,1.00,3.37
2018.02.28 17:19:18.823,1.28126,1.28134,1.00,1.50
2018.02.28 17:19:19.460,1.28125,1.28129,1.00,1.87
2018.02.28 17:19:19.512,1.28122,1.28127,1.00,1.00
2018.02.28 17:19:19.563,1.2812,1.28127,1.50,1.00
2018.02.28 17:19:21.703,1.28121,1.28129,1.37,3.75
2018.02.28 17:19:23.096,1.2812,1.28127,1.50,1.12
2018.02.28 17:19:23.566,1.28121,1.28129,2.25,1.12
2018.02.28 17:19:24.132,1.28122,1.2813,1.50,3.07
2018.02.28 17:19:24.678,1.28123,1.28131,1.00,3.07
2018.02.28 17:19:24.904,1.28122,1.28131,1.50,1.10
2018.02.28 17:19:25.608,1.28124,1.28133,1.00,4.20
2018.02.28 17:19:26.118,1.28125,1.28133,1.00,1.57
2018.02.28 17:19:26.560,1.28126,1.2813,1.00,1.00
2018.02.28 17:19:26.662,1.28123,1.2813,1.50,1.20
2018.02.28 17:19:27.114,1.28121,1.28128,3.00,1.87
2018.02.28 17:19:27.420,1.28121,1.28128,1.00,4.57
2018.02.28 17:19:27.925,1.28119,1.28129,2.25,1.20
2018.02.28 17:19:28.442,1.28121,1.28129,1.00,2.70
2018.02.28 17:19:29.282,1.28124,1.28129,1.00,1.50
2018.02.28 17:19:29.441,1.28123,1.28131,1.50,2.25
2018.02.28 17:19:29.597,1.28126,1.28134,1.50,1.95
2018.02.28 17:19:29.650,1.28126,1.28134,2.25,1.20
2018.02.28 17:19:30.167,1.28129,1.28137,1.87,1.50
2018.02.28 17:19:31.298,1.28129,1.28136,1.12,1.12
2018.02.28 17:19:32.783,1.28127,1.28136,3.75,1.87
2018.02.28 17:19:33.641,1.28128,1.28136,2.25,3.00
2018.02.28 17:19:34.156,1.28129,1.28136,2.25,1.37
2018.02.28 17:19:34.751,1.28127,1.28136,4.50,1.87
2018.02.28 17:19:35.476,1.28127,1.28134,1.87,1.00
2018.02.28 17:19:35.963,1.28125,1.28134,1.00,3.82
2018.02.28 17:19:36.578,1.28124,1.28132,1.50,1.00
2018.02.28 17:19:38.432,1.28124,1.28132,1.00,2.32
2018.02.28 17:19:38.935,1.28126,1.28132,1.00,1.00
2018.02.28 17:19:39.945,1.28126,1.28131,1.00,1.00
2018.02.28 17:19:43.818,1.28125,1.28131,1.00,1.20
2018.02.28 17:19:45.412,1.28125,1.28132,1.00,1.20
2018.02.28 17:19:47.623,1.28125,1.28133,1.00,3.82
2018.02.28 17:19:48.569,1.28125,1.28131,1.00,1.50
2018.02.28 17:19:48.883,1.28123,1.28131,1.12,1.57
2018.02.28 17:19:48.936,1.28123,1.2813,1.00,3.07
2018.02.28 17:19:49.595,1.28121,1.28128,1.00,1.57
2018.02.28 17:19:49.751,1.28119,1.28127,3.37,1.10
2018.02.28 17:19:50.653,1.2812,1.28128,2.25,2.25
2018.02.28 17:19:51.261,1.28119,1.28127,1.00,1.87
2018.02.28 17:19:51.965,1.28118,1.28126,1.00,1.20
2018.02.28 17:19:52.515,1.28117,1.28126,3.00,2.32
2018.02.28 17:19:52.670,1.28119,1.28126,1.00,1.57
2018.02.28 17:19:53.206,1.28119,1.28126,1.00,1.45
2018.02.28 17:19:53.750,1.28119,1.28126,1.00,1.57
2018.02.28 17:19:54.489,1.28121,1.28128,1.00,1.57
2018.02.28 17:19:54.696,1.28125,1.28134,2.62,2.70
2018.02.28 17:19:54.801,1.28129,1.28135,1.00,1.95
2018.02.28 17:19:54.957,1.28127,1.28135,1.00,1.95
2018.02.28 17:19:56.295,1.28126,1.28135,1.00,1.95
2018.02.28 17:19:56.806,1.28126,1.28135,3.00,1.95
2018.02.28 17:19:57.842,1.28126,1.28131,1.00,2.25
2018.02.28 17:19:57.946,1.28121,1.28128,1.00,1.00
2018.02.28 17:19:57.997,1.28119,1.28128,4.12,3.00
2018.02.28 17:19:58.151,1.2812,1.28126,1.00,1.45
2018.02.28 17:19:58.676,1.28119,1.28126,1.12,1.20
2018.02.28 17:19:59.264,1.28119,1.28127,1.12,1.95
2018.02.28 17:19:59.594,1.28117,1.28126,6.00,1.20
2018.02.28 17:19:59.699,1.28117,1.28125,5.25,1.57
2018.02.28 17:19:59.804,1.28117,1.28125,3.00,1.95
2018.02.28 17:20:00.992,1.28117,1.28126,3.37,3.45
2018.02.28 17:20:01.094,1.28119,1.28126,1.00,1.95
2018.02.28 17:20:01.619,1.28118,1.28126,1.00,1.95
2018.02.28 17:20:02.361,1.28118,1.28126,1.00,1.10
2018.02.28 17:20:02.673,1.28114,1.28123,2.25,2.70
2018.02.28 17:20:03.009,1.28118,1.28124,1.00,1.00
2018.02.28 17:20:03.871,1.28118,1.28125,3.00,1.95
2018.02.28 17:20:04.559,1.28119,1.28125,1.00,1.20
2018.02.28 17:20:06.557,1.28119,1.28124,1.00,1.00
2018.02.28 17:20:07.078,1.28119,1.28125,1.00,1.95
2018.02.28 17:20:07.751,1.28119,1.28125,1.00,1.57
2018.02.28 17:20:10.154,1.28119,1.28125,1.00,1.10
2018.02.28 17:20:11.003,1.2812,1.28127,1.00,2.70
2018.02.28 17:20:12.107,1.2812,1.28127,1.00,3.82
2018.02.28 17:20:12.629,1.28121,1.28128,1.00,2.32
2018.02.28 17:20:13.166,1.2812,1.28127,3.00,1.95
2018.02.28 17:20:13.775,1.2812,1.28127,2.25,1.57
2018.02.28 17:20:14.331,1.28119,1.28126,1.50,2.32
2018.02.28 17:20:14.631,1.28117,1.28126,3.00,1.20
2018.02.28 17:20:15.598,1.28117,1.28126,1.50,2.32
2018.02.28 17:20:20.723,1.28117,1.28125,1.00,1.10
2018.02.28 17:20:22.197,1.28119,1.28127,1.00,1.47
2018.02.28 17:20:22.801,1.28119,1.28127,1.00,1.20
2018.02.28 17:20:22.903,1.28117,1.28127,1.12,1.95
2018.02.28 17:20:23.453,1.28118,1.28127,1.00,1.20
2018.02.28 17:20:24.819,1.28118,1.28127,1.00,1.57
2018.02.28 17:20:24.972,1.2812,1.28127,2.25,1.20
2018.02.28 17:20:26.099,1.28119,1.28127,3.00,1.20
2018.02.28 17:20:26.632,1.2812,1.28127,2.25,1.95
2018.02.28 17:20:27.066,1.28128,1.28135,4.12,2.32
2018.02.28 17:20:27.117,1.28128,1.28136,4.12,1.50
2018.02.28 17:20:27.872,1.28128,1.28136,2.25,1.00
2018.02.28 17:20:28.405,1.28127,1.28136,1.50,2.25
2018.02.28 17:20:28.924,1.28127,1.28136,1.50,1.87
2018.02.28 17:20:30.219,1.28133,1.28137,2.25,1.00
2018.02.28 17:20:30.323,1.28134,1.28139,1.00,1.00
2018.02.28 17:20:30.885,1.28135,1.28141,1.00,1.87
2018.02.28 17:20:30.937,1.28141,1.28146,1.00,1.00
2018.02.28 17:20:31.106,1.28142,1.28148,1.20,1.50
2018.02.28 17:20:31.211,1.28142,1.28152,1.07,2.25
2018.02.28 17:20:31.720,1.28143,1.28152,1.87,4.12
2018.02.28 17:20:32.193,1.28143,1.28151,2.62,1.00
2018.02.28 17:20:32.739,1.28143,1.28152,1.95,1.87
2018.02.28 17:20:34.369,1.28143,1.28151,1.95,1.87
2018.02.28 17:20:35.011,1.28144,1.28153,1.00,3.75
2018.02.28 17:20:35.314,1.28155,1.28158,3.37,1.50
2018.02.28 17:20:35.367,1.28158,1.28162,1.72,2.25
2018.02.28 17:20:35.419,1.28161,1.28166,1.07,1.87
2018.02.28 17:20:35.634,1.28153,1.28159,2.25,1.00
2018.02.28 17:20:35.688,1.28155,1.28159,1.00,1.50
2018.02.28 17:20:36.191,1.28154,1.2816,1.10,1.00
2018.02.28 17:20:36.496,1.28157,1.28162,1.00,2.62
2018.02.28 17:20:37.065,1.28154,1.28162,1.12,3.37
2018.02.28 17:20:37.707,1.28154,1.28162,1.20,8.25
2018.02.28 17:20:38.222,1.28155,1.2816,1.00,1.37
2018.02.28 17:20:38.770,1.28154,1.28159,1.00,1.12
2018.02.28 17:20:39.350,1.28153,1.2816,2.25,2.25
2018.02.28 17:20:40.977,1.28154,1.2816,1.00,2.25
2018.02.28 17:20:41.427,1.28151,1.28159,1.20,1.37
2018.02.28 17:20:41.581,1.28149,1.28153,1.00,1.00
2018.02.28 17:20:41.633,1.28145,1.28152,2.32,1.00
2018.02.28 17:20:42.202,1.28145,1.28153,2.25,2.25
2018.02.28 17:20:42.750,1.28145,1.28153,1.00,3.00
2018.02.28 17:20:43.299,1.28145,1.28152,1.10,1.00
2018.02.28 17:20:43.819,1.28145,1.28153,1.10,3.00
2018.02.28 17:20:44.362,1.28144,1.28153,1.50,1.50
2018.02.28 17:20:46.228,1.28144,1.28152,3.00,1.00
2018.02.28 17:20:47.065,1.28145,1.28152,2.25,1.00
2018.02.28 17:20:48.009,1.28144,1.28152,5.25,1.00
2018.02.28 17:20:48.647,1.28144,1.28153,3.00,3.00
2018.02.28 17:20:48.700,1.28149,1.28153,1.00,1.00
2018.02.28 17:20:48.752,1.28148,1.28156,3.82,1.12
2018.02.28 17:20:49.013,1.2815,1.28158,1.00,3.00
2018.02.28 17:20:49.320,1.2815,1.28158,1.50,3.00
2018.02.28 17:20:49.424,1.2815,1.28157,1.12,5.62
2018.02.28 17:20:49.527,1.28147,1.28156,1.50,3.00
2018.02.28 17:20:50.181,1.28147,1.28154,1.00,1.00
2018.02.28 17:20:50.521,1.28145,1.28153,1.57,1.00
2018.02.28 17:20:51.159,1.28145,1.28152,1.00,1.00
2018.02.28 17:20:51.684,1.28145,1.28153,1.12,1.50
2018.02.28 17:20:52.514,1.28145,1.28152,1.12,1.00
2018.02.28 17:20:53.052,1.28145,1.28153,1.12,1.50
2018.02.28 17:20:53.580,1.28145,1.28153,1.50,1.00
2018.02.28 17:20:54.486,1.28145,1.28153,1.12,1.00
2018.02.28 17:20:55.001,1.28145,1.28152,1.12,1.00
2018.02.28 17:20:59.492,1.28145,1.28152,1.37,1.50
2018.02.28 17:21:00.041,1.28142,1.28145,1.00,1.00
2018.02.28 17:21:00.094,1.28144,1.2815,1.00,1.36
2018.02.28 17:21:00.349,1.28144,1.28152,1.50,1.12
2018.02.28 17:21:00.451,1.28149,1.28153,1.00,1.00
2018.02.28 17:21:00.503,1.2815,1.28156,1.00,1.50
2018.02.28 17:21:00.656,1.28148,1.28157,5.25,1.37
2018.02.28 17:21:01.161,1.28149,1.28157,2.25,1.87
2018.02.28 17:21:01.473,1.28149,1.28157,1.00,1.87
2018.02.28 17:21:01.840,1.28152,1.28158,2.25,1.00
2018.02.28 17:21:03.008,1.28152,1.2816,1.00,2.62
2018.02.28 17:21:03.418,1.2815,1.28159,2.25,2.25
2018.02.28 17:21:04.062,1.28151,1.28158,2.25,1.00
2018.02.28 17:21:04.899,1.2815,1.28157,1.50,2.25
2018.02.28 17:21:05.057,1.28145,1.28152,1.50,1.00
2018.02.28 17:21:08.674,1.28145,1.28153,1.50,1.50
2018.02.28 17:21:09.209,1.28145,1.28152,1.50,1.50
2018.02.28 17:21:09.768,1.28145,1.28153,1.50,1.50
2018.02.28 17:21:10.287,1.28145,1.28152,1.50,1.50
2018.02.28 17:21:13.132,1.28144,1.28152,4.12,4.12
2018.02.28 17:21:13.838,1.28143,1.28149,1.00,3.00
2018.02.28 17:21:13.890,1.28141,1.28148,1.00,1.00
2018.02.28 17:21:14.391,1.2814,1.28144,3.00,1.00
2018.02.28 17:21:14.493,1.28138,1.28145,3.00,1.87
2018.02.28 17:21:15.003,1.28137,1.28144,1.50,1.00
2018.02.28 17:21:15.845,1.28137,1.28145,3.00,1.87
2018.02.28 17:21:16.647,1.28137,1.28144,3.00,1.00
2018.02.28 17:21:17.188,1.28138,1.28146,2.25,1.87
2018.02.28 17:21:17.413,1.28142,1.28147,1.00,1.37
2018.02.28 17:21:17.465,1.28143,1.28148,1.00,1.50
2018.02.28 17:21:17.516,1.28143,1.28151,1.00,1.87
2018.02.28 17:21:19.261,1.28144,1.2815,1.00,1.12
2018.02.28 17:21:21.588,1.28142,1.28149,1.50,1.00
2018.02.28 17:21:21.640,1.28143,1.28147,1.00,1.00
2018.02.28 17:21:21.692,1.2814,1.28148,1.00,3.75
2018.02.28 17:21:22.329,1.28139,1.28148,1.50,2.62
2018.02.28 17:21:22.731,1.28139,1.28145,1.00,1.87
2018.02.28 17:21:23.322,1.28138,1.28144,1.00,1.00
2018.02.28 17:21:27.401,1.28137,1.28144,1.12,1.50
2018.02.28 17:21:29.676,1.28138,1.28144,1.00,1.00
2018.02.28 17:21:30.274,1.28138,1.28145,1.00,1.75
2018.02.28 17:21:30.602,1.28138,1.28145,1.00,4.00
2018.02.28 17:21:31.128,1.28137,1.28144,1.87,1.33
2018.02.28 17:21:31.442,1.28138,1.28146,1.50,2.12
2018.02.28 17:21:31.598,1.2814,1.28147,1.00,1.62
2018.02.28 17:21:34.202,1.2814,1.28147,1.00,1.87
2018.02.28 17:21:35.883,1.28139,1.28147,1.12,1.87
2018.02.28 17:21:36.411,1.28139,1.28146,1.12,1.00
2018.02.28 17:21:36.828,1.28138,1.28144,1.00,1.00
2018.02.28 17:21:36.881,1.28136,1.28144,1.00,1.00
2018.02.28 17:21:36.986,1.28138,1.28144,1.00,1.00
2018.02.28 17:21:37.458,1.28138,1.28147,4.87,1.87
2018.02.28 17:21:37.990,1.28138,1.28146,1.87,1.00
2018.02.28 17:21:38.042,1.2814,1.28146,1.00,1.00
2018.02.28 17:21:38.147,1.28141,1.28148,1.00,1.12
2018.02.28 17:21:39.521,1.28142,1.28148,1.00,1.00
2018.02.28 17:21:41.741,1.28141,1.28149,1.00,5.25
2018.02.28 17:21:41.793,1.28138,1.28148,1.87,3.75
2018.02.28 17:21:41.961,1.28139,1.28148,1.87,1.50
2018.02.28 17:21:42.504,1.28141,1.28149,1.12,1.87
2018.02.28 17:21:43.018,1.2814,1.28148,1.50,1.37
2018.02.28 17:21:43.357,1.2814,1.28148,2.25,1.87
2018.02.28 17:21:43.433,1.2814,1.28148,1.87,1.87
2018.02.28 17:21:43.983,1.2814,1.28148,1.37,1.37
2018.02.28 17:21:44.664,1.2814,1.28148,1.12,1.87
2018.02.28 17:21:45.202,1.28138,1.28148,6.37,1.37
2018.02.28 17:21:45.459,1.2814,1.28148,2.25,3.00
2018.02.28 17:21:46.006,1.28141,1.28149,3.00,2.62
2018.02.28 17:21:46.434,1.28139,1.28148,3.37,1.37
2018.02.28 17:21:47.398,1.28137,1.28147,2.70,2.62
2018.02.28 17:21:47.911,1.28137,1.28147,1.50,1.87
2018.02.28 17:21:48.140,1.2814,1.28147,1.00,1.87
2018.02.28 17:21:48.654,1.28141,1.28148,2.25,1.87
2018.02.28 17:21:51.742,1.2814,1.28147,2.25,1.12
2018.02.28 17:21:52.255,1.28141,1.28149,2.25,3.00
2018.02.28 17:21:53.325,1.2814,1.28149,3.00,3.00
2018.02.28 17:21:53.839,1.28141,1.2815,2.25,5.06
2018.02.28 17:21:54.512,1.28142,1.28149,2.25,1.87
2018.02.28 17:21:55.115,1.2814,1.28147,3.00,1.00
2018.02.28 17:21:55.633,1.2814,1.28149,1.00,1.50
2018.02.28 17:21:57.786,1.28141,1.2815,1.00,3.37
2018.02.28 17:21:58.501,1.2814,1.28149,3.00,1.87
2018.02.28 17:21:59.049,1.28139,1.28149,5.62,3.37
2018.02.28 17:21:59.775,1.2814,1.28149,2.25,2.62
2018.02.28 17:22:00.266,1.28142,1.28149,1.00,1.37
2018.02.28 17:22:01.641,1.2814,1.2815,2.25,2.62
2018.02.28 17:22:02.237,1.28141,1.2815,1.00,2.62
2018.02.28 17:22:02.888,1.2814,1.2815,1.50,3.37
2018.02.28 17:22:04.004,1.28141,1.2815,1.00,3.37
2018.02.28 17:22:04.158,1.28141,1.2815,1.00,1.87
2018.02.28 17:22:06.185,1.28142,1.28151,1.87,1.00
2018.02.28 17:22:06.494,1.2815,1.28157,1.00,1.37
2018.02.28 17:22:06.799,1.28152,1.28157,2.25,1.37
2018.02.28 17:22:07.105,1.2815,1.28159,1.00,1.87
2018.02.28 17:22:07.523,1.2815,1.28159,1.00,3.00
2018.02.28 17:22:11.532,1.2815,1.28156,1.00,1.00
2018.02.28 17:22:11.691,1.28144,1.28154,2.62,1.00
2018.02.28 17:22:12.052,1.28144,1.28153,1.12,1.87
2018.02.28 17:22:12.106,1.28142,1.28153,1.87,7.31
2018.02.28 17:22:12.676,1.28144,1.28151,3.37,1.12
2018.02.28 17:22:12.778,1.28144,1.28153,1.12,2.25
2018.02.28 17:22:13.328,1.28143,1.28151,1.00,1.00
2018.02.28 17:22:13.543,1.28141,1.28152,2.32,1.50
2018.02.28 17:22:13.596,1.28141,1.28152,2.70,1.50
2018.02.28 17:22:13.850,1.28147,1.28152,1.00,1.12
2018.02.28 17:22:13.953,1.28147,1.28154,1.00,1.00
2018.02.28 17:22:14.056,1.28147,1.28156,1.00,1.87
2018.02.28 17:22:14.636,1.28147,1.28155,1.00,1.00
2018.02.28 17:22:15.314,1.28146,1.28155,1.00,1.00
2018.02.28 17:22:16.086,1.28145,1.28155,1.35,1.50
2018.02.28 17:22:16.591,1.28146,1.28154,1.87,1.00
2018.02.28 17:22:17.502,1.28146,1.28156,1.12,1.50
2018.02.28 17:22:18.035,1.28147,1.28155,3.37,1.00
2018.02.28 17:22:18.086,1.28149,1.28157,1.50,2.62
2018.02.28 17:22:19.107,1.28149,1.28157,1.00,4.12
2018.02.28 17:22:19.466,1.28149,1.28155,1.00,1.48
2018.02.28 17:22:19.518,1.28145,1.28155,2.25,1.00
2018.02.28 17:22:19.670,1.28145,1.28153,1.12,1.00
2018.02.28 17:22:20.762,1.28143,1.28153,4.80,1.00
2018.02.28 17:22:21.267,1.28144,1.28152,1.87,1.00
2018.02.28 17:22:21.815,1.28144,1.28153,1.12,1.00
2018.02.28 17:22:23.062,1.28143,1.2815,2.25,1.37
2018.02.28 17:22:23.113,1.28142,1.28151,1.87,1.00
2018.02.28 17:22:24.512,1.28141,1.28151,5.47,1.00
2018.02.28 17:22:28.532,1.28144,1.28151,2.25,1.00
2018.02.28 17:22:28.776,1.28147,1.28152,2.25,1.00
2018.02.28 17:22:28.829,1.28147,1.28154,2.25,1.00
2018.02.28 17:22:28.933,1.28149,1.28154,2.25,1.00
2018.02.28 17:22:29.347,1.28148,1.28156,1.00,1.12
2018.02.28 17:22:29.857,1.28149,1.28157,1.00,1.37
2018.02.28 17:22:30.393,1.2815,1.28158,3.00,1.37
2018.02.28 17:22:30.909,1.2815,1.28158,1.50,1.37
2018.02.28 17:22:31.501,1.28151,1.28158,2.25,1.37
2018.02.28 17:22:32.075,1.28151,1.28158,2.25,1.12
2018.02.28 17:22:32.611,1.2815,1.28158,3.75,1.12
2018.02.28 17:22:33.390,1.28152,1.28158,1.00,1.12
2018.02.28 17:22:33.724,1.2815,1.28158,1.50,1.12
2018.02.28 17:22:36.760,1.2815,1.28157,1.00,1.00
2018.02.28 17:22:37.269,1.28149,1.28157,2.25,1.00
2018.02.28 17:22:37.790,1.28149,1.28156,2.25,1.00
2018.02.28 17:22:38.301,1.2815,1.28156,1.00,1.00
2018.02.28 17:22:38.843,1.28149,1.28156,2.25,1.00
2018.02.28 17:22:39.376,1.28148,1.28155,3.00,1.00
2018.02.28 17:22:39.895,1.28147,1.28155,5.62,1.00
2018.02.28 17:22:40.121,1.28152,1.28156,1.00,1.00
2018.02.28 17:22:40.584,1.28148,1.28156,3.75,1.00
2018.02.28 17:22:41.022,1.2815,1.28156,2.25,1.00
2018.02.28 17:22:41.323,1.28147,1.28156,1.00,1.12
2018.02.28 17:22:41.425,1.28146,1.28152,1.00,1.00
2018.02.28 17:22:41.850,1.28144,1.2815,1.00,1.00
2018.02.28 17:22:42.058,1.28142,1.28149,1.00,1.00
2018.02.28 17:22:42.585,1.28142,1.28148,1.00,1.00
2018.02.28 17:22:43.540,1.2814,1.28148,1.12,1.00
2018.02.28 17:22:44.171,1.2814,1.28147,1.12,1.00
2018.02.28 17:22:45.094,1.28141,1.28151,1.00,1.87
2018.02.28 17:22:47.376,1.28143,1.28151,2.62,1.00
2018.02.28 17:22:47.480,1.28144,1.28154,1.72,1.10
2018.02.28 17:22:47.533,1.28147,1.28155,1.00,1.57
2018.02.28 17:22:48.037,1.28147,1.28156,3.00,3.37
2018.02.28 17:22:48.543,1.2815,1.28158,1.00,3.07
2018.02.28 17:22:49.089,1.28151,1.28159,3.00,3.37
2018.02.28 17:22:49.709,1.28151,1.28159,1.00,2.32
2018.02.28 17:22:51.983,1.2815,1.28159,3.00,1.87
2018.02.28 17:22:52.506,1.28149,1.28159,1.12,1.37
2018.02.28 17:22:53.016,1.28151,1.28159,1.00,1.37
2018.02.28 17:22:53.531,1.2815,1.28159,1.00,2.25
2018.02.28 17:22:54.170,1.28149,1.28158,3.00,1.37
2018.02.28 17:22:54.681,1.2815,1.28158,3.00,1.37
2018.02.28 17:22:55.419,1.28149,1.28156,1.00,1.87
2018.02.28 17:22:55.471,1.28146,1.28155,1.12,1.12
2018.02.28 17:22:55.523,1.28145,1.28153,1.37,1.00
2018.02.28 17:22:55.780,1.28144,1.28154,1.00,1.57
2018.02.28 17:22:56.300,1.28144,1.28154,1.00,1.00
2018.02.28 17:22:56.815,1.28147,1.28155,1.00,2.25
2018.02.28 17:22:57.605,1.28146,1.28155,1.00,1.00
2018.02.28 17:22:57.940,1.28148,1.28155,1.00,1.00
2018.02.28 17:22:58.481,1.28148,1.28157,1.00,3.00
2018.02.28 17:22:59.002,1.28148,1.28155,1.00,1.00
2018.02.28 17:22:59.263,1.28146,1.28155,1.50,1.00
2018.02.28 17:22:59.854,1.28146,1.28154,1.00,1.00
2018.02.28 17:23:00.387,1.28146,1.28155,1.00,1.57
2018.02.28 17:23:01.336,1.28147,1.28156,1.00,2.32
2018.02.28 17:23:01.869,1.28145,1.28156,5.62,3.07
2018.02.28 17:23:02.064,1.28148,1.28156,1.00,4.12
2018.02.28 17:23:02.660,1.28148,1.28156,1.00,1.50
2018.02.28 17:23:03.072,1.2815,1.28157,1.00,1.00
2018.02.28 17:23:03.856,1.2815,1.28158,1.00,1.87
2018.02.28 17:23:05.892,1.2815,1.28157,1.00,1.00
2018.02.28 17:23:06.780,1.28148,1.28157,3.00,1.00
2018.02.28 17:23:06.953,1.2815,1.28157,1.00,1.50
2018.02.28 17:23:07.005,1.28148,1.28157,2.25,1.50
2018.02.28 17:23:07.779,1.28148,1.28157,1.00,3.00
2018.02.28 17:23:08.666,1.28149,1.28157,1.00,1.50
2018.02.28 17:23:08.821,1.28146,1.28156,1.37,1.87
2018.02.28 17:23:09.118,1.28145,1.28153,1.37,1.00
2018.02.28 17:23:09.376,1.28144,1.28155,1.37,1.20
2018.02.28 17:23:09.428,1.28148,1.28155,1.00,1.12
2018.02.28 17:23:10.354,1.2815,1.28157,1.00,1.12
2018.02.28 17:23:11.486,1.2815,1.2816,3.00,4.20
2018.02.28 17:23:12.035,1.28151,1.28159,2.25,3.45
2018.02.28 17:23:12.586,1.2815,1.2816,1.50,4.95
2018.02.28 17:23:13.473,1.28151,1.2816,1.00,6.45
2018.02.28 17:23:14.099,1.28149,1.28159,1.50,3.45
2018.02.28 17:23:14.926,1.28151,1.28155,1.00,1.50
2018.02.28 17:23:14.979,1.28148,1.28156,1.00,6.75
2018.02.28 17:23:15.031,1.28145,1.28154,3.00,1.12
2018.02.28 17:23:15.136,1.28143,1.28152,3.00,1.12
2018.02.28 17:23:15.686,1.28141,1.28152,5.47,2.32
2018.02.28 17:23:16.202,1.28142,1.28152,4.12,1.10
2018.02.28 17:23:17.741,1.28142,1.28152,1.87,3.75
2018.02.28 17:23:19.390,1.28144,1.28153,4.12,1.00
2018.02.28 17:23:19.896,1.28146,1.28154,1.00,1.00
2018.02.28 17:23:20.429,1.28146,1.28155,2.25,1.00
2018.02.28 17:23:20.636,1.28145,1.28153,4.12,1.00
2018.02.28 17:23:21.185,1.28145,1.28154,2.47,1.00
2018.02.28 17:23:21.873,1.28146,1.28154,1.00,1.00
2018.02.28 17:23:22.581,1.28146,1.28156,1.12,1.57
2018.02.28 17:23:23.253,1.28144,1.28154,4.35,1.00
2018.02.28 17:23:23.812,1.28144,1.28154,2.62,1.47
2018.02.28 17:23:24.304,1.28143,1.28153,1.10,1.00
2018.02.28 17:23:24.356,1.28143,1.28151,1.12,1.00
2018.02.28 17:23:24.898,1.28142,1.2815,2.62,1.00
2018.02.28 17:23:26.578,1.28141,1.28152,3.67,1.12
2018.02.28 17:23:28.248,1.28143,1.28153,3.97,1.10
2018.02.28 17:23:28.766,1.28143,1.28153,4.35,1.00
2018.02.28 17:23:29.277,1.28145,1.28154,1.00,1.00
2018.02.28 17:23:29.881,1.28144,1.28153,3.37,1.00
2018.02.28 17:23:30.907,1.28144,1.28153,3.00,1.00
2018.02.28 17:23:31.534,1.28145,1.28153,2.25,1.00
2018.02.28 17:23:32.312,1.28144,1.28153,2.62,1.00
2018.02.28 17:23:33.092,1.28145,1.28153,2.25,1.00
2018.02.28 17:23:34.233,1.28144,1.28153,3.37,1.00
2018.02.28 17:23:35.138,1.28145,1.28153,1.00,1.00
2018.02.28 17:23:35.293,1.28146,1.28156,1.12,3.07
2018.02.28 17:23:35.629,1.28149,1.28157,1.00,1.37
2018.02.28 17:23:36.086,1.28147,1.28158,3.75,3.75
2018.02.28 17:23:37.051,1.28148,1.28158,1.00,4.39
2018.02.28 17:23:37.555,1.28147,1.28155,3.37,1.00
2018.02.28 17:23:38.078,1.28147,1.28156,1.72,1.12
2018.02.28 17:23:38.394,1.28149,1.28157,1.00,1.37
2018.02.28 17:23:38.974,1.28148,1.28158,2.25,1.47
2018.02.28 17:23:39.650,1.28149,1.28158,1.00,1.47
2018.02.28 17:23:41.701,1.28148,1.28159,4.87,3.37
2018.02.28 17:23:42.674,1.28151,1.28159,2.25,2.25
2018.02.28 17:23:42.776,1.28148,1.28159,3.37,1.00
2018.02.28 17:23:42.929,1.28151,1.28159,1.00,1.00
2018.02.28 17:23:43.548,1.2815,1.28159,1.72,1.00
2018.02.28 17:23:47.235,1.28151,1.2816,1.87,1.50
2018.02.28 17:23:47.393,1.28152,1.28162,4.12,3.82
2018.02.28 17:23:48.410,1.28155,1.28162,1.00,1.12
2018.02.28 17:23:48.931,1.28155,1.28161,1.00,1.00
2018.02.28 17:23:50.660,1.28154,1.28161,1.00,3.75
2018.02.28 17:23:51.528,1.28154,1.2816,1.00,1.00
2018.02.28 17:23:54.045,1.28154,1.28162,1.50,3.75
2018.02.28 17:23:54.351,1.28156,1.28162,1.00,1.50
2018.02.28 17:23:54.505,1.28157,1.28164,1.00,2.62
2018.02.28 17:23:55.011,1.28157,1.28163,1.00,1.00
2018.02.28 17:23:56.173,1.28156,1.28164,1.50,1.50
2018.02.28 17:23:56.692,1.28157,1.28164,1.50,4.50
2018.02.28 17:23:57.628,1.28157,1.28163,1.50,1.00
2018.02.28 17:23:58.205,1.28157,1.28164,1.50,2.25
2018.02.28 17:23:58.711,1.28157,1.28163,1.50,1.00
2018.02.28 17:23:59.326,1.28157,1.28164,1.50,3.75
2018.02.28 17:23:59.936,1.28159,1.28164,1.00,1.00
2018.02.28 17:24:01.491,1.28159,1.28166,1.50,1.77
2018.02.28 17:24:02.198,1.28159,1.28166,1.50,4.02
2018.02.28 17:24:02.712,1.28159,1.28164,1.00,1.00
2018.02.28 17:24:03.046,1.2816,1.28164,1.00,1.02
2018.02.28 17:24:03.756,1.28161,1.28165,1.00,2.89
2018.02.28 17:24:04.121,1.28159,1.28164,1.50,2.22
2018.02.28 17:24:05.180,1.28158,1.28164,1.50,1.45
2018.02.28 17:24:05.696,1.2816,1.28165,1.00,2.22
2018.02.28 17:24:05.800,1.28162,1.28166,1.00,1.84
2018.02.28 17:24:06.005,1.28164,1.28168,1.00,1.12
2018.02.28 17:24:06.058,1.28165,1.28172,1.00,2.32
2018.02.28 17:24:06.163,1.28169,1.28173,1.00,1.00
2018.02.28 17:24:06.267,1.28169,1.28177,1.00,3.75
2018.02.28 17:24:06.471,1.28171,1.28177,1.00,1.95
2018.02.28 17:24:09.101,1.28172,1.28177,1.50,1.37
2018.02.28 17:24:09.789,1.28171,1.28177,1.50,1.37
2018.02.28 17:24:10.317,1.28172,1.28177,1.00,1.87
2018.02.28 17:24:11.492,1.28172,1.28177,1.00,1.37
2018.02.28 17:24:19.842,1.28171,1.28178,1.50,5.44
2018.02.28 17:24:21.493,1.28171,1.28178,1.00,3.19
2018.02.28 17:24:29.467,1.28172,1.28178,1.00,3.75
2018.02.28 17:24:31.210,1.28171,1.28178,1.00,2.42
2018.02.28 17:24:32.189,1.2817,1.28178,1.50,3.92
2018.02.28 17:24:32.241,1.2817,1.28177,1.50,1.30
2018.02.28 17:24:32.579,1.28172,1.28178,1.00,2.05
2018.02.28 17:24:32.630,1.2817,1.28178,1.50,2.05
2018.02.28 17:24:33.159,1.28173,1.28178,1.00,2.05
2018.02.28 17:24:33.828,1.28172,1.28178,1.00,2.05
2018.02.28 17:24:34.340,1.28171,1.28178,1.00,4.67
2018.02.28 17:24:34.878,1.28172,1.28178,1.00,3.55
2018.02.28 17:24:36.161,1.28172,1.28178,1.00,2.05
2018.02.28 17:24:36.893,1.28172,1.28178,1.00,4.30
2018.02.28 17:24:37.632,1.28169,1.28174,1.00,4.50
2018.02.28 17:24:38.159,1.2817,1.28177,1.00,2.12
2018.02.28 17:24:39.383,1.2817,1.28177,1.50,2.42
2018.02.28 17:24:39.641,1.28172,1.28177,1.00,1.60
2018.02.28 17:24:40.228,1.28171,1.28178,1.50,5.42
2018.02.28 17:24:40.720,1.28172,1.28178,1.00,2.42
2018.02.28 17:24:41.232,1.28171,1.28177,1.50,1.30
2018.02.28 17:24:41.761,1.28172,1.28177,1.00,2.42
2018.02.28 17:24:42.752,1.28172,1.28177,1.00,1.67
2018.02.28 17:24:43.202,1.28171,1.28175,1.00,2.25
2018.02.28 17:24:43.748,1.2817,1.28177,3.00,1.17
2018.02.28 17:24:43.801,1.28172,1.28177,1.00,1.17
2018.02.28 17:24:44.404,1.28172,1.28177,1.00,1.12
2018.02.28 17:24:44.457,1.28174,1.28179,1.00,4.57
2018.02.28 17:24:44.878,1.28179,1.28184,1.00,3.00
2018.02.28 17:24:45.392,1.2818,1.28184,1.00,2.25
2018.02.28 17:24:46.399,1.28178,1.28184,1.50,3.37
2018.02.28 17:24:47.792,1.28173,1.28178,1.00,1.00
2018.02.28 17:24:48.016,1.28173,1.2818,1.00,1.12
2018.02.28 17:24:48.069,1.28171,1.2818,1.12,1.57
2018.02.28 17:24:48.123,1.28173,1.2818,1.00,1.57
2018.02.28 17:24:49.697,1.28171,1.28176,1.00,1.00
2018.02.28 17:24:49.801,1.28168,1.28176,2.25,1.00
2018.02.28 17:24:53.400,1.28168,1.28177,1.12,1.12
2018.02.28 17:24:55.491,1.28168,1.28175,1.12,1.00
2018.02.28 17:24:57.661,1.28167,1.28175,1.12,1.00
2018.02.28 17:24:58.170,1.28168,1.28176,1.00,1.00
2018.02.28 17:24:58.691,1.28169,1.28178,1.00,1.87
2018.02.28 17:24:59.207,1.28169,1.28176,1.00,1.12
2018.02.28 17:25:00.082,1.2817,1.28176,1.00,1.12
2018.02.28 17:25:00.721,1.28167,1.28176,1.87,1.12
2018.02.28 17:25:01.768,1.28167,1.28171,1.00,1.00
2018.02.28 17:25:01.820,1.28164,1.28169,1.10,1.00
2018.02.28 17:25:01.872,1.28162,1.2817,1.00,1.50
2018.02.28 17:25:01.924,1.2816,1.28169,1.87,1.12
2018.02.28 17:25:03.240,1.28162,1.28169,1.00,1.12
2018.02.28 17:25:03.292,1.2816,1.28169,2.62,1.12
2018.02.28 17:25:03.833,1.28161,1.28169,1.00,1.00
2018.02.28 17:25:05.911,1.28159,1.28169,3.37,1.00
2018.02.28 17:25:06.516,1.2816,1.28169,1.00,2.32
2018.02.28 17:25:06.706,1.28156,1.28166,2.25,1.12
2018.02.28 17:25:07.020,1.28159,1.28167,1.00,3.07
2018.02.28 17:25:07.177,1.28158,1.28168,2.62,2.51
2018.02.28 17:25:07.882,1.28157,1.28167,3.75,1.00
2018.02.28 17:25:08.704,1.28157,1.28167,1.50,1.20
2018.02.28 17:25:09.228,1.28157,1.28167,1.50,1.57
2018.02.28 17:25:09.943,1.28157,1.28167,4.12,1.37
2018.02.28 17:25:11.364,1.28157,1.28167,2.62,1.37
2018.02.28 17:25:12.634,1.28157,1.28165,1.12,1.00
2018.02.28 17:25:13.257,1.28156,1.28165,1.50,1.00
2018.02.28 17:25:13.309,1.28155,1.28163,1.50,1.50
2018.02.28 17:25:13.514,1.28157,1.28166,1.00,2.32
2018.02.28 17:25:15.415,1.28158,1.28166,1.37,1.00
2018.02.28 17:25:16.117,1.28158,1.28167,1.37,1.00
2018.02.28 17:25:17.288,1.28158,1.28167,1.50,1.12
2018.02.28 17:25:18.117,1.28157,1.28165,2.25,1.00
2018.02.28 17:25:18.578,1.28157,1.28162,1.00,1.00
2018.02.28 17:25:18.682,1.28156,1.28165,1.12,1.00
2018.02.28 17:25:21.777,1.28156,1.28165,1.00,1.20
2018.02.28 17:25:22.421,1.28155,1.28165,2.62,1.20
2018.02.28 17:25:23.227,1.28156,1.28165,1.00,1.20
2018.02.28 17:25:23.864,1.28155,1.28165,1.87,1.20
2018.02.28 17:25:25.536,1.28154,1.28164,2.25,1.10
2018.02.28 17:25:26.472,1.28157,1.28165,1.00,1.57
2018.02.28 17:25:27.019,1.28157,1.28165,1.00,1.20
2018.02.28 17:25:28.123,1.28156,1.28166,3.00,1.37
2018.02.28 17:25:30.416,1.28157,1.28165,1.00,1.12
2018.02.28 17:25:30.990,1.28156,1.28165,3.00,1.12
2018.02.28 17:25:31.805,1.28156,1.28166,3.37,1.37
2018.02.28 17:25:33.148,1.28156,1.28165,1.12,1.57
2018.02.28 17:25:34.463,1.28154,1.28165,6.37,1.00
2018.02.28 17:25:35.044,1.28156,1.28165,1.00,1.57
2018.02.28 17:25:35.958,1.28156,1.28164,1.00,1.00
2018.02.28 17:25:36.566,1.28156,1.28166,1.50,1.57
2018.02.28 17:25:40.837,1.28156,1.28165,1.00,1.45
2018.02.28 17:25:41.348,1.28156,1.28165,1.00,1.10
2018.02.28 17:25:41.789,1.28156,1.28163,1.00,1.37
2018.02.28 17:25:41.945,1.28151,1.2816,1.00,1.37
2018.02.28 17:25:41.998,1.28155,1.28164,1.00,3.07
2018.02.28 17:25:42.155,1.28155,1.28165,1.00,1.07
2018.02.28 17:25:43.388,1.28155,1.28163,1.00,2.62
2018.02.28 17:25:43.440,1.28153,1.28159,1.12,1.12
2018.02.28 17:25:43.492,1.28151,1.28159,1.00,1.20
2018.02.28 17:25:43.647,1.2815,1.28159,1.00,1.37
2018.02.28 17:25:44.161,1.28149,1.28159,1.87,1.47
2018.02.28 17:25:44.586,1.28151,1.28159,1.00,1.57
2018.02.28 17:25:44.791,1.28151,1.28159,1.00,1.12
2018.02.28 17:25:45.812,1.28152,1.28161,1.00,1.47
2018.02.28 17:25:46.204,1.2815,1.2816,1.00,1.47
2018.02.28 17:25:46.721,1.28151,1.28161,1.00,4.01
2018.02.28 17:25:47.035,1.28151,1.28161,1.00,1.62
2018.02.28 17:25:47.544,1.28151,1.28159,1.00,1.00
2018.02.28 17:25:48.065,1.28152,1.28161,1.00,1.87
2018.02.28 17:25:48.566,1.28153,1.28161,1.00,1.37
2018.02.28 17:25:49.722,1.28152,1.2816,1.00,1.12
2018.02.28 17:25:50.236,1.2815,1.2816,3.37,1.12
2018.02.28 17:25:52.492,1.28152,1.28161,1.87,1.50
2018.02.28 17:25:52.597,1.28154,1.28161,2.62,1.00
2018.02.28 17:25:52.651,1.28155,1.28166,3.00,4.57
2018.02.28 17:25:55.136,1.28155,1.28166,1.87,1.95
2018.02.28 17:25:57.174,1.28156,1.28167,2.25,3.07
2018.02.28 17:25:58.446,1.28156,1.28167,1.50,3.07
2018.02.28 17:25:58.896,1.28158,1.28166,1.00,1.12
2018.02.28 17:25:59.642,1.28156,1.28165,1.00,1.00
