2016.08.02 23:00:00.012,1.31062,1.31075,1.00,1.00
2016.08.02 23:00:00.442,1.31062,1.31077,1.00,1.00
2016.08.02 23:00:00.493,1.31065,1.31078,1.00,1.00
2016.08.02 23:00:00.545,1.31065,1.31075,1.00,1.00
2016.08.02 23:00:01.075,1.31065,1.31076,1.00,1.00
2016.08.02 23:00:01.584,1.31064,1.31076,1.00,1.00
2016.08.02 23:00:02.193,1.31063,1.31076,1.00,1.00
2016.08.02 23:00:02.268,1.31063,1.31075,1.00,1.00
2016.08.02 23:00:02.370,1.31063,1.31075,1.50,1.00
2016.08.02 23:00:02.472,1.31063,1.31075,1.50,1.00
2016.08.02 23:00:02.931,1.31064,1.31075,1.00,1.00
2016.08.02 23:00:03.083,1.31064,1.31075,1.00,1.00
2016.08.02 23:00:03.275,1.31065,1.31072,1.00,1.00
2016.08.02 23:00:03.529,1.31062,1.31072,1.50,1.00
2016.08.02 23:00:03.580,1.31062,1.31072,1.00,1.00
2016.08.02 23:00:03.631,1.3106,1.31072,1.85,1.00
2016.08.02 23:00:03.682,1.3106,1.31071,1.75,1.00
2016.08.02 23:00:03.784,1.31058,1.31071,4.57,1.00
2016.08.02 23:00:03.836,1.31059,1.31071,1.00,1.00
2016.08.02 23:00:03.989,1.31059,1.31071,1.00,1.00
2016.08.02 23:00:04.178,1.3106,1.31072,1.00,1.10
2016.08.02 23:00:04.230,1.31061,1.31072,1.00,1.00
2016.08.02 23:00:04.331,1.31061,1.31072,1.00,1.00
2016.08.02 23:00:04.433,1.31062,1.31072,1.00,1.10
2016.08.02 23:00:04.586,1.31061,1.31072,1.87,1.10
2016.08.02 23:00:04.688,1.31061,1.31072,1.87,1.00
2016.08.02 23:00:04.852,1.31061,1.31073,1.87,1.00
2016.08.02 23:00:05.045,1.31063,1.31073,1.00,1.00
2016.08.02 23:00:05.198,1.31064,1.31073,1.12,1.00
2016.08.02 23:00:05.249,1.31063,1.31073,2.25,1.00
2016.08.02 23:00:05.566,1.31063,1.31074,1.50,1.00
2016.08.02 23:00:05.617,1.31063,1.31074,1.12,1.00
2016.08.02 23:00:06.732,1.31064,1.31074,1.00,1.00
2016.08.02 23:00:09.191,1.31064,1.31074,1.00,2.25
2016.08.02 23:00:09.242,1.31062,1.31074,1.50,2.25
2016.08.02 23:00:09.395,1.31061,1.31074,1.12,1.00
2016.08.02 23:00:09.446,1.3106,1.31074,1.50,1.00
2016.08.02 23:00:09.497,1.3106,1.31073,1.00,1.10
2016.08.02 23:00:09.598,1.3106,1.31072,1.50,1.00
2016.08.02 23:00:09.700,1.31061,1.31073,1.00,1.10
2016.08.02 23:00:09.803,1.3106,1.31073,1.12,1.10
2016.08.02 23:00:10.211,1.3106,1.31073,1.12,1.10
2016.08.02 23:00:10.262,1.31063,1.31073,1.00,1.10
2016.08.02 23:00:13.953,1.31062,1.31073,1.87,1.10
2016.08.02 23:00:15.788,1.31062,1.31073,1.12,1.10
2016.08.02 23:00:15.839,1.31062,1.31073,1.00,1.10
2016.08.02 23:00:17.309,1.31062,1.31072,1.00,1.00
2016.08.02 23:00:17.411,1.31061,1.31073,1.00,1.10
2016.08.02 23:00:17.563,1.31059,1.31073,2.32,1.10
2016.08.02 23:00:17.695,1.31059,1.31073,1.57,1.10
2016.08.02 23:00:17.755,1.31059,1.31073,1.50,1.07
2016.08.02 23:00:17.806,1.31058,1.31073,1.57,1.07
2016.08.02 23:00:18.783,1.31059,1.31073,1.12,1.07
2016.08.02 23:00:20.820,1.3106,1.31073,1.12,1.07
2016.08.02 23:00:24.162,1.31061,1.31073,1.00,1.07
2016.08.02 23:00:27.247,1.31062,1.31073,1.00,1.07
2016.08.02 23:00:27.298,1.31062,1.31073,1.50,1.07
2016.08.02 23:00:27.541,1.31062,1.31074,1.50,1.07
2016.08.02 23:00:27.592,1.31064,1.31074,1.00,1.07
2016.08.02 23:00:27.643,1.31064,1.31073,1.00,1.00
2016.08.02 23:00:27.999,1.31063,1.31073,1.50,1.00
2016.08.02 23:00:28.608,1.31064,1.31073,1.00,1.00
2016.08.02 23:00:28.659,1.31064,1.31073,1.00,1.00
2016.08.02 23:00:29.132,1.31063,1.31073,1.50,1.00
2016.08.02 23:00:30.137,1.31063,1.31073,1.50,1.00
2016.08.02 23:00:31.525,1.31064,1.31073,1.00,1.00
2016.08.02 23:00:31.627,1.31063,1.31073,1.50,1.00
2016.08.02 23:00:31.679,1.31063,1.31073,2.25,1.00
2016.08.02 23:00:32.053,1.31063,1.31073,2.25,1.00
2016.08.02 23:00:32.104,1.31063,1.31073,1.50,1.00
2016.08.02 23:00:33.517,1.31063,1.31072,1.50,1.00
2016.08.02 23:00:35.133,1.31064,1.31072,1.00,1.00
2016.08.02 23:00:48.037,1.31063,1.31072,1.50,1.00
2016.08.02 23:00:48.545,1.31063,1.31074,1.50,1.10
2016.08.02 23:00:48.835,1.31064,1.31074,1.00,1.57
2016.08.02 23:00:52.729,1.31063,1.31074,1.50,1.10
2016.08.02 23:00:56.548,1.31063,1.31073,1.50,1.00
2016.08.02 23:01:01.075,1.31064,1.31073,1.00,1.00
2016.08.02 23:01:01.778,1.31063,1.31073,1.12,1.00
2016.08.02 23:01:06.628,1.31063,1.31073,1.12,1.35
2016.08.02 23:01:06.679,1.3106,1.31068,1.57,1.00
2016.08.02 23:01:06.730,1.31059,1.31068,1.82,1.50
2016.08.02 23:01:06.781,1.31057,1.31065,1.50,1.00
2016.08.02 23:01:06.832,1.31057,1.31065,1.12,1.00
2016.08.02 23:01:06.883,1.31058,1.31069,1.00,1.00
2016.08.02 23:01:06.934,1.31058,1.3107,1.00,1.07
2016.08.02 23:01:06.985,1.31056,1.3107,1.50,1.07
2016.08.02 23:01:07.037,1.31056,1.3107,1.50,1.00
2016.08.02 23:01:07.179,1.31059,1.31071,1.75,1.57
2016.08.02 23:01:07.249,1.31059,1.31071,1.75,1.00
2016.08.02 23:01:18.943,1.31059,1.31071,1.75,1.07
2016.08.02 23:01:25.728,1.31059,1.31071,1.75,1.00
2016.08.02 23:01:28.191,1.31059,1.31071,1.75,1.07
2016.08.02 23:01:37.247,1.3106,1.31071,1.50,1.07
2016.08.02 23:01:37.298,1.3106,1.31071,2.25,1.00
2016.08.02 23:01:37.399,1.3106,1.31071,1.50,1.00
2016.08.02 23:01:37.450,1.31062,1.31073,1.00,1.10
2016.08.02 23:01:37.603,1.31062,1.31073,1.50,1.10
2016.08.02 23:01:37.883,1.31063,1.31073,1.12,1.10
2016.08.02 23:01:38.086,1.31063,1.31073,1.12,1.00
2016.08.02 23:01:39.045,1.31062,1.31073,1.50,1.00
2016.08.02 23:01:39.096,1.31062,1.31073,2.25,1.00
2016.08.02 23:01:39.147,1.31062,1.31073,1.50,1.10
2016.08.02 23:01:39.198,1.31061,1.31073,1.75,1.10
2016.08.02 23:01:39.401,1.31061,1.31073,1.75,1.07
2016.08.02 23:01:39.471,1.31062,1.31073,1.00,1.07
2016.08.02 23:01:42.083,1.31063,1.31073,1.00,1.07
2016.08.02 23:01:51.000,1.31064,1.31073,1.00,1.07
2016.08.02 23:01:51.051,1.31064,1.31075,1.00,1.07
2016.08.02 23:01:51.102,1.31066,1.31075,1.50,1.07
2016.08.02 23:01:51.153,1.31069,1.31076,1.00,1.48
2016.08.02 23:01:51.204,1.31069,1.31077,1.00,1.50
2016.08.02 23:01:51.256,1.31067,1.31077,1.00,1.50
2016.08.02 23:01:51.358,1.31066,1.31077,1.50,1.50
2016.08.02 23:01:51.460,1.31066,1.31077,1.50,1.00
2016.08.02 23:01:53.203,1.31067,1.31077,1.00,1.00
2016.08.02 23:01:53.692,1.31066,1.31076,1.00,1.50
2016.08.02 23:01:53.743,1.31066,1.31073,1.00,1.00
2016.08.02 23:01:53.794,1.31064,1.31073,1.12,1.10
2016.08.02 23:01:53.895,1.31063,1.31073,1.50,1.00
2016.08.02 23:01:53.997,1.31064,1.31073,1.12,1.00
2016.08.02 23:01:54.301,1.31063,1.31073,1.50,1.00
2016.08.02 23:02:02.809,1.31063,1.31073,1.50,1.07
2016.08.02 23:02:04.127,1.31063,1.31073,1.12,1.00
2016.08.02 23:02:16.605,1.31063,1.31073,1.50,1.00
2016.08.02 23:02:16.656,1.31064,1.31073,1.12,1.00
2016.08.02 23:02:33.654,1.31063,1.31073,1.50,1.00
2016.08.02 23:02:33.704,1.31063,1.31073,2.25,1.00
2016.08.02 23:02:53.810,1.31063,1.31075,2.25,1.07
2016.08.02 23:02:56.572,1.31063,1.31073,2.25,1.00
2016.08.02 23:03:03.870,1.31062,1.31073,1.12,1.00
2016.08.02 23:03:04.175,1.31059,1.31073,2.25,1.00
2016.08.02 23:03:06.246,1.3106,1.31073,1.50,1.00
2016.08.02 23:03:06.297,1.3106,1.31072,1.50,1.00
2016.08.02 23:03:07.490,1.3106,1.31072,1.12,1.00
2016.08.02 23:03:07.592,1.31059,1.31072,3.00,1.00
2016.08.02 23:03:08.393,1.3106,1.31072,1.12,1.00
2016.08.02 23:03:08.598,1.31061,1.31073,1.50,1.00
2016.08.02 23:03:09.673,1.31059,1.31073,2.25,1.00
2016.08.02 23:03:10.180,1.31061,1.31073,1.00,1.00
2016.08.02 23:03:10.231,1.31061,1.31073,1.00,1.00
2016.08.02 23:03:11.093,1.31061,1.31073,2.25,1.00
2016.08.02 23:03:11.195,1.31061,1.31073,1.50,1.00
2016.08.02 23:03:11.400,1.31061,1.31072,1.50,1.00
2016.08.02 23:03:11.501,1.31061,1.31074,1.50,1.57
2016.08.02 23:03:12.254,1.31063,1.31074,1.50,3.07
2016.08.02 23:03:12.332,1.31064,1.31073,1.12,1.12
2016.08.02 23:03:12.383,1.31063,1.31073,1.50,1.12
2016.08.02 23:03:12.434,1.31063,1.31073,1.50,1.10
2016.08.02 23:03:12.688,1.31064,1.31073,1.12,1.10
2016.08.02 23:03:17.502,1.31061,1.31073,1.96,1.10
2016.08.02 23:03:17.604,1.31061,1.31073,1.96,1.07
2016.08.02 23:03:17.706,1.31061,1.31072,1.00,1.07
2016.08.02 23:03:17.757,1.31059,1.31072,1.21,1.07
2016.08.02 23:03:17.859,1.31057,1.31072,1.96,1.12
2016.08.02 23:03:17.910,1.31057,1.31072,1.46,1.12
2016.08.02 23:03:17.962,1.31056,1.31072,1.46,1.37
2016.08.02 23:03:18.367,1.31056,1.31072,1.46,1.07
2016.08.02 23:03:18.790,1.31057,1.31073,1.46,1.87
2016.08.02 23:03:21.266,1.31061,1.31073,1.00,1.87
2016.08.02 23:03:21.317,1.31061,1.31073,1.00,1.12
2016.08.02 23:03:21.368,1.31061,1.31073,1.12,1.12
2016.08.02 23:03:21.563,1.31061,1.31072,1.12,1.10
2016.08.02 23:03:22.390,1.31062,1.31072,1.00,1.10
2016.08.02 23:03:22.492,1.31062,1.31072,1.21,1.10
2016.08.02 23:03:22.543,1.31062,1.31073,1.21,1.07
2016.08.02 23:03:22.594,1.31063,1.31073,1.12,1.10
2016.08.02 23:03:22.696,1.31064,1.31073,1.00,1.10
2016.08.02 23:03:23.032,1.31063,1.31073,1.12,1.10
2016.08.02 23:03:23.572,1.31062,1.31073,1.21,1.10
2016.08.02 23:03:24.148,1.31062,1.31074,1.21,1.07
2016.08.02 23:03:28.867,1.31062,1.31074,1.46,1.07
2016.08.02 23:03:42.710,1.31061,1.31074,1.96,1.07
2016.08.02 23:03:42.921,1.31061,1.31073,1.21,1.10
2016.08.02 23:03:43.023,1.31061,1.31073,1.96,1.10
2016.08.02 23:03:47.545,1.31063,1.31073,1.21,1.10
2016.08.02 23:03:47.596,1.31063,1.31073,1.50,1.10
2016.08.02 23:03:47.647,1.31063,1.31075,1.50,1.57
2016.08.02 23:03:48.435,1.31063,1.31075,2.25,1.57
2016.08.02 23:03:49.403,1.31064,1.31075,1.87,1.07
2016.08.02 23:03:49.505,1.31064,1.31074,1.37,1.50
2016.08.02 23:03:49.607,1.31063,1.31075,1.50,2.62
2016.08.02 23:03:50.012,1.31063,1.31075,1.50,1.87
2016.08.02 23:03:51.546,1.31064,1.31075,1.37,1.12
2016.08.02 23:03:51.597,1.31064,1.31075,1.37,1.00
2016.08.02 23:03:51.648,1.31063,1.31073,1.50,1.00
2016.08.02 23:03:51.750,1.31063,1.31073,1.50,1.00
2016.08.02 23:03:52.256,1.31063,1.31074,1.50,1.00
2016.08.02 23:03:52.307,1.31063,1.31074,1.50,1.00
2016.08.02 23:03:56.514,1.31064,1.31074,1.37,1.00
2016.08.02 23:03:56.584,1.31064,1.31074,1.37,1.50
2016.08.02 23:03:56.937,1.31064,1.31074,1.37,1.00
2016.08.02 23:03:57.141,1.31063,1.31075,1.50,1.57
2016.08.02 23:04:03.240,1.31064,1.31074,1.37,1.00
2016.08.02 23:04:03.624,1.31063,1.31075,2.25,1.57
2016.08.02 23:04:04.525,1.31063,1.31075,1.50,1.57
2016.08.02 23:04:14.618,1.31063,1.31075,1.50,1.57
2016.08.02 23:04:18.875,1.31063,1.31075,1.50,1.57
2016.08.02 23:04:21.182,1.31063,1.31075,2.25,1.57
2016.08.02 23:04:22.963,1.31063,1.31075,2.25,1.57
2016.08.02 23:04:25.389,1.31063,1.31075,1.50,2.32
2016.08.02 23:04:25.440,1.31064,1.31074,1.37,1.10
2016.08.02 23:04:25.491,1.31064,1.31074,1.37,1.07
2016.08.02 23:04:25.542,1.31063,1.31075,1.50,1.57
2016.08.02 23:04:41.893,1.31064,1.31068,1.00,1.50
2016.08.02 23:04:41.995,1.31057,1.31067,1.12,1.00
2016.08.02 23:04:42.046,1.31061,1.31067,1.00,1.00
2016.08.02 23:04:42.097,1.31061,1.31072,1.00,1.00
2016.08.02 23:04:42.148,1.31054,1.31071,1.61,1.00
2016.08.02 23:04:42.199,1.31057,1.31071,1.00,1.00
2016.08.02 23:04:42.303,1.31056,1.31071,1.50,1.07
2016.08.02 23:04:42.371,1.31056,1.31071,1.00,1.07
2016.08.02 23:04:42.523,1.31054,1.31072,1.00,1.07
2016.08.02 23:04:43.074,1.31054,1.31072,1.00,1.37
2016.08.02 23:04:43.358,1.31054,1.31072,1.10,1.37
2016.08.02 23:04:45.057,1.31054,1.3107,1.10,1.07
2016.08.02 23:04:45.108,1.31054,1.31058,1.10,1.00
2016.08.02 23:04:45.159,1.31052,1.31056,1.00,1.00
2016.08.02 23:04:45.210,1.31047,1.31055,1.00,1.00
2016.08.02 23:04:45.261,1.31042,1.31055,1.87,1.00
2016.08.02 23:04:45.312,1.31042,1.31054,1.87,1.00
2016.08.02 23:04:45.363,1.31044,1.31054,1.00,1.00
2016.08.02 23:04:45.489,1.31044,1.31054,1.00,1.00
2016.08.02 23:04:45.543,1.31044,1.31056,1.00,1.50
2016.08.02 23:04:45.594,1.31044,1.31056,1.00,1.50
2016.08.02 23:04:46.390,1.31044,1.31056,1.00,1.50
2016.08.02 23:04:47.034,1.31044,1.31055,1.00,1.00
2016.08.02 23:04:48.390,1.31044,1.31055,1.00,1.00
2016.08.02 23:05:00.168,1.31044,1.31053,1.00,1.00
2016.08.02 23:05:00.988,1.31045,1.31053,1.00,1.00
2016.08.02 23:05:05.440,1.31045,1.31055,1.00,1.00
2016.08.02 23:05:05.491,1.31045,1.31055,1.50,1.00
2016.08.02 23:05:05.541,1.31048,1.31055,1.00,1.00
2016.08.02 23:05:06.227,1.31045,1.31055,1.50,1.00
2016.08.02 23:05:06.278,1.31045,1.31055,1.00,1.00
2016.08.02 23:05:08.856,1.31045,1.31056,1.00,1.00
2016.08.02 23:05:11.107,1.31044,1.31056,3.93,1.00
2016.08.02 23:05:11.263,1.31044,1.31055,3.18,1.00
2016.08.02 23:05:12.059,1.31044,1.31055,1.00,1.00
2016.08.02 23:05:16.147,1.31046,1.31055,1.00,1.00
2016.08.02 23:05:19.081,1.31046,1.31056,1.00,1.00
2016.08.02 23:05:22.538,1.31044,1.31056,1.50,1.00
2016.08.02 23:05:22.590,1.31044,1.31056,1.50,1.00
2016.08.02 23:05:22.641,1.31043,1.31056,4.57,1.00
2016.08.02 23:05:22.692,1.31043,1.31056,4.50,1.00
2016.08.02 23:05:27.172,1.31043,1.31055,5.25,1.00
2016.08.02 23:05:27.223,1.31046,1.31055,1.00,1.00
2016.08.02 23:05:27.274,1.31046,1.31057,1.00,1.10
2016.08.02 23:05:27.325,1.31046,1.31057,1.00,1.00
2016.08.02 23:05:27.376,1.31046,1.31057,1.00,1.00
2016.08.02 23:05:27.427,1.31043,1.31057,5.62,1.00
2016.08.02 23:05:27.478,1.31043,1.31055,4.87,1.00
2016.08.02 23:05:27.529,1.31044,1.31055,1.87,1.00
2016.08.02 23:05:28.737,1.31043,1.31055,3.75,1.00
2016.08.02 23:05:28.788,1.31043,1.31055,3.75,1.00
2016.08.02 23:05:28.839,1.31043,1.31055,4.50,1.00
2016.08.02 23:05:41.955,1.31043,1.31055,3.75,1.00
2016.08.02 23:05:42.057,1.31043,1.31055,4.50,1.00
2016.08.02 23:05:50.116,1.31043,1.31055,4.50,1.00
2016.08.02 23:05:50.167,1.31045,1.31055,1.00,1.00
2016.08.02 23:05:50.218,1.31045,1.31056,1.00,1.00
2016.08.02 23:05:57.340,1.31045,1.31055,1.00,1.00
2016.08.02 23:05:57.391,1.31043,1.31055,3.82,1.00
2016.08.02 23:05:57.441,1.31043,1.31055,3.75,1.00
2016.08.02 23:05:57.644,1.31043,1.31055,4.12,1.00
2016.08.02 23:05:57.695,1.31043,1.31055,4.87,1.00
2016.08.02 23:05:58.174,1.31044,1.31055,1.12,1.00
2016.08.02 23:06:10.667,1.31047,1.31058,1.00,1.10
2016.08.02 23:06:10.718,1.31049,1.31058,1.00,1.10
2016.08.02 23:06:10.769,1.31049,1.31062,1.00,1.87
2016.08.02 23:06:10.820,1.3105,1.31062,1.00,1.37
2016.08.02 23:06:10.871,1.3105,1.31062,1.00,1.10
2016.08.02 23:06:11.125,1.31048,1.31062,1.12,1.10
2016.08.02 23:06:11.226,1.31048,1.31062,1.12,1.07
2016.08.02 23:06:11.480,1.31049,1.31062,1.00,1.07
2016.08.02 23:06:12.231,1.31049,1.31063,1.00,1.57
2016.08.02 23:06:14.090,1.31049,1.31063,1.00,1.07
2016.08.02 23:06:14.191,1.31048,1.31063,1.12,1.10
2016.08.02 23:06:14.293,1.31048,1.31063,1.12,1.07
2016.08.02 23:06:14.394,1.31047,1.31063,2.32,1.07
2016.08.02 23:06:18.122,1.31047,1.31061,2.32,1.10
2016.08.02 23:06:18.224,1.31047,1.31061,1.50,1.00
2016.08.02 23:06:18.295,1.31048,1.31061,1.12,1.00
2016.08.02 23:06:19.179,1.31047,1.31061,2.25,1.50
2016.08.02 23:06:22.896,1.31047,1.31061,2.25,1.00
2016.08.02 23:06:22.947,1.31048,1.31061,1.00,1.00
2016.08.02 23:06:22.998,1.31048,1.31061,1.50,1.00
2016.08.02 23:06:27.306,1.31048,1.31062,1.50,1.10
2016.08.02 23:06:28.325,1.31049,1.31062,1.00,1.10
2016.08.02 23:06:29.905,1.31049,1.31062,1.00,1.00
2016.08.02 23:06:30.977,1.31049,1.31062,2.25,1.00
2016.08.02 23:06:31.028,1.31049,1.31062,3.00,1.00
2016.08.02 23:06:31.129,1.31051,1.31062,1.00,1.00
2016.08.02 23:06:37.745,1.31051,1.31062,1.50,1.00
2016.08.02 23:06:37.820,1.31054,1.31064,1.00,1.10
2016.08.02 23:06:37.922,1.31055,1.31064,1.00,1.00
2016.08.02 23:06:38.290,1.31055,1.31065,1.00,1.10
2016.08.02 23:06:39.961,1.31056,1.31065,1.00,1.10
2016.08.02 23:06:40.011,1.31056,1.31067,1.00,1.57
2016.08.02 23:06:40.928,1.31056,1.31067,1.00,1.57
2016.08.02 23:06:40.980,1.31056,1.31067,1.00,1.10
2016.08.02 23:06:41.032,1.31058,1.31067,1.00,1.00
2016.08.02 23:06:41.083,1.31058,1.3107,1.00,1.07
2016.08.02 23:06:41.134,1.31059,1.3107,1.00,1.00
2016.08.02 23:06:41.582,1.31059,1.31072,1.00,1.57
2016.08.02 23:06:41.747,1.31059,1.31072,1.00,1.07
2016.08.02 23:06:41.798,1.31059,1.31073,1.57,1.10
2016.08.02 23:06:41.950,1.31059,1.31073,1.10,1.10
2016.08.02 23:06:42.001,1.31058,1.31072,1.50,1.10
2016.08.02 23:06:42.154,1.31059,1.31072,1.00,1.10
2016.08.02 23:06:42.752,1.31058,1.31072,1.50,1.10
2016.08.02 23:06:42.854,1.31059,1.31072,1.00,1.10
2016.08.02 23:06:47.773,1.31061,1.31072,1.00,1.10
2016.08.02 23:06:47.830,1.31063,1.31074,1.00,1.50
2016.08.02 23:06:49.047,1.31062,1.31074,1.00,1.50
2016.08.02 23:06:51.056,1.3106,1.31074,1.10,2.25
2016.08.02 23:06:51.107,1.31059,1.31073,1.07,1.00
2016.08.02 23:06:51.159,1.31059,1.31073,1.10,1.10
2016.08.02 23:06:51.564,1.31061,1.31073,1.00,1.10
2016.08.02 23:06:52.084,1.31062,1.31073,1.00,1.10
2016.08.02 23:06:52.850,1.3106,1.31073,1.00,1.10
2016.08.02 23:06:52.951,1.31059,1.31073,1.57,1.10
2016.08.02 23:06:53.419,1.31059,1.31073,1.57,1.10
2016.08.02 23:06:53.470,1.3106,1.31073,1.00,1.10
2016.08.02 23:06:56.445,1.3106,1.31073,1.00,1.10
2016.08.02 23:06:56.547,1.31062,1.31073,1.00,1.10
2016.08.02 23:06:58.867,1.31063,1.31073,1.00,1.10
2016.08.02 23:07:02.962,1.3106,1.31073,1.00,1.10
2016.08.02 23:07:08.963,1.31062,1.31074,1.00,1.57
2016.08.02 23:07:09.014,1.31062,1.31074,1.00,1.07
2016.08.02 23:07:09.807,1.31062,1.31074,1.00,1.57
2016.08.02 23:07:09.909,1.31062,1.31074,1.00,1.07
2016.08.02 23:07:09.959,1.3106,1.31074,1.50,1.07
2016.08.02 23:07:12.386,1.3106,1.31072,1.50,1.00
2016.08.02 23:07:19.199,1.3106,1.31072,1.50,1.00
2016.08.02 23:07:19.586,1.3106,1.31072,1.00,1.00
2016.08.02 23:07:20.239,1.3106,1.31072,1.00,1.00
2016.08.02 23:07:20.290,1.3106,1.31072,1.00,1.10
2016.08.02 23:07:27.569,1.31061,1.31072,1.00,1.10
2016.08.02 23:07:40.214,1.3106,1.31072,1.00,1.10
2016.08.02 23:07:40.266,1.31057,1.31072,1.57,1.10
2016.08.02 23:07:40.317,1.31057,1.31072,1.07,1.10
2016.08.02 23:07:40.368,1.31057,1.31071,1.07,1.00
2016.08.02 23:07:40.419,1.31056,1.3107,3.07,1.00
2016.08.02 23:07:40.521,1.31056,1.3107,1.50,1.00
2016.08.02 23:07:40.834,1.31056,1.3107,1.50,1.07
2016.08.02 23:07:42.459,1.31056,1.3107,1.00,1.07
2016.08.02 23:07:43.712,1.31055,1.3107,3.00,1.07
2016.08.02 23:07:46.959,1.31055,1.3107,2.25,1.57
2016.08.02 23:07:47.010,1.31055,1.31068,1.50,1.10
2016.08.02 23:07:47.061,1.31055,1.31066,1.00,1.00
2016.08.02 23:07:47.111,1.31055,1.31066,1.00,1.00
2016.08.02 23:07:47.162,1.31055,1.31065,1.00,1.00
2016.08.02 23:07:47.264,1.31055,1.31065,1.00,1.00
2016.08.02 23:07:50.128,1.31056,1.31065,1.00,1.00
2016.08.02 23:07:53.939,1.31055,1.31065,1.00,1.00
2016.08.02 23:08:01.309,1.31055,1.31065,1.00,1.00
2016.08.02 23:08:13.401,1.31055,1.31065,1.00,1.00
2016.08.02 23:08:16.581,1.31056,1.31065,1.00,1.00
2016.08.02 23:08:17.121,1.31055,1.31065,1.00,1.00
2016.08.02 23:08:19.365,1.31056,1.31065,1.00,1.00
2016.08.02 23:08:27.737,1.31057,1.31065,1.00,1.00
2016.08.02 23:08:27.840,1.31058,1.31065,1.00,1.00
2016.08.02 23:08:28.347,1.31056,1.31066,1.00,1.00
2016.08.02 23:08:28.398,1.31056,1.31066,1.50,1.00
2016.08.02 23:08:28.449,1.31057,1.31066,1.00,1.00
2016.08.02 23:08:28.784,1.31057,1.31067,1.00,1.00
2016.08.02 23:08:29.380,1.31057,1.31067,1.00,1.50
2016.08.02 23:08:29.824,1.31057,1.31067,1.00,1.50
2016.08.02 23:08:39.065,1.31055,1.31067,1.50,1.50
2016.08.02 23:08:39.116,1.31054,1.31064,2.25,1.00
2016.08.02 23:08:39.167,1.31054,1.31064,1.75,1.00
2016.08.02 23:08:39.471,1.31055,1.31064,1.50,1.00
2016.08.02 23:08:39.572,1.31055,1.31064,1.50,1.00
2016.08.02 23:08:39.623,1.31055,1.31066,1.50,1.00
2016.08.02 23:08:39.742,1.31056,1.31069,1.12,1.07
2016.08.02 23:08:39.793,1.31059,1.31072,1.00,1.57
2016.08.02 23:08:39.896,1.31057,1.31072,1.00,1.57
2016.08.02 23:08:39.997,1.31059,1.31072,1.00,1.57
2016.08.02 23:08:40.163,1.31059,1.31072,1.00,1.10
2016.08.02 23:08:42.973,1.31061,1.31072,1.00,1.10
2016.08.02 23:09:18.239,1.31061,1.31072,1.00,1.00
2016.08.02 23:09:23.624,1.31064,1.31072,1.00,1.00
2016.08.02 23:09:23.762,1.31065,1.31074,1.00,1.07
2016.08.02 23:09:23.813,1.31064,1.31074,1.00,1.00
2016.08.02 23:09:23.968,1.31064,1.31075,1.00,1.57
2016.08.02 23:09:24.020,1.31062,1.31074,2.25,1.00
2016.08.02 23:09:24.071,1.31062,1.31074,1.57,1.00
2016.08.02 23:09:24.123,1.31063,1.31074,1.00,1.00
2016.08.02 23:09:24.225,1.31062,1.31074,1.10,1.00
2016.08.02 23:09:25.107,1.31064,1.31075,1.00,1.00
2016.08.02 23:09:25.158,1.31064,1.31075,1.00,1.00
2016.08.02 23:09:25.670,1.31065,1.31076,1.00,1.00
2016.08.02 23:09:25.926,1.31065,1.31076,1.00,2.25
2016.08.02 23:09:26.027,1.31064,1.31074,1.00,1.00
2016.08.02 23:09:26.201,1.3106,1.31073,1.57,1.00
2016.08.02 23:09:26.252,1.3106,1.31073,2.32,1.00
2016.08.02 23:09:26.353,1.31061,1.31073,1.20,1.00
2016.08.02 23:09:26.404,1.31061,1.31073,1.95,1.00
2016.08.02 23:09:26.455,1.31061,1.31073,1.87,1.00
2016.08.02 23:09:30.789,1.31061,1.31073,1.12,1.00
2016.08.02 23:09:31.099,1.31061,1.31073,1.12,1.00
2016.08.02 23:09:31.150,1.31061,1.31073,1.12,1.00
2016.08.02 23:09:31.201,1.31061,1.31073,1.00,1.00
2016.08.02 23:09:31.252,1.31057,1.31072,1.07,1.00
2016.08.02 23:09:31.303,1.31057,1.31072,1.07,1.00
2016.08.02 23:09:31.354,1.31057,1.31072,1.57,1.00
2016.08.02 23:09:31.506,1.31057,1.31072,1.57,1.00
2016.08.02 23:09:34.554,1.31057,1.31072,1.07,1.00
2016.08.02 23:09:41.742,1.31056,1.31072,2.32,1.00
2016.08.02 23:09:41.844,1.31056,1.31072,1.57,1.00
2016.08.02 23:09:41.895,1.31056,1.31072,1.57,1.07
2016.08.02 23:09:42.047,1.31057,1.31072,1.00,1.07
2016.08.02 23:09:45.234,1.31057,1.31072,1.50,1.07
2016.08.02 23:09:45.336,1.31058,1.31072,1.00,1.07
2016.08.02 23:09:48.147,1.31057,1.31072,1.50,1.07
2016.08.02 23:09:53.443,1.31057,1.31072,1.00,1.07
2016.08.02 23:09:55.860,1.31059,1.31072,1.00,1.07
2016.08.02 23:09:57.703,1.31059,1.31071,1.00,1.07
2016.08.02 23:10:11.069,1.31058,1.31071,1.50,1.07
2016.08.02 23:10:27.752,1.31058,1.31072,1.00,1.57
2016.08.02 23:10:44.833,1.31058,1.31072,1.00,1.07
2016.08.02 23:10:45.290,1.31058,1.31072,1.00,1.57
2016.08.02 23:10:49.679,1.31058,1.31071,1.50,1.20
2016.08.02 23:10:49.883,1.31058,1.31071,1.50,1.10
2016.08.02 23:10:52.070,1.31058,1.31071,1.50,1.10
2016.08.02 23:10:58.237,1.31058,1.31071,1.50,1.07
2016.08.02 23:10:59.230,1.3106,1.31071,1.00,1.07
2016.08.02 23:10:59.535,1.3106,1.31071,1.00,1.00
2016.08.02 23:11:06.143,1.31061,1.31071,1.00,1.00
2016.08.02 23:11:08.378,1.3106,1.31071,1.00,1.00
2016.08.02 23:11:12.813,1.3106,1.31072,1.00,1.00
2016.08.02 23:11:16.187,1.31059,1.31072,1.00,1.00
2016.08.02 23:11:16.733,1.3106,1.31072,1.00,1.00
2016.08.02 23:11:26.965,1.31061,1.31073,1.00,1.57
2016.08.02 23:11:27.017,1.31061,1.31073,1.00,1.10
2016.08.02 23:11:27.236,1.31061,1.31073,1.00,1.00
2016.08.02 23:11:27.564,1.31063,1.31073,1.00,1.00
2016.08.02 23:11:28.168,1.31059,1.31072,1.07,1.00
2016.08.02 23:11:28.359,1.31058,1.31072,2.32,1.00
2016.08.02 23:11:31.224,1.31058,1.31072,3.07,1.00
2016.08.02 23:11:32.851,1.31058,1.31072,2.32,1.00
2016.08.02 23:11:34.199,1.31058,1.31072,3.07,1.00
2016.08.02 23:11:34.757,1.31058,1.31071,3.07,1.00
2016.08.02 23:11:38.431,1.31058,1.31071,2.32,1.00
2016.08.02 23:11:38.705,1.31058,1.31071,2.32,1.00
2016.08.02 23:11:41.581,1.31059,1.31071,1.07,1.00
2016.08.02 23:11:41.632,1.31059,1.31071,1.07,1.00
2016.08.02 23:11:42.906,1.31059,1.31072,1.07,1.00
2016.08.02 23:11:50.823,1.31059,1.31072,1.07,1.00
2016.08.02 23:11:50.924,1.31059,1.31072,1.00,1.00
2016.08.02 23:11:53.011,1.31059,1.31072,1.00,1.00
2016.08.02 23:12:10.632,1.31058,1.31072,1.00,1.00
2016.08.02 23:12:10.836,1.31058,1.31072,1.50,1.00
2016.08.02 23:12:20.287,1.31058,1.31072,1.57,1.00
2016.08.02 23:12:20.927,1.31058,1.31072,1.10,1.00
2016.08.02 23:12:20.978,1.31056,1.3107,2.62,1.00
2016.08.02 23:12:21.029,1.31058,1.31071,1.10,1.00
2016.08.02 23:12:21.232,1.31057,1.3107,1.07,1.00
2016.08.02 23:12:23.344,1.31059,1.3107,1.00,1.00
2016.08.02 23:12:24.567,1.31057,1.3107,1.07,1.00
2016.08.02 23:12:24.668,1.31056,1.3107,1.87,1.00
2016.08.02 23:12:24.822,1.31056,1.3107,3.37,1.00
2016.08.02 23:12:24.873,1.31059,1.3107,1.00,1.00
2016.08.02 23:12:25.870,1.31059,1.31072,1.00,1.00
2016.08.02 23:12:27.955,1.31059,1.31071,1.00,1.00
2016.08.02 23:12:35.878,1.31058,1.31071,1.57,1.10
2016.08.02 23:12:37.782,1.31058,1.31071,1.57,1.10
2016.08.02 23:12:44.750,1.31059,1.31071,1.00,1.10
2016.08.02 23:12:50.012,1.31059,1.31071,1.50,1.10
2016.08.02 23:12:55.011,1.31061,1.31071,1.00,1.10
2016.08.02 23:12:55.062,1.31064,1.31071,1.00,1.10
2016.08.02 23:12:55.202,1.31063,1.31074,1.50,1.37
2016.08.02 23:12:55.271,1.31063,1.31074,2.25,1.00
2016.08.02 23:12:55.373,1.31063,1.31074,1.50,1.00
2016.08.02 23:12:55.475,1.31064,1.31074,1.12,1.10
2016.08.02 23:12:55.577,1.31064,1.31074,1.12,1.00
2016.08.02 23:12:56.186,1.31065,1.31074,1.00,1.00
2016.08.02 23:12:56.236,1.31065,1.3108,1.00,1.12
2016.08.02 23:12:56.288,1.31067,1.3108,1.00,1.12
2016.08.02 23:12:56.338,1.31067,1.31081,1.00,1.37
2016.08.02 23:12:56.389,1.31066,1.31081,1.50,1.37
2016.08.02 23:12:56.571,1.31066,1.31081,1.50,1.07
2016.08.02 23:12:58.252,1.31069,1.31081,1.87,1.07
2016.08.02 23:12:58.354,1.31069,1.31081,1.87,1.10
2016.08.02 23:12:58.709,1.31069,1.31081,1.12,1.10
2016.08.02 23:13:00.038,1.31069,1.31083,1.12,1.12
2016.08.02 23:13:00.097,1.31072,1.31083,1.00,1.00
2016.08.02 23:13:08.409,1.3107,1.31083,1.12,1.00
2016.08.02 23:13:08.611,1.31069,1.31083,2.62,1.00
2016.08.02 23:13:08.916,1.31069,1.31081,2.62,1.00
2016.08.02 23:13:09.018,1.31069,1.31081,2.32,1.00
2016.08.02 23:13:14.671,1.31069,1.31082,2.32,1.00
2016.08.02 23:13:15.628,1.31069,1.31082,1.57,1.00
2016.08.02 23:13:20.059,1.31068,1.31082,2.70,1.00
2016.08.02 23:13:25.197,1.31068,1.31081,1.57,1.00
2016.08.02 23:13:25.309,1.31068,1.31081,1.50,1.00
2016.08.02 23:13:25.360,1.31068,1.31081,1.00,1.50
2016.08.02 23:13:25.411,1.31068,1.31081,1.00,1.57
2016.08.02 23:13:25.766,1.31068,1.31081,1.00,1.57
2016.08.02 23:13:25.817,1.31067,1.31081,1.50,1.57
2016.08.02 23:13:26.513,1.31067,1.31081,1.57,1.50
2016.08.02 23:13:27.396,1.31067,1.31081,1.57,1.50
2016.08.02 23:13:28.080,1.31067,1.31081,1.10,1.50
2016.08.02 23:13:37.064,1.31067,1.31081,1.10,1.50
2016.08.02 23:13:37.116,1.31066,1.31079,1.07,1.00
2016.08.02 23:13:37.167,1.31063,1.31078,3.37,1.00
2016.08.02 23:13:37.218,1.31063,1.31078,1.87,1.00
2016.08.02 23:13:37.270,1.31062,1.31078,2.62,1.07
2016.08.02 23:13:37.321,1.31063,1.31078,1.57,1.07
2016.08.02 23:13:40.796,1.31062,1.31077,3.37,1.10
2016.08.02 23:13:40.847,1.31062,1.31077,2.62,1.10
2016.08.02 23:13:40.898,1.31062,1.31076,1.07,1.10
2016.08.02 23:13:40.999,1.31061,1.31076,1.95,2.32
2016.08.02 23:13:42.281,1.31061,1.31073,1.20,1.00
2016.08.02 23:13:42.332,1.31061,1.31073,1.12,1.00
2016.08.02 23:13:42.434,1.3106,1.31073,1.50,1.00
2016.08.02 23:13:44.356,1.3106,1.31073,2.25,1.00
2016.08.02 23:13:44.407,1.31061,1.31072,1.12,1.00
2016.08.02 23:13:44.483,1.31061,1.31072,1.12,1.00
2016.08.02 23:13:44.535,1.31061,1.31072,1.20,1.00
2016.08.02 23:13:44.637,1.31061,1.31072,1.12,1.00
2016.08.02 23:13:45.848,1.31062,1.31072,1.50,1.00
2016.08.02 23:13:45.899,1.31062,1.31075,1.50,1.07
2016.08.02 23:13:46.103,1.31062,1.31075,1.50,1.07
2016.08.02 23:13:46.205,1.31062,1.31075,1.50,1.00
2016.08.02 23:13:46.357,1.31062,1.31075,2.25,1.00
2016.08.02 23:13:46.410,1.31062,1.31077,3.00,1.57
2016.08.02 23:13:46.461,1.31063,1.31077,1.12,1.57
2016.08.02 23:13:50.134,1.31063,1.31077,1.12,1.07
2016.08.02 23:13:52.329,1.31062,1.31077,2.25,1.57
2016.08.02 23:13:52.475,1.31062,1.31077,2.32,1.95
2016.08.02 23:13:52.526,1.31063,1.31076,1.12,1.00
2016.08.02 23:13:52.827,1.31062,1.31079,2.32,2.32
2016.08.02 23:13:52.878,1.31063,1.31079,1.12,1.57
2016.08.02 23:13:53.031,1.31062,1.31079,2.32,1.57
2016.08.02 23:13:53.379,1.31062,1.31079,1.57,1.57
2016.08.02 23:13:53.430,1.31062,1.31079,1.87,1.57
2016.08.02 23:14:25.463,1.31062,1.31073,1.87,1.00
2016.08.02 23:14:25.565,1.31062,1.31073,1.57,1.00
2016.08.02 23:14:33.219,1.31067,1.31078,1.00,1.12
2016.08.02 23:14:33.270,1.31067,1.3108,1.00,1.57
2016.08.02 23:14:33.894,1.31066,1.31078,1.00,1.00
2016.08.02 23:14:35.184,1.31066,1.31078,1.50,1.00
2016.08.02 23:14:35.577,1.31066,1.3108,1.00,1.57
2016.08.02 23:14:37.905,1.31066,1.3108,1.12,1.57
2016.08.02 23:14:37.956,1.31066,1.3108,1.12,1.57
2016.08.02 23:14:43.277,1.31066,1.3108,1.12,1.10
2016.08.02 23:14:48.076,1.31066,1.3108,1.12,1.10
2016.08.02 23:14:55.505,1.31065,1.3108,1.57,1.10
2016.08.02 23:14:55.616,1.31065,1.3108,2.32,1.10
2016.08.02 23:14:55.723,1.31066,1.3108,1.12,1.10
2016.08.02 23:14:56.046,1.31066,1.31081,1.12,1.07
2016.08.02 23:14:58.101,1.31066,1.31081,1.12,1.07
2016.08.02 23:15:01.111,1.31066,1.31081,1.12,1.07
2016.08.02 23:15:01.162,1.31066,1.31081,1.00,1.07
2016.08.02 23:15:01.400,1.31066,1.31081,1.00,1.12
2016.08.02 23:15:05.617,1.31066,1.31079,1.00,1.07
2016.08.02 23:15:07.718,1.31066,1.31079,1.00,1.07
2016.08.02 23:15:08.106,1.31066,1.31079,1.00,1.07
2016.08.02 23:15:11.592,1.31066,1.31079,1.00,1.07
2016.08.02 23:15:21.759,1.31066,1.31079,1.00,1.07
2016.08.02 23:15:21.860,1.31063,1.31079,3.37,1.07
2016.08.02 23:15:21.911,1.31063,1.31079,2.62,1.07
2016.08.02 23:15:21.962,1.31063,1.31073,1.12,1.00
2016.08.02 23:15:22.115,1.31062,1.31073,1.75,1.00
2016.08.02 23:15:29.546,1.31063,1.31073,1.50,1.00
2016.08.02 23:15:36.063,1.31064,1.31073,1.12,1.00
2016.08.02 23:15:36.114,1.31064,1.31073,1.12,1.00
2016.08.02 23:15:36.165,1.31065,1.31073,1.00,1.00
2016.08.02 23:15:36.216,1.31066,1.31078,1.00,1.07
2016.08.02 23:15:36.267,1.31066,1.31078,1.00,1.07
2016.08.02 23:15:36.318,1.31066,1.31078,1.00,1.10
2016.08.02 23:16:01.810,1.31066,1.31078,1.00,1.10
2016.08.02 23:16:01.912,1.31067,1.3108,1.00,1.20
2016.08.02 23:16:01.963,1.31069,1.3108,1.00,1.07
2016.08.02 23:16:02.054,1.31069,1.3108,1.00,1.10
2016.08.02 23:16:02.118,1.31069,1.31079,1.00,1.00
2016.08.02 23:16:02.321,1.31067,1.3108,1.00,1.10
2016.08.02 23:16:02.423,1.31067,1.31081,1.00,1.07
2016.08.02 23:16:05.695,1.31067,1.31081,1.10,1.00
2016.08.02 23:16:12.165,1.31067,1.31081,1.57,1.00
2016.08.02 23:16:14.373,1.31067,1.31081,1.50,1.07
2016.08.02 23:16:21.984,1.31069,1.31081,1.00,1.07
2016.08.02 23:16:22.036,1.3107,1.3108,1.00,1.10
2016.08.02 23:16:22.088,1.3107,1.3108,1.00,1.00
2016.08.02 23:16:22.575,1.3107,1.3108,1.00,1.00
2016.08.02 23:16:23.084,1.31069,1.3108,1.00,1.00
2016.08.02 23:16:23.325,1.31069,1.3108,1.00,1.10
2016.08.02 23:16:23.764,1.31067,1.31081,1.00,1.07
2016.08.02 23:16:24.750,1.31066,1.31081,1.00,1.07
2016.08.02 23:16:25.218,1.31066,1.31081,1.00,1.07
2016.08.02 23:16:25.269,1.31067,1.31081,1.00,1.07
2016.08.02 23:16:25.371,1.31068,1.31081,1.00,1.07
2016.08.02 23:16:35.774,1.31068,1.31081,1.00,1.07
2016.08.02 23:16:38.475,1.31068,1.3108,1.00,1.10
2016.08.02 23:16:38.606,1.31067,1.3108,1.00,1.10
2016.08.02 23:16:38.707,1.31065,1.3108,1.95,1.10
2016.08.02 23:16:43.494,1.31065,1.3108,1.95,1.57
2016.08.02 23:16:59.262,1.31065,1.3108,1.20,1.57
2016.08.02 23:17:02.204,1.31065,1.3108,1.20,1.57
2016.08.02 23:17:07.235,1.31065,1.3108,1.20,1.57
2016.08.02 23:17:07.336,1.31066,1.3108,1.00,1.57
2016.08.02 23:17:07.387,1.31066,1.3108,1.00,1.57
2016.08.02 23:17:16.983,1.31066,1.3108,1.00,1.10
2016.08.02 23:17:24.337,1.31066,1.3108,1.00,1.07
2016.08.02 23:17:37.627,1.31068,1.3108,1.00,1.07
2016.08.02 23:17:37.678,1.31068,1.3108,1.00,1.00
2016.08.02 23:17:37.729,1.31068,1.3108,1.00,1.00
2016.08.02 23:17:38.270,1.31067,1.3108,1.50,1.00
2016.08.02 23:17:41.299,1.31067,1.3108,1.50,1.10
2016.08.02 23:17:43.631,1.31067,1.31079,1.50,1.00
2016.08.02 23:17:55.769,1.31067,1.31079,1.00,1.00
2016.08.02 23:17:55.922,1.31066,1.31079,1.00,1.00
2016.08.02 23:17:55.973,1.31066,1.31079,1.00,1.00
2016.08.02 23:17:56.074,1.31065,1.31079,1.10,1.00
2016.08.02 23:17:56.125,1.31065,1.31079,1.00,1.07
2016.08.02 23:18:01.953,1.31065,1.31079,1.00,1.07
2016.08.02 23:18:02.256,1.31068,1.31079,1.00,1.07
2016.08.02 23:18:02.307,1.31068,1.3108,1.00,1.00
2016.08.02 23:18:02.359,1.31067,1.3108,1.00,1.00
2016.08.02 23:18:02.410,1.31067,1.31077,1.00,1.00
2016.08.02 23:18:02.461,1.31063,1.31077,3.07,1.00
2016.08.02 23:18:02.513,1.31063,1.31077,2.32,1.10
2016.08.02 23:18:02.564,1.31063,1.31077,3.82,1.10
2016.08.02 23:18:02.615,1.31063,1.31077,3.82,1.07
2016.08.02 23:18:02.970,1.31063,1.31077,3.07,1.07
2016.08.02 23:18:03.104,1.31063,1.31078,1.57,1.07
2016.08.02 23:18:03.155,1.31063,1.31078,1.10,1.57
2016.08.02 23:18:03.207,1.31061,1.31076,1.12,1.10
2016.08.02 23:18:03.258,1.31061,1.31075,1.12,1.00
2016.08.02 23:18:03.309,1.31057,1.31071,1.20,1.10
2016.08.02 23:18:03.411,1.31056,1.3107,2.25,1.10
2016.08.02 23:18:03.483,1.31056,1.3107,1.50,1.10
2016.08.02 23:18:05.620,1.31056,1.31069,1.50,1.00
2016.08.02 23:18:05.883,1.31056,1.31069,1.00,1.00
2016.08.02 23:18:07.014,1.31056,1.31069,1.00,1.00
2016.08.02 23:18:10.156,1.31056,1.31069,1.50,1.00
2016.08.02 23:18:10.758,1.31055,1.31069,2.32,1.00
2016.08.02 23:18:10.809,1.31055,1.31069,3.07,1.00
2016.08.02 23:18:10.860,1.31056,1.31069,1.50,1.00
2016.08.02 23:18:10.911,1.31059,1.31071,1.00,1.10
2016.08.02 23:18:10.962,1.31059,1.31071,1.00,1.10
2016.08.02 23:18:11.065,1.31058,1.31071,1.50,1.10
2016.08.02 23:18:11.190,1.31059,1.31073,1.57,1.10
2016.08.02 23:18:11.249,1.31061,1.31073,1.00,1.10
2016.08.02 23:18:11.300,1.3106,1.31073,1.10,1.10
2016.08.02 23:18:11.403,1.31061,1.31073,1.00,1.10
2016.08.02 23:18:11.454,1.31061,1.31073,1.00,1.00
2016.08.02 23:18:11.506,1.31062,1.31073,1.00,1.00
2016.08.02 23:18:11.558,1.31062,1.31073,1.00,1.00
2016.08.02 23:18:11.610,1.31061,1.31073,1.10,1.00
2016.08.02 23:18:11.763,1.31061,1.31073,1.00,1.00
2016.08.02 23:18:13.715,1.31061,1.31074,1.00,1.00
2016.08.02 23:18:14.384,1.3106,1.31074,1.57,1.00
2016.08.02 23:18:14.435,1.3106,1.31072,1.10,1.00
2016.08.02 23:18:15.077,1.31059,1.31072,1.57,1.00
2016.08.02 23:18:15.776,1.31061,1.31072,1.12,1.00
2016.08.02 23:18:15.827,1.31061,1.31074,1.87,1.00
2016.08.02 23:18:15.879,1.31061,1.31074,1.00,1.00
2016.08.02 23:18:15.930,1.31061,1.31074,1.10,1.00
2016.08.02 23:18:15.981,1.31062,1.31074,1.50,1.00
2016.08.02 23:18:16.083,1.31064,1.31074,1.00,1.00
2016.08.02 23:18:16.286,1.31064,1.31074,1.00,1.00
2016.08.02 23:18:16.388,1.31061,1.31074,1.50,1.00
2016.08.02 23:18:16.491,1.3106,1.31074,2.62,1.00
2016.08.02 23:18:18.381,1.31061,1.31074,1.07,1.00
2016.08.02 23:18:18.432,1.31061,1.31075,2.32,1.10
2016.08.02 23:18:18.550,1.31062,1.31077,2.25,1.07
2016.08.02 23:18:18.601,1.31065,1.31077,1.00,1.00
2016.08.02 23:18:18.653,1.31065,1.31079,1.00,1.10
2016.08.02 23:18:18.704,1.31066,1.3108,1.00,1.57
2016.08.02 23:18:18.806,1.31065,1.3108,1.00,1.57
2016.08.02 23:18:18.908,1.31066,1.3108,1.00,1.07
2016.08.02 23:18:19.011,1.31068,1.3108,1.12,1.10
2016.08.02 23:18:19.117,1.31068,1.3108,1.20,1.00
2016.08.02 23:18:19.192,1.31071,1.3108,1.00,1.00
2016.08.02 23:18:19.308,1.3107,1.31081,1.00,1.00
2016.08.02 23:18:19.359,1.3107,1.31081,1.07,1.00
2016.08.02 23:18:19.411,1.31069,1.31081,1.50,1.00
2016.08.02 23:18:19.462,1.3107,1.31081,1.07,1.00
2016.08.02 23:18:19.616,1.3107,1.31081,1.20,1.00
2016.08.02 23:18:20.117,1.31069,1.31081,2.62,1.00
2016.08.02 23:18:20.304,1.31069,1.31081,2.25,1.00
2016.08.02 23:18:20.407,1.31069,1.31081,3.37,1.00
2016.08.02 23:18:20.458,1.31069,1.31081,2.62,1.00
2016.08.02 23:18:20.873,1.31069,1.31081,2.32,1.00
2016.08.02 23:18:20.975,1.31069,1.31081,1.95,1.00
2016.08.02 23:18:26.907,1.31069,1.31081,1.20,1.00
2016.08.02 23:18:26.958,1.31067,1.31081,3.00,1.00
2016.08.02 23:18:27.009,1.31067,1.31081,2.25,1.00
2016.08.02 23:18:27.059,1.31067,1.31081,2.25,1.00
2016.08.02 23:18:27.110,1.31067,1.31081,3.00,1.00
2016.08.02 23:18:27.303,1.31067,1.31081,2.70,1.10
2016.08.02 23:18:28.208,1.31067,1.31081,1.07,1.57
2016.08.02 23:18:28.259,1.31067,1.31079,1.00,1.00
2016.08.02 23:18:28.361,1.31065,1.3108,3.00,1.07
2016.08.02 23:18:28.412,1.31065,1.3108,1.87,1.07
2016.08.02 23:18:28.549,1.31065,1.3108,1.95,1.07
2016.08.02 23:18:28.600,1.31065,1.3108,1.95,1.07
2016.08.02 23:18:29.014,1.31066,1.3108,1.00,1.12
2016.08.02 23:18:29.117,1.31066,1.31077,1.00,1.10
2016.08.02 23:18:29.168,1.31066,1.31077,1.00,1.50
2016.08.02 23:18:29.239,1.31065,1.31077,1.12,1.57
2016.08.02 23:18:29.442,1.31063,1.31077,2.32,1.10
2016.08.02 23:18:30.673,1.31064,1.31077,1.57,1.10
2016.08.02 23:18:30.724,1.31066,1.31079,1.00,1.07
2016.08.02 23:18:30.776,1.31066,1.31079,1.00,1.10
2016.08.02 23:18:30.827,1.31067,1.31079,1.00,1.10
2016.08.02 23:18:32.432,1.31067,1.31079,1.00,1.00
2016.08.02 23:18:32.483,1.31067,1.31079,1.00,1.00
2016.08.02 23:18:32.534,1.31068,1.3108,1.50,1.10
2016.08.02 23:18:32.585,1.31068,1.3108,2.25,1.10
2016.08.02 23:18:32.637,1.31069,1.3108,1.12,1.10
2016.08.02 23:18:32.727,1.31069,1.3108,1.12,1.00
2016.08.02 23:18:32.983,1.31069,1.3108,1.20,1.00
2016.08.02 23:18:33.085,1.31069,1.3108,1.57,1.00
2016.08.02 23:18:36.231,1.31067,1.3108,1.12,1.00
2016.08.02 23:18:36.282,1.31067,1.3108,1.00,1.10
2016.08.02 23:18:36.333,1.31065,1.31079,1.20,1.00
2016.08.02 23:18:36.384,1.31065,1.31079,1.12,1.10
2016.08.02 23:18:37.413,1.31067,1.31079,1.00,1.10
2016.08.02 23:18:39.233,1.31067,1.31079,1.50,1.10
2016.08.02 23:18:39.334,1.31067,1.31079,2.62,1.10
2016.08.02 23:18:39.385,1.31067,1.31079,2.62,1.00
2016.08.02 23:18:39.436,1.31068,1.31079,1.50,1.00
2016.08.02 23:18:40.792,1.31068,1.31079,1.87,1.00
2016.08.02 23:18:40.893,1.31068,1.31079,1.95,1.00
2016.08.02 23:18:42.291,1.31068,1.31079,1.57,1.00
2016.08.02 23:18:43.741,1.31068,1.31081,1.57,1.10
2016.08.02 23:18:48.282,1.31068,1.3108,1.57,1.00
2016.08.02 23:18:48.334,1.31066,1.31078,1.12,1.00
2016.08.02 23:18:48.385,1.31063,1.31077,3.00,1.10
2016.08.02 23:18:48.436,1.31063,1.31077,1.00,1.10
2016.08.02 23:18:48.555,1.31063,1.31077,1.00,1.10
2016.08.02 23:18:48.760,1.31063,1.31077,1.50,1.10
2016.08.02 23:18:49.564,1.31064,1.31077,1.00,1.10
2016.08.02 23:18:50.149,1.31063,1.31077,1.12,2.32
2016.08.02 23:18:50.202,1.31063,1.31074,1.12,1.00
2016.08.02 23:18:50.816,1.31063,1.31074,1.00,1.00
2016.08.02 23:18:53.155,1.31065,1.31074,1.00,1.00
2016.08.02 23:18:55.537,1.31065,1.31074,1.00,1.00
2016.08.02 23:19:02.806,1.31065,1.31077,1.10,1.50
2016.08.02 23:19:02.857,1.31065,1.31078,1.10,1.10
2016.08.02 23:19:02.909,1.31064,1.31078,1.10,1.07
2016.08.02 23:19:02.960,1.31063,1.31078,2.32,1.07
2016.08.02 23:19:03.369,1.31064,1.31078,1.10,1.07
2016.08.02 23:19:05.465,1.31063,1.31078,2.70,1.07
2016.08.02 23:19:05.670,1.31065,1.31078,1.00,1.07
2016.08.02 23:19:05.721,1.31065,1.31074,1.00,1.00
2016.08.02 23:19:05.772,1.31062,1.31074,1.00,1.07
2016.08.02 23:19:05.823,1.3106,1.31073,1.00,1.07
2016.08.02 23:19:05.874,1.31059,1.31073,1.00,1.37
2016.08.02 23:19:06.001,1.31057,1.3107,1.12,1.07
2016.08.02 23:19:06.052,1.31057,1.3107,1.87,1.07
2016.08.02 23:19:06.103,1.31057,1.3107,1.87,1.07
2016.08.02 23:19:06.256,1.31057,1.3107,1.12,1.07
2016.08.02 23:19:06.307,1.31057,1.3107,1.12,1.10
2016.08.02 23:19:08.401,1.31057,1.3107,1.12,1.00
2016.08.02 23:19:11.189,1.31057,1.31071,1.12,1.10
2016.08.02 23:19:11.240,1.31056,1.31071,3.82,1.10
2016.08.02 23:19:11.292,1.31057,1.31071,1.12,1.10
2016.08.02 23:19:15.132,1.31057,1.31071,1.87,1.10
2016.08.02 23:19:15.183,1.31057,1.31071,1.87,1.10
2016.08.02 23:19:15.285,1.31057,1.31071,1.12,1.10
2016.08.02 23:19:16.993,1.31057,1.31071,1.12,1.10
2016.08.02 23:19:17.044,1.31056,1.31067,1.57,1.00
2016.08.02 23:19:17.095,1.31056,1.31067,1.50,1.00
2016.08.02 23:19:17.146,1.31057,1.31067,1.12,1.50
2016.08.02 23:19:17.197,1.31057,1.31067,1.12,1.57
2016.08.02 23:19:17.248,1.31056,1.31067,1.50,1.10
2016.08.02 23:19:17.823,1.31056,1.31067,1.50,1.10
2016.08.02 23:19:18.131,1.31056,1.31067,1.50,1.10
2016.08.02 23:19:18.742,1.31057,1.31067,1.12,1.57
2016.08.02 23:19:18.844,1.31056,1.31067,1.50,1.10
2016.08.02 23:19:24.093,1.31056,1.31067,2.25,1.10
2016.08.02 23:19:25.085,1.31057,1.31067,1.12,1.57
2016.08.02 23:19:25.192,1.3106,1.3107,1.00,1.12
2016.08.02 23:19:25.244,1.3106,1.31071,1.00,1.00
2016.08.02 23:19:25.397,1.3106,1.31072,1.00,1.00
2016.08.02 23:19:25.448,1.3106,1.31072,1.07,1.00
2016.08.02 23:19:25.499,1.31062,1.31072,1.00,1.00
2016.08.02 23:19:26.426,1.31062,1.31072,1.00,1.00
2016.08.02 23:19:26.477,1.3106,1.31072,1.10,1.00
2016.08.02 23:19:26.731,1.3106,1.31072,1.10,1.00
2016.08.02 23:19:27.203,1.31058,1.31072,1.50,1.07
2016.08.02 23:19:27.272,1.31058,1.3107,1.00,1.00
2016.08.02 23:19:27.323,1.31058,1.3107,1.00,1.12
2016.08.02 23:19:27.425,1.31058,1.3107,1.50,1.12
2016.08.02 23:19:27.603,1.31058,1.3107,1.50,1.12
2016.08.02 23:19:27.654,1.31058,1.3107,1.50,1.07
2016.08.02 23:19:27.705,1.31058,1.3107,1.00,1.07
2016.08.02 23:19:28.083,1.31058,1.3107,1.50,1.07
2016.08.02 23:19:28.813,1.31058,1.3107,1.00,1.07
2016.08.02 23:19:30.323,1.31058,1.31069,1.00,1.10
2016.08.02 23:19:30.579,1.31057,1.31069,1.12,1.10
2016.08.02 23:19:30.907,1.31057,1.31069,1.87,1.10
2016.08.02 23:19:31.111,1.31057,1.31069,2.62,1.10
2016.08.02 23:19:31.365,1.31057,1.31072,2.62,1.12
2016.08.02 23:19:31.417,1.31058,1.31072,1.50,1.10
2016.08.02 23:19:31.519,1.3106,1.31072,1.00,1.00
2016.08.02 23:19:31.622,1.3106,1.31072,1.50,1.00
2016.08.02 23:19:31.674,1.31061,1.31072,1.00,1.00
2016.08.02 23:19:31.725,1.31061,1.31072,1.00,1.00
2016.08.02 23:19:34.731,1.31061,1.31074,1.00,1.07
2016.08.02 23:19:34.783,1.31063,1.31074,1.00,1.07
2016.08.02 23:19:34.910,1.31063,1.31075,1.00,1.07
2016.08.02 23:19:34.961,1.31064,1.31076,1.00,1.00
2016.08.02 23:19:35.012,1.31065,1.31076,1.00,1.10
2016.08.02 23:19:35.114,1.31065,1.31076,1.00,1.10
2016.08.02 23:19:35.580,1.31065,1.31076,1.00,1.00
2016.08.02 23:19:35.732,1.31065,1.31077,1.00,1.10
2016.08.02 23:19:36.095,1.31064,1.31077,1.50,1.10
2016.08.02 23:19:36.145,1.31064,1.31077,1.50,1.10
2016.08.02 23:19:36.251,1.31064,1.31077,1.50,1.10
2016.08.02 23:19:39.719,1.31066,1.31077,1.00,1.10
2016.08.02 23:19:43.835,1.31066,1.31079,1.00,1.07
2016.08.02 23:19:44.509,1.31066,1.31079,1.00,1.10
2016.08.02 23:19:44.560,1.31066,1.3108,1.00,1.57
2016.08.02 23:19:44.611,1.31068,1.3108,1.00,1.57
2016.08.02 23:19:45.150,1.31068,1.3108,1.57,1.00
2016.08.02 23:19:45.201,1.31068,1.3108,2.32,1.00
2016.08.02 23:19:45.252,1.31068,1.31082,2.62,1.00
2016.08.02 23:19:45.393,1.3107,1.31082,1.95,1.00
2016.08.02 23:19:45.802,1.3107,1.31082,1.12,1.10
2016.08.02 23:19:45.853,1.31069,1.31081,2.25,1.00
2016.08.02 23:19:45.956,1.31069,1.31081,1.50,1.00
2016.08.02 23:19:46.007,1.31068,1.31081,1.00,1.50
2016.08.02 23:19:46.059,1.31068,1.31081,1.00,1.57
2016.08.02 23:19:46.110,1.31067,1.31081,1.10,1.57
2016.08.02 23:19:46.161,1.31067,1.31081,1.00,1.57
2016.08.02 23:19:46.301,1.31069,1.31081,1.00,1.57
2016.08.02 23:19:46.353,1.31069,1.31081,1.00,1.57
2016.08.02 23:19:46.404,1.31069,1.31081,1.12,1.57
2016.08.02 23:19:46.455,1.31069,1.31081,1.12,1.57
2016.08.02 23:19:46.506,1.31067,1.31081,1.00,1.57
2016.08.02 23:19:49.726,1.31069,1.31081,1.00,1.57
2016.08.02 23:19:49.777,1.31069,1.31081,1.12,1.57
2016.08.02 23:19:49.980,1.31069,1.31081,1.00,1.57
2016.08.02 23:19:50.356,1.31069,1.31081,1.50,1.57
2016.08.02 23:19:50.718,1.31068,1.31081,1.12,1.57
2016.08.02 23:19:50.769,1.31067,1.31081,1.00,1.57
2016.08.02 23:19:51.124,1.31068,1.31081,1.00,1.57
2016.08.02 23:19:54.922,1.31066,1.31081,1.00,1.57
2016.08.02 23:19:54.974,1.31066,1.31079,1.00,1.00
2016.08.02 23:19:55.230,1.31066,1.31078,1.00,1.00
2016.08.02 23:19:55.282,1.31065,1.31076,1.00,1.00
2016.08.02 23:19:55.334,1.31063,1.31076,1.00,1.00
2016.08.02 23:19:55.386,1.31063,1.31076,1.00,1.10
2016.08.02 23:19:55.437,1.31063,1.31076,1.00,1.10
2016.08.02 23:19:55.488,1.31061,1.31074,1.50,1.50
2016.08.02 23:19:55.539,1.31061,1.31074,2.25,1.50
2016.08.02 23:19:55.591,1.31061,1.31074,2.25,1.57
2016.08.02 23:19:55.693,1.31063,1.31075,1.00,1.00
2016.08.02 23:19:56.080,1.31062,1.31076,1.50,1.10
2016.08.02 23:20:00.522,1.31062,1.31076,1.00,1.10
2016.08.02 23:20:00.623,1.31062,1.31076,1.50,1.10
2016.08.02 23:20:03.260,1.31062,1.31074,1.00,1.50
2016.08.02 23:20:03.312,1.31061,1.31074,1.87,3.07
2016.08.02 23:20:03.363,1.3106,1.31071,1.00,1.50
2016.08.02 23:20:03.415,1.31057,1.31068,1.00,1.10
2016.08.02 23:20:03.466,1.31054,1.31068,1.37,1.10
2016.08.02 23:20:03.518,1.31054,1.31068,1.00,1.10
2016.08.02 23:20:03.569,1.31054,1.31068,1.50,1.10
2016.08.02 23:20:03.621,1.31055,1.31068,1.00,1.07
2016.08.02 23:20:03.723,1.31055,1.3107,1.00,1.87
2016.08.02 23:20:03.774,1.31055,1.3107,1.00,1.57
2016.08.02 23:20:03.876,1.31057,1.3107,1.00,1.12
2016.08.02 23:20:04.065,1.31056,1.3107,1.12,1.07
2016.08.02 23:20:04.171,1.31056,1.3107,1.12,1.10
2016.08.02 23:20:04.222,1.31056,1.3107,1.87,1.10
2016.08.02 23:20:04.273,1.31057,1.3107,1.50,1.10
2016.08.02 23:20:04.324,1.31057,1.3107,2.25,1.00
2016.08.02 23:20:04.375,1.31059,1.3107,1.00,1.00
2016.08.02 23:20:05.785,1.31059,1.31071,1.00,1.10
2016.08.02 23:20:07.199,1.31059,1.31071,1.00,1.10
2016.08.02 23:20:07.250,1.31061,1.31071,1.00,1.00
2016.08.02 23:20:07.301,1.31061,1.31072,1.00,1.10
2016.08.02 23:20:07.442,1.3106,1.31072,1.00,1.00
2016.08.02 23:20:07.493,1.3106,1.31072,1.00,1.00
2016.08.02 23:20:09.491,1.3106,1.31072,1.00,1.00
2016.08.02 23:20:10.295,1.31059,1.31071,1.00,1.00
2016.08.02 23:20:11.096,1.3106,1.31074,1.00,1.20
2016.08.02 23:20:11.148,1.31061,1.31074,1.00,1.07
2016.08.02 23:20:11.250,1.31061,1.31074,1.95,1.00
2016.08.02 23:20:11.351,1.31061,1.31074,1.10,1.00
2016.08.02 23:20:13.148,1.31061,1.31074,1.20,1.00
2016.08.02 23:20:13.943,1.31061,1.31075,1.95,1.00
2016.08.02 23:20:17.623,1.31061,1.31075,1.20,1.00
2016.08.02 23:20:21.574,1.31062,1.31075,1.50,1.00
2016.08.02 23:20:21.762,1.31063,1.31075,1.00,1.00
2016.08.02 23:20:21.814,1.31064,1.31078,1.00,1.07
2016.08.02 23:20:21.882,1.31067,1.31078,1.00,1.07
2016.08.02 23:20:21.935,1.31067,1.3108,2.25,1.37
2016.08.02 23:20:21.986,1.31069,1.3108,1.57,1.00
2016.08.02 23:20:22.037,1.31073,1.3108,1.50,1.00
2016.08.02 23:20:22.089,1.3108,1.31085,1.00,1.20
2016.08.02 23:20:22.158,1.31083,1.31089,1.00,1.37
2016.08.02 23:20:22.211,1.31083,1.31089,1.00,1.00
2016.08.02 23:20:22.370,1.31079,1.31092,1.87,1.12
2016.08.02 23:20:22.422,1.31079,1.31091,1.75,1.57
2016.08.02 23:20:22.474,1.31078,1.31091,1.50,1.57
2016.08.02 23:20:22.525,1.31077,1.31091,1.75,1.57
2016.08.02 23:20:22.577,1.31075,1.31092,1.00,1.87
2016.08.02 23:20:22.628,1.31074,1.3109,1.12,1.12
2016.08.02 23:20:22.679,1.31075,1.3109,1.00,1.12
2016.08.02 23:20:22.781,1.31076,1.3109,1.00,1.75
2016.08.02 23:20:22.833,1.31076,1.31087,1.00,1.07
2016.08.02 23:20:22.884,1.31073,1.31085,1.50,1.57
2016.08.02 23:20:22.936,1.31073,1.31085,1.75,1.57
2016.08.02 23:20:22.987,1.31076,1.31089,1.12,1.95
2016.08.02 23:20:23.039,1.31076,1.3109,1.12,1.12
2016.08.02 23:20:23.121,1.31075,1.3109,1.50,1.12
2016.08.02 23:20:23.174,1.31075,1.31091,1.50,2.25
2016.08.02 23:20:23.226,1.31075,1.31089,1.50,1.07
2016.08.02 23:20:23.431,1.31075,1.31089,1.50,1.07
2016.08.02 23:20:23.483,1.31076,1.31089,1.12,1.07
2016.08.02 23:20:24.044,1.31075,1.31089,2.25,1.07
2016.08.02 23:20:24.180,1.31074,1.31089,1.50,1.07
2016.08.02 23:20:24.231,1.31073,1.31088,1.82,1.57
2016.08.02 23:20:24.282,1.31072,1.31088,2.62,1.57
2016.08.02 23:20:24.333,1.31072,1.31087,1.00,1.87
2016.08.02 23:20:24.385,1.31071,1.31087,1.12,1.87
2016.08.02 23:20:24.456,1.31071,1.31087,1.12,1.57
2016.08.02 23:20:24.608,1.31071,1.31087,1.12,1.57
2016.08.02 23:20:24.660,1.31071,1.31087,1.87,1.57
2016.08.02 23:20:24.863,1.31072,1.31087,1.00,1.57
2016.08.02 23:20:26.701,1.31072,1.31087,1.00,1.57
2016.08.02 23:20:27.496,1.31072,1.31087,1.00,1.87
2016.08.02 23:20:31.558,1.31072,1.31087,1.00,1.87
2016.08.02 23:20:31.833,1.31072,1.31087,1.00,1.12
2016.08.02 23:20:31.885,1.31071,1.31087,1.87,1.12
2016.08.02 23:20:35.343,1.31071,1.31087,1.12,1.87
2016.08.02 23:20:35.512,1.31072,1.31087,1.00,1.87
2016.08.02 23:20:35.614,1.31072,1.31087,1.50,1.87
2016.08.02 23:20:35.665,1.31072,1.31087,1.57,1.57
2016.08.02 23:20:35.818,1.31072,1.31087,1.10,1.57
2016.08.02 23:20:35.920,1.31071,1.31087,1.20,1.57
2016.08.02 23:20:35.971,1.3107,1.31087,3.75,1.57
2016.08.02 23:20:36.074,1.31071,1.31087,1.20,1.57
2016.08.02 23:20:39.986,1.31071,1.31087,1.95,1.57
2016.08.02 23:20:40.096,1.3107,1.31087,2.62,1.57
2016.08.02 23:20:40.198,1.31071,1.31087,1.20,1.57
2016.08.02 23:20:43.992,1.31071,1.31087,1.07,1.57
2016.08.02 23:20:44.745,1.31071,1.31085,1.07,1.10
2016.08.02 23:20:44.796,1.31071,1.31085,1.07,1.10
2016.08.02 23:20:45.800,1.3107,1.31085,3.00,1.10
2016.08.02 23:20:45.901,1.31071,1.31085,1.07,1.10
2016.08.02 23:20:47.489,1.3107,1.31084,2.25,1.00
2016.08.02 23:20:47.641,1.3107,1.31083,1.87,1.00
2016.08.02 23:20:47.692,1.3107,1.31083,1.12,1.00
2016.08.02 23:20:47.794,1.3107,1.31083,1.87,1.00
2016.08.02 23:20:49.272,1.3107,1.31083,1.95,1.00
2016.08.02 23:20:49.476,1.3107,1.31084,1.20,1.00
2016.08.02 23:20:49.577,1.3107,1.31084,2.32,1.00
2016.08.02 23:20:49.679,1.31072,1.31084,1.50,1.00
2016.08.02 23:20:49.730,1.31073,1.31087,1.20,1.57
2016.08.02 23:20:49.781,1.31073,1.31087,1.20,1.07
2016.08.02 23:20:49.833,1.31073,1.31088,1.20,1.57
2016.08.02 23:20:49.884,1.31073,1.31088,1.95,1.57
2016.08.02 23:20:50.055,1.31073,1.31088,1.20,1.57
2016.08.02 23:20:50.209,1.31073,1.31088,1.95,1.57
2016.08.02 23:20:51.009,1.31073,1.31088,1.20,1.57
2016.08.02 23:20:51.855,1.31073,1.31088,1.20,1.10
2016.08.02 23:20:51.906,1.31073,1.31088,1.95,1.10
2016.08.02 23:20:53.065,1.31073,1.31088,1.66,1.10
2016.08.02 23:20:53.116,1.31073,1.31088,1.22,1.10
2016.08.02 23:20:53.363,1.31073,1.31088,1.29,1.10
2016.08.02 23:20:55.074,1.31073,1.31088,1.56,1.10
2016.08.02 23:20:55.125,1.31072,1.31088,3.84,1.10
2016.08.02 23:20:55.176,1.31073,1.31088,1.59,1.10
2016.08.02 23:20:55.227,1.31074,1.31088,1.54,1.10
2016.08.02 23:20:55.278,1.31074,1.3109,1.54,1.57
2016.08.02 23:20:58.805,1.31074,1.3109,1.19,1.57
2016.08.02 23:21:00.822,1.31075,1.3109,1.10,1.57
2016.08.02 23:21:01.384,1.31075,1.3109,1.29,1.57
2016.08.02 23:21:01.916,1.31076,1.31088,1.21,1.10
2016.08.02 23:21:01.967,1.31076,1.31088,1.21,1.00
2016.08.02 23:21:02.069,1.31076,1.31088,1.29,1.00
2016.08.02 23:21:03.388,1.31076,1.31088,1.21,1.00
2016.08.02 23:21:03.439,1.31075,1.31088,1.56,1.00
2016.08.02 23:21:03.490,1.31074,1.31088,2.79,1.00
2016.08.02 23:21:03.613,1.31075,1.31088,1.56,1.00
2016.08.02 23:21:03.716,1.31073,1.31088,1.56,1.10
2016.08.02 23:21:03.818,1.31072,1.31087,1.29,1.47
2016.08.02 23:21:03.869,1.31072,1.31084,1.29,1.00
2016.08.02 23:21:03.920,1.31069,1.31081,1.29,1.00
2016.08.02 23:21:04.023,1.31067,1.3108,2.04,1.00
2016.08.02 23:21:04.205,1.31067,1.3108,1.29,1.00
2016.08.02 23:21:04.256,1.31067,1.3108,1.21,1.10
2016.08.02 23:21:04.307,1.31067,1.3108,1.00,1.10
2016.08.02 23:21:05.017,1.31067,1.3108,1.00,1.07
2016.08.02 23:21:06.021,1.31066,1.3108,2.34,1.12
2016.08.02 23:21:08.203,1.31066,1.3108,2.34,1.10
2016.08.02 23:21:08.254,1.31068,1.3108,1.00,1.10
2016.08.02 23:21:08.305,1.31068,1.3108,1.00,1.07
2016.08.02 23:21:10.142,1.31068,1.31081,1.00,1.07
2016.08.02 23:21:10.194,1.31068,1.31081,1.00,1.07
2016.08.02 23:21:10.297,1.31068,1.31081,1.00,1.12
2016.08.02 23:21:10.348,1.31068,1.31081,1.00,1.50
2016.08.02 23:21:12.215,1.31068,1.3108,1.00,1.20
2016.08.02 23:21:12.774,1.31068,1.3108,1.00,1.07
2016.08.02 23:21:21.539,1.31066,1.3108,1.66,1.00
2016.08.02 23:21:23.281,1.31066,1.3108,1.95,1.00
2016.08.02 23:21:24.748,1.31068,1.3108,1.00,1.00
2016.08.02 23:21:24.851,1.31068,1.31081,1.00,1.10
2016.08.02 23:21:25.062,1.31068,1.3108,1.00,1.00
2016.08.02 23:21:25.850,1.3107,1.31081,1.00,1.10
2016.08.02 23:21:26.653,1.3107,1.3108,1.00,1.00
2016.08.02 23:21:29.082,1.31069,1.3108,1.00,1.00
2016.08.02 23:21:29.133,1.31067,1.3108,1.50,1.00
2016.08.02 23:21:30.252,1.31067,1.31081,1.00,1.10
2016.08.02 23:21:30.303,1.31067,1.31081,1.07,1.00
2016.08.02 23:21:30.404,1.31067,1.31081,1.07,1.00
2016.08.02 23:21:30.763,1.31066,1.31081,2.25,1.00
2016.08.02 23:21:31.072,1.31066,1.31081,1.95,1.10
2016.08.02 23:21:33.169,1.31067,1.31081,1.00,1.10
2016.08.02 23:21:33.670,1.31067,1.3108,1.00,1.00
2016.08.02 23:21:33.772,1.31066,1.3108,3.45,1.00
2016.08.02 23:21:33.874,1.31069,1.3108,1.00,1.00
2016.08.02 23:21:35.482,1.31067,1.3108,1.00,1.00
2016.08.02 23:21:38.661,1.31066,1.31081,3.45,1.10
2016.08.02 23:21:38.780,1.31068,1.3108,1.00,1.00
2016.08.02 23:21:41.890,1.31069,1.31082,1.00,1.20
2016.08.02 23:21:43.152,1.31069,1.31082,1.12,1.20
2016.08.02 23:21:43.203,1.31069,1.31082,1.87,1.20
2016.08.02 23:21:43.254,1.31069,1.31084,3.37,1.87
2016.08.02 23:21:43.382,1.3107,1.31084,1.12,1.57
2016.08.02 23:21:43.433,1.31071,1.31085,1.20,1.12
2016.08.02 23:21:43.484,1.31073,1.31086,1.00,1.20
2016.08.02 23:21:43.564,1.31073,1.31087,1.00,1.45
2016.08.02 23:21:43.616,1.31073,1.31087,1.10,1.00
2016.08.02 23:21:56.099,1.31073,1.31088,1.10,1.10
2016.08.02 23:21:56.156,1.31073,1.31088,1.10,1.20
2016.08.02 23:21:56.207,1.31073,1.31088,1.10,1.57
2016.08.02 23:22:03.093,1.31072,1.31088,1.57,1.57
2016.08.02 23:22:03.194,1.31073,1.31088,1.10,1.57
2016.08.02 23:22:03.347,1.31073,1.31088,1.00,1.57
2016.08.02 23:22:03.887,1.31073,1.31088,1.00,1.20
2016.08.02 23:22:03.938,1.31073,1.31088,1.00,1.07
2016.08.02 23:22:09.610,1.31073,1.31087,1.00,1.07
2016.08.02 23:22:14.211,1.31072,1.31087,1.00,1.07
2016.08.02 23:22:16.255,1.31072,1.31087,1.00,1.07
2016.08.02 23:22:16.408,1.31072,1.31086,1.00,1.10
2016.08.02 23:22:16.510,1.31067,1.31084,2.62,1.10
2016.08.02 23:22:16.561,1.31067,1.31081,2.25,1.00
2016.08.02 23:22:16.612,1.31066,1.31079,1.50,1.07
2016.08.02 23:22:16.714,1.31065,1.31079,1.75,1.20
2016.08.02 23:22:16.765,1.31065,1.31079,1.75,1.57
2016.08.02 23:22:16.816,1.31065,1.31079,2.25,1.57
2016.08.02 23:22:16.917,1.31065,1.31079,1.75,1.57
2016.08.02 23:22:19.135,1.31065,1.31079,1.75,1.57
2016.08.02 23:22:19.237,1.31065,1.31079,3.00,1.07
2016.08.02 23:22:19.288,1.31065,1.31079,3.07,1.00
2016.08.02 23:22:19.392,1.31066,1.31079,1.50,1.00
2016.08.02 23:22:19.736,1.31067,1.31079,1.12,1.00
2016.08.02 23:22:20.494,1.31065,1.31079,3.07,1.00
2016.08.02 23:22:21.103,1.31066,1.31081,1.50,1.20
2016.08.02 23:22:23.616,1.31066,1.31081,2.25,1.20
2016.08.02 23:22:23.667,1.31066,1.31081,2.32,1.20
2016.08.02 23:22:31.615,1.31067,1.31081,1.87,1.20
2016.08.02 23:22:31.666,1.31067,1.31082,2.62,1.57
2016.08.02 23:22:31.717,1.31072,1.31083,1.00,1.50
2016.08.02 23:22:31.819,1.31073,1.31087,1.00,3.45
2016.08.02 23:22:31.870,1.31073,1.31087,1.12,1.57
2016.08.02 23:22:31.921,1.31076,1.31087,1.00,1.45
2016.08.02 23:22:31.972,1.31076,1.31087,1.00,1.07
2016.08.02 23:22:32.023,1.31074,1.31088,1.00,1.20
2016.08.02 23:22:32.074,1.31074,1.31088,1.00,1.07
2016.08.02 23:22:32.231,1.31075,1.3109,1.00,1.50
2016.08.02 23:22:32.723,1.31074,1.31088,1.00,1.07
2016.08.02 23:22:35.230,1.31073,1.31088,2.62,1.07
2016.08.02 23:22:35.351,1.31073,1.31088,1.87,1.07
2016.08.02 23:22:39.035,1.31073,1.31088,1.12,1.07
2016.08.02 23:22:41.969,1.31073,1.31088,1.12,1.07
2016.08.02 23:22:43.737,1.31073,1.31088,1.87,1.07
2016.08.02 23:22:44.492,1.31073,1.31088,1.87,1.07
2016.08.02 23:22:44.542,1.31075,1.31089,1.12,1.07
2016.08.02 23:22:44.593,1.31075,1.31089,1.12,1.10
2016.08.02 23:22:44.644,1.31076,1.31089,1.00,1.10
2016.08.02 23:22:44.848,1.31075,1.31089,1.12,1.10
2016.08.02 23:22:44.899,1.31075,1.31089,1.12,1.10
2016.08.02 23:22:44.950,1.31078,1.31089,1.00,1.10
2016.08.02 23:22:45.001,1.31078,1.31089,1.00,1.00
2016.08.02 23:22:45.531,1.31079,1.31089,1.00,1.00
2016.08.02 23:22:45.837,1.31076,1.31091,3.82,1.10
2016.08.02 23:22:45.939,1.31077,1.31091,1.87,1.10
2016.08.02 23:22:46.311,1.31077,1.31091,1.12,1.07
2016.08.02 23:22:46.362,1.31078,1.31091,1.00,1.07
2016.08.02 23:22:50.094,1.31078,1.31091,1.00,1.57
2016.08.02 23:22:51.189,1.31078,1.3109,1.00,1.20
2016.08.02 23:22:54.337,1.31077,1.3109,1.00,1.20
2016.08.02 23:22:54.728,1.31078,1.3109,1.00,1.20
2016.08.02 23:22:55.121,1.31078,1.3109,1.00,1.20
2016.08.02 23:22:55.172,1.31079,1.3109,1.00,1.20
2016.08.02 23:22:57.074,1.31079,1.3109,1.00,1.95
2016.08.02 23:22:57.176,1.31076,1.31088,1.20,1.00
2016.08.02 23:22:57.227,1.31076,1.31088,1.12,1.00
2016.08.02 23:22:57.344,1.31076,1.31088,1.87,1.00
2016.08.02 23:22:57.446,1.31076,1.31088,1.87,1.00
2016.08.02 23:22:57.934,1.31076,1.31088,1.00,1.00
2016.08.02 23:22:57.985,1.31076,1.31088,1.00,1.07
2016.08.02 23:22:58.188,1.31075,1.31088,1.50,1.07
2016.08.02 23:22:58.290,1.31074,1.31088,1.00,1.07
2016.08.02 23:22:58.392,1.31075,1.31089,1.00,1.12
2016.08.02 23:22:58.494,1.31076,1.31089,1.00,1.12
2016.08.02 23:22:58.596,1.31075,1.31089,1.00,1.12
2016.08.02 23:22:58.647,1.31076,1.31089,1.00,1.12
2016.08.02 23:22:59.170,1.31077,1.31088,1.00,1.07
2016.08.02 23:22:59.272,1.31075,1.31088,1.00,1.07
2016.08.02 23:22:59.374,1.31076,1.31088,1.00,1.07
2016.08.02 23:23:00.059,1.31077,1.31088,1.00,1.07
2016.08.02 23:23:01.865,1.31076,1.31088,1.00,1.07
2016.08.02 23:23:01.967,1.31074,1.31086,1.00,1.10
2016.08.02 23:23:02.069,1.31072,1.31086,1.00,1.07
2016.08.02 23:23:02.402,1.31071,1.31086,1.50,1.07
2016.08.02 23:23:02.477,1.31072,1.31086,1.00,1.07
2016.08.02 23:23:03.741,1.31072,1.31086,1.50,1.07
2016.08.02 23:23:05.273,1.31072,1.31086,1.00,1.07
2016.08.02 23:23:05.647,1.31074,1.31086,1.00,1.07
2016.08.02 23:23:10.567,1.31073,1.31088,1.00,1.87
2016.08.02 23:23:10.771,1.31074,1.31088,1.00,2.25
2016.08.02 23:23:10.823,1.31074,1.31086,1.00,1.07
2016.08.02 23:23:10.874,1.31074,1.31086,1.00,1.12
2016.08.02 23:23:10.926,1.31074,1.31086,1.00,1.87
2016.08.02 23:23:11.067,1.31072,1.31086,1.00,1.87
2016.08.02 23:23:11.169,1.31071,1.31086,1.00,1.87
2016.08.02 23:23:11.220,1.31071,1.31085,1.00,1.07
2016.08.02 23:23:11.271,1.3107,1.31085,1.57,1.07
2016.08.02 23:23:11.322,1.3107,1.31085,1.00,1.07
2016.08.02 23:23:11.373,1.3107,1.31085,1.00,1.20
2016.08.02 23:23:11.475,1.31071,1.31085,1.50,1.20
2016.08.02 23:23:11.578,1.31072,1.31085,1.00,1.20
2016.08.02 23:23:11.884,1.31072,1.31085,1.50,1.20
2016.08.02 23:23:15.182,1.3107,1.31085,1.00,1.20
2016.08.02 23:23:15.233,1.3107,1.31083,1.00,1.57
2016.08.02 23:23:18.588,1.3107,1.31082,1.00,1.00
2016.08.02 23:23:18.639,1.3107,1.3108,1.00,1.00
2016.08.02 23:23:18.769,1.31064,1.31076,1.57,1.00
2016.08.02 23:23:18.820,1.31062,1.31076,1.00,1.10
2016.08.02 23:23:18.922,1.31063,1.31072,1.00,1.10
2016.08.02 23:23:19.024,1.31059,1.31072,1.00,1.57
2016.08.02 23:23:19.177,1.31057,1.31071,1.00,1.57
2016.08.02 23:23:19.380,1.31059,1.31071,1.00,1.57
2016.08.02 23:23:19.432,1.31059,1.3107,1.00,1.07
2016.08.02 23:23:19.737,1.31061,1.3107,1.00,1.07
2016.08.02 23:23:21.225,1.31061,1.31071,1.00,1.07
2016.08.02 23:23:23.809,1.3106,1.31071,1.00,1.07
2016.08.02 23:23:32.631,1.3106,1.31071,1.00,1.07
2016.08.02 23:23:36.458,1.31058,1.31067,1.00,1.50
2016.08.02 23:23:36.531,1.31052,1.31066,1.95,1.00
2016.08.02 23:23:36.583,1.31052,1.31065,1.10,1.00
2016.08.02 23:23:36.635,1.31053,1.31063,1.00,1.10
2016.08.02 23:23:36.737,1.31052,1.31063,1.00,1.12
2016.08.02 23:23:37.044,1.31052,1.31063,1.00,1.07
2016.08.02 23:23:39.301,1.31053,1.31064,1.00,1.87
2016.08.02 23:23:39.505,1.31053,1.31064,1.50,1.87
2016.08.02 23:23:39.884,1.31053,1.31064,1.00,1.87
2016.08.02 23:23:41.105,1.31052,1.31064,1.50,1.87
2016.08.02 23:23:41.207,1.31052,1.31064,1.00,1.87
2016.08.02 23:23:41.330,1.31052,1.31064,1.50,1.37
2016.08.02 23:23:44.882,1.31052,1.31064,1.50,1.07
2016.08.02 23:23:50.080,1.31052,1.31065,1.50,1.07
2016.08.02 23:23:51.233,1.31052,1.31065,1.00,1.07
2016.08.02 23:23:51.285,1.31051,1.31065,1.00,1.07
2016.08.02 23:24:03.278,1.31051,1.31065,1.00,1.57
2016.08.02 23:24:03.482,1.31053,1.31065,1.00,1.57
2016.08.02 23:24:04.577,1.31053,1.31065,1.00,1.07
2016.08.02 23:24:04.679,1.31056,1.31067,1.00,1.75
2016.08.02 23:24:04.781,1.31056,1.31067,1.00,1.37
2016.08.02 23:24:05.318,1.31057,1.31067,1.00,1.37
2016.08.02 23:24:05.531,1.31057,1.31067,1.00,1.07
2016.08.02 23:24:05.735,1.31055,1.31067,1.00,1.07
2016.08.02 23:24:06.298,1.31055,1.31067,1.00,1.57
2016.08.02 23:24:17.178,1.31055,1.31067,1.00,1.07
2016.08.02 23:24:24.305,1.31056,1.31067,1.00,1.07
2016.08.02 23:24:28.019,1.31056,1.31068,1.50,2.25
2016.08.02 23:24:28.070,1.31059,1.31068,1.00,1.20
2016.08.02 23:24:28.121,1.31059,1.31068,1.00,1.07
2016.08.02 23:24:28.223,1.31059,1.31069,1.00,1.07
2016.08.02 23:24:36.189,1.31056,1.31069,1.00,1.07
2016.08.02 23:24:36.391,1.31058,1.31069,1.00,1.07
2016.08.02 23:24:36.546,1.31058,1.31069,1.00,1.12
2016.08.02 23:24:40.833,1.31058,1.31069,1.00,1.07
2016.08.02 23:24:41.058,1.31058,1.31066,1.00,1.00
2016.08.02 23:24:47.575,1.31058,1.31068,1.00,1.10
2016.08.02 23:24:48.478,1.31058,1.31068,1.00,1.57
2016.08.02 23:24:48.530,1.31056,1.31068,1.00,1.57
2016.08.02 23:24:48.629,1.31058,1.31068,1.00,1.10
2016.08.02 23:24:48.784,1.31059,1.31068,1.50,1.00
2016.08.02 23:24:48.835,1.31061,1.31069,1.00,1.00
2016.08.02 23:24:48.886,1.31061,1.31069,1.00,1.00
2016.08.02 23:24:49.039,1.31059,1.31068,1.00,1.00
2016.08.02 23:24:49.090,1.31059,1.31068,1.00,1.00
2016.08.02 23:24:49.141,1.31057,1.31068,1.00,1.00
2016.08.02 23:24:49.687,1.31058,1.31068,1.00,1.00
2016.08.02 23:24:50.241,1.31057,1.31067,1.00,1.00
2016.08.02 23:24:52.823,1.31051,1.31067,2.62,1.07
2016.08.02 23:24:52.875,1.31051,1.31067,1.12,1.07
2016.08.02 23:24:52.926,1.31052,1.31065,1.07,1.00
2016.08.02 23:24:52.978,1.31052,1.31065,1.07,1.50
2016.08.02 23:24:53.030,1.31051,1.31064,1.12,1.00
2016.08.02 23:24:53.081,1.31051,1.31062,1.00,1.00
2016.08.02 23:24:53.183,1.3105,1.31059,1.00,1.00
2016.08.02 23:24:53.234,1.31046,1.31062,1.08,1.95
2016.08.02 23:24:53.285,1.31045,1.31062,1.58,1.95
2016.08.02 23:24:53.336,1.31046,1.3106,1.00,1.10
2016.08.02 23:24:53.388,1.31046,1.3106,1.00,1.12
2016.08.02 23:24:53.439,1.31045,1.31062,1.58,2.25
2016.08.02 23:24:53.693,1.31045,1.31062,2.33,2.25
2016.08.02 23:24:53.744,1.31046,1.31062,1.50,2.25
2016.08.02 23:24:53.795,1.31046,1.31061,1.50,1.50
2016.08.02 23:24:53.846,1.31047,1.31061,1.50,1.50
2016.08.02 23:24:53.948,1.31048,1.31061,1.00,1.50
2016.08.02 23:24:54.050,1.31049,1.31062,1.00,2.25
2016.08.02 23:24:54.152,1.31049,1.31062,1.00,1.95
2016.08.02 23:24:55.202,1.31048,1.31062,1.50,1.95
2016.08.02 23:24:55.254,1.31048,1.31062,1.50,1.45
2016.08.02 23:24:55.356,1.3105,1.31062,1.00,1.45
2016.08.02 23:24:55.478,1.31051,1.31064,1.12,1.95
2016.08.02 23:24:55.533,1.31052,1.31064,1.00,1.57
2016.08.02 23:24:55.636,1.31054,1.31064,1.00,1.57
2016.08.02 23:24:55.688,1.31054,1.31064,1.00,1.50
2016.08.02 23:24:55.943,1.31054,1.31064,1.00,1.57
2016.08.02 23:24:57.549,1.31052,1.31064,1.00,1.57
2016.08.02 23:24:58.510,1.31053,1.31064,1.00,1.57
2016.08.02 23:24:59.430,1.31052,1.31064,1.00,1.57
2016.08.02 23:24:59.481,1.31052,1.31063,1.00,1.00
2016.08.02 23:24:59.533,1.31051,1.31063,1.12,1.00
2016.08.02 23:25:00.791,1.31051,1.31064,1.12,1.57
2016.08.02 23:25:02.292,1.31051,1.31064,1.12,1.10
2016.08.02 23:25:02.344,1.31053,1.31064,1.00,1.10
2016.08.02 23:25:02.601,1.31052,1.31064,1.12,1.10
2016.08.02 23:25:02.652,1.31051,1.31064,2.25,1.10
2016.08.02 23:25:02.717,1.31052,1.31064,1.00,1.10
2016.08.02 23:25:02.921,1.31051,1.31064,1.00,1.10
2016.08.02 23:25:02.972,1.31051,1.31064,1.00,1.07
2016.08.02 23:25:03.690,1.31051,1.31063,1.00,1.10
2016.08.02 23:25:03.843,1.3105,1.31063,1.10,1.10
2016.08.02 23:25:03.997,1.3105,1.31065,1.10,1.57
2016.08.02 23:25:04.100,1.3105,1.31062,1.10,1.00
2016.08.02 23:25:05.101,1.3105,1.31062,1.10,1.00
2016.08.02 23:25:05.203,1.3105,1.31062,1.57,1.00
2016.08.02 23:25:05.305,1.3105,1.31062,1.10,1.00
2016.08.02 23:25:05.356,1.31049,1.31062,1.57,1.00
2016.08.02 23:25:11.196,1.31051,1.31064,2.25,1.07
2016.08.02 23:25:11.248,1.31052,1.31064,1.00,1.07
2016.08.02 23:25:11.299,1.31052,1.31066,1.00,1.96
2016.08.02 23:25:11.405,1.31052,1.31066,1.00,1.49
2016.08.02 23:25:11.507,1.31052,1.31065,1.00,1.12
2016.08.02 23:25:11.609,1.31052,1.31065,1.00,1.87
2016.08.02 23:25:11.712,1.31052,1.31065,1.00,1.87
2016.08.02 23:25:11.814,1.31052,1.31065,1.12,1.87
2016.08.02 23:25:11.865,1.31052,1.31065,1.12,1.57
2016.08.02 23:25:11.916,1.31052,1.31065,1.00,2.32
2016.08.02 23:25:11.967,1.31049,1.31062,1.00,1.07
2016.08.02 23:25:12.086,1.31047,1.3106,1.50,1.10
2016.08.02 23:25:12.165,1.31047,1.3106,1.00,1.20
2016.08.02 23:25:12.218,1.31047,1.3106,1.00,1.20
2016.08.02 23:25:12.771,1.31047,1.3106,1.00,1.07
2016.08.02 23:25:13.076,1.31047,1.3106,1.00,1.45
2016.08.02 23:25:13.230,1.31045,1.31058,1.00,1.00
2016.08.02 23:25:13.415,1.31044,1.3106,1.58,1.45
2016.08.02 23:25:13.469,1.31048,1.3106,1.00,1.45
2016.08.02 23:25:13.520,1.31048,1.31061,1.00,2.62
2016.08.02 23:25:13.623,1.31048,1.31061,1.00,2.25
2016.08.02 23:25:13.775,1.31046,1.31061,1.00,2.25
2016.08.02 23:25:13.878,1.31046,1.31061,1.10,1.95
2016.08.02 23:25:13.980,1.31046,1.31061,1.58,2.32
2016.08.02 23:25:14.032,1.31046,1.31061,1.10,2.32
2016.08.02 23:25:14.134,1.31044,1.3106,3.00,1.20
2016.08.02 23:25:14.185,1.31044,1.3106,1.95,1.20
2016.08.02 23:25:14.236,1.31044,1.3106,1.20,1.20
2016.08.02 23:25:14.287,1.31044,1.3106,1.10,1.82
2016.08.02 23:25:14.440,1.31044,1.31058,1.58,1.50
2016.08.02 23:25:14.607,1.31044,1.31058,1.95,1.50
2016.08.02 23:25:14.771,1.31045,1.3106,1.00,1.82
2016.08.02 23:25:14.924,1.31045,1.3106,1.00,1.57
2016.08.02 23:25:15.078,1.31045,1.3106,1.00,1.20
2016.08.02 23:25:15.130,1.31045,1.3106,1.00,1.07
2016.08.02 23:25:15.250,1.31051,1.3106,1.00,1.07
2016.08.02 23:25:15.302,1.31056,1.31063,1.00,1.12
2016.08.02 23:25:15.404,1.31057,1.31067,1.00,3.16
2016.08.02 23:25:15.488,1.31057,1.31069,1.00,2.71
2016.08.02 23:25:15.539,1.31054,1.31068,1.00,1.54
2016.08.02 23:25:15.590,1.31054,1.31068,1.00,2.04
2016.08.02 23:25:15.642,1.31053,1.31068,1.10,2.04
2016.08.02 23:25:15.795,1.31053,1.31067,1.10,1.29
2016.08.02 23:25:15.897,1.31053,1.31068,1.10,2.04
2016.08.02 23:25:15.948,1.31052,1.31068,1.07,2.04
2016.08.02 23:25:15.999,1.31052,1.31067,1.07,1.29
2016.08.02 23:25:16.050,1.31054,1.31067,1.00,1.29
2016.08.02 23:25:16.561,1.3105,1.31067,3.00,1.66
2016.08.02 23:25:16.612,1.3105,1.31065,1.95,1.00
2016.08.02 23:25:16.664,1.31051,1.31065,1.47,1.00
2016.08.02 23:25:21.687,1.31051,1.31065,1.47,1.00
2016.08.02 23:25:21.739,1.31051,1.31065,1.20,1.00
2016.08.02 23:25:21.859,1.31052,1.31065,1.00,1.00
2016.08.02 23:25:25.948,1.31048,1.31061,1.87,1.00
2016.08.02 23:25:26.051,1.31044,1.31057,4.58,1.00
2016.08.02 23:25:26.102,1.31044,1.31057,3.08,1.00
2016.08.02 23:25:26.153,1.31044,1.31057,1.00,1.87
2016.08.02 23:25:26.204,1.31044,1.31057,1.00,2.62
2016.08.02 23:25:26.255,1.31042,1.31055,2.33,1.10
2016.08.02 23:25:26.306,1.31042,1.31055,2.25,1.00
2016.08.02 23:25:26.357,1.31044,1.31057,1.50,1.57
2016.08.02 23:25:26.408,1.31044,1.31057,1.50,1.10
2016.08.02 23:25:26.459,1.31044,1.31057,1.00,1.10
2016.08.02 23:25:26.563,1.31045,1.31057,1.00,1.10
2016.08.02 23:25:30.161,1.31044,1.31057,1.88,1.10
2016.08.02 23:25:32.772,1.31044,1.31057,1.50,1.10
2016.08.02 23:25:33.872,1.31044,1.31057,1.13,1.10
2016.08.02 23:25:33.974,1.31045,1.31057,1.00,1.10
2016.08.02 23:25:34.249,1.31045,1.31057,1.00,1.10
2016.08.02 23:25:35.765,1.31045,1.31056,1.00,1.50
2016.08.02 23:25:35.867,1.31043,1.31056,1.13,1.57
2016.08.02 23:25:36.020,1.31043,1.31056,1.13,2.32
2016.08.02 23:25:36.173,1.31043,1.31056,1.13,1.57
2016.08.02 23:25:36.224,1.31043,1.31056,1.13,1.07
2016.08.02 23:25:36.543,1.31042,1.31056,1.50,1.07
2016.08.02 23:25:36.594,1.31041,1.31056,2.33,1.57
2016.08.02 23:25:36.962,1.31041,1.31056,1.83,1.57
2016.08.02 23:25:49.417,1.31044,1.31056,1.00,1.57
2016.08.02 23:25:49.468,1.31044,1.31056,1.00,1.07
2016.08.02 23:25:49.519,1.31045,1.31056,1.00,1.10
2016.08.02 23:25:49.620,1.31045,1.31058,1.00,1.20
2016.08.02 23:25:49.671,1.31045,1.31058,1.00,1.07
2016.08.02 23:25:49.781,1.31047,1.31058,1.00,1.07
2016.08.02 23:25:49.832,1.3105,1.31058,1.00,1.00
2016.08.02 23:25:49.986,1.31048,1.31058,1.00,1.00
2016.08.02 23:25:50.037,1.31048,1.31059,1.00,1.57
2016.08.02 23:25:50.753,1.31048,1.31058,1.00,1.00
2016.08.02 23:25:50.804,1.31045,1.31058,1.08,1.00
2016.08.02 23:25:50.956,1.31045,1.31057,1.00,1.07
2016.08.02 23:25:51.007,1.31044,1.31057,1.88,1.07
2016.08.02 23:25:51.198,1.31045,1.31057,1.00,1.07
2016.08.02 23:25:51.249,1.31045,1.31057,1.00,1.10
2016.08.02 23:25:51.300,1.31045,1.31059,1.00,3.82
2016.08.02 23:25:51.351,1.31045,1.31059,1.00,4.12
2016.08.02 23:25:51.505,1.31045,1.31059,1.00,3.75
2016.08.02 23:25:52.322,1.31046,1.31059,1.00,3.75
2016.08.02 23:25:53.143,1.31044,1.31059,1.88,3.75
2016.08.02 23:25:53.194,1.31045,1.31059,1.00,3.75
2016.08.02 23:25:53.245,1.31045,1.31057,1.00,1.07
2016.08.02 23:25:53.297,1.31044,1.31057,1.13,1.07
2016.08.02 23:25:59.621,1.31044,1.31057,1.13,1.57
2016.08.02 23:26:01.824,1.31044,1.31057,1.13,1.07
2016.08.02 23:26:09.581,1.31044,1.31057,1.13,1.12
2016.08.02 23:26:09.632,1.31045,1.31057,1.00,1.12
2016.08.02 23:26:11.533,1.31044,1.31057,1.88,1.12
2016.08.02 23:26:16.289,1.31044,1.31057,1.50,1.12
2016.08.02 23:26:16.547,1.31044,1.31057,1.00,1.12
2016.08.02 23:26:16.751,1.3104,1.31054,1.13,1.50
2016.08.02 23:26:16.802,1.31038,1.31054,1.38,1.50
2016.08.02 23:26:16.853,1.31037,1.31054,1.50,1.95
2016.08.02 23:26:16.904,1.31037,1.31051,1.38,1.00
2016.08.02 23:26:16.955,1.31037,1.31051,1.08,1.00
2016.08.02 23:26:17.031,1.31035,1.31048,1.13,1.00
2016.08.02 23:26:17.082,1.31034,1.31048,1.87,1.00
2016.08.02 23:26:17.134,1.31035,1.31048,1.12,1.00
2016.08.02 23:26:17.184,1.31035,1.31048,1.10,1.10
2016.08.02 23:26:17.286,1.31035,1.31048,1.00,1.10
2016.08.02 23:26:17.458,1.31034,1.31048,1.87,1.10
2016.08.02 23:26:17.510,1.31034,1.31048,2.25,1.10
2016.08.02 23:26:17.561,1.31035,1.31048,1.12,1.10
2016.08.02 23:26:21.312,1.31035,1.31048,1.00,1.10
2016.08.02 23:26:21.363,1.31035,1.31048,1.00,1.00
2016.08.02 23:26:22.264,1.31035,1.31048,1.00,1.00
2016.08.02 23:26:22.315,1.31037,1.31048,1.00,1.00
2016.08.02 23:26:22.367,1.31037,1.31051,1.50,1.50
2016.08.02 23:26:22.418,1.31037,1.31051,1.00,1.37
2016.08.02 23:26:22.570,1.31037,1.31051,1.00,1.37
2016.08.02 23:26:22.977,1.31035,1.31051,1.57,1.37
2016.08.02 23:26:23.028,1.31035,1.31051,1.95,1.37
2016.08.02 23:26:23.079,1.31036,1.31051,1.00,1.37
2016.08.02 23:26:23.602,1.31036,1.31051,1.00,1.87
2016.08.02 23:26:24.134,1.31035,1.31051,1.57,1.87
2016.08.02 23:26:24.236,1.31036,1.31051,1.00,1.87
2016.08.02 23:26:24.389,1.31036,1.3105,1.00,1.12
2016.08.02 23:26:24.440,1.31035,1.3105,1.57,1.12
2016.08.02 23:26:25.082,1.31035,1.3105,1.57,1.12
2016.08.02 23:26:25.133,1.31035,1.3105,1.95,1.12
2016.08.02 23:26:25.184,1.31036,1.3105,1.00,1.12
2016.08.02 23:26:25.286,1.31037,1.3105,1.00,1.12
2016.08.02 23:26:29.677,1.31037,1.3105,1.00,1.87
2016.08.02 23:26:30.250,1.31043,1.31054,1.12,1.00
2016.08.02 23:26:30.304,1.31043,1.31055,1.50,1.20
2016.08.02 23:26:30.356,1.31042,1.31055,2.62,1.00
2016.08.02 23:26:30.407,1.31042,1.31056,2.25,1.57
2016.08.02 23:26:30.559,1.31042,1.31056,1.50,1.57
2016.08.02 23:26:30.610,1.31042,1.31056,1.50,1.57
2016.08.02 23:26:31.229,1.31042,1.31056,1.87,1.57
2016.08.02 23:26:36.557,1.31042,1.31056,1.12,1.10
2016.08.02 23:26:39.772,1.31043,1.31056,1.50,1.10
2016.08.02 23:26:39.823,1.31043,1.31056,1.12,1.10
2016.08.02 23:26:39.874,1.31042,1.31056,1.50,1.10
2016.08.02 23:26:44.775,1.31042,1.31056,1.50,1.57
2016.08.02 23:26:44.826,1.31042,1.31056,1.50,1.95
2016.08.02 23:26:44.927,1.31042,1.31054,1.12,1.00
2016.08.02 23:26:44.978,1.31041,1.31054,1.57,1.00
2016.08.02 23:26:45.029,1.31041,1.31054,1.10,1.00
2016.08.02 23:26:45.080,1.31041,1.31054,1.10,1.10
2016.08.02 23:26:45.131,1.31041,1.31052,1.10,1.00
2016.08.02 23:26:45.183,1.31038,1.3105,1.37,1.00
2016.08.02 23:26:45.234,1.31038,1.3105,1.10,1.00
2016.08.02 23:26:45.285,1.31038,1.3105,1.57,1.00
2016.08.02 23:26:45.336,1.31038,1.3105,1.50,1.07
2016.08.02 23:26:45.387,1.31038,1.3105,1.00,1.07
2016.08.02 23:26:46.138,1.31038,1.3105,1.00,1.07
2016.08.02 23:26:48.053,1.31038,1.3105,1.00,1.07
2016.08.02 23:26:48.205,1.31038,1.3105,1.00,1.10
2016.08.02 23:26:52.706,1.31038,1.3105,1.50,1.10
2016.08.02 23:26:52.912,1.31038,1.3105,1.00,1.10
2016.08.02 23:26:53.319,1.31037,1.31049,1.50,1.00
2016.08.02 23:26:53.651,1.31039,1.3105,1.00,1.10
2016.08.02 23:26:53.702,1.31038,1.3105,1.50,1.00
2016.08.02 23:26:53.804,1.31038,1.3105,1.00,1.00
2016.08.02 23:26:53.906,1.31038,1.3105,1.00,1.10
2016.08.02 23:26:54.669,1.31038,1.3105,1.00,1.10
2016.08.02 23:26:54.771,1.31038,1.3105,1.00,1.00
2016.08.02 23:27:01.787,1.31038,1.3105,1.50,1.00
2016.08.02 23:27:01.939,1.31038,1.3105,1.57,1.00
2016.08.02 23:27:03.903,1.31038,1.3105,1.10,1.00
2016.08.02 23:27:05.539,1.31039,1.3105,1.00,1.00
2016.08.02 23:27:05.590,1.31039,1.3105,1.50,1.00
2016.08.02 23:27:05.641,1.3104,1.31052,1.00,1.00
2016.08.02 23:27:05.692,1.31041,1.31052,1.00,1.00
2016.08.02 23:27:05.743,1.31041,1.31054,1.00,1.07
2016.08.02 23:27:05.795,1.3104,1.31054,1.00,1.07
2016.08.02 23:27:05.846,1.31039,1.31053,1.10,1.07
2016.08.02 23:27:05.897,1.31039,1.31053,1.00,1.10
2016.08.02 23:27:05.999,1.31039,1.31053,1.00,1.07
2016.08.02 23:27:06.050,1.31039,1.31053,1.00,1.07
2016.08.02 23:27:06.101,1.31041,1.31053,1.00,1.07
2016.08.02 23:27:06.224,1.31041,1.31053,1.00,1.00
2016.08.02 23:27:06.712,1.31041,1.31052,1.00,1.00
2016.08.02 23:27:06.916,1.3104,1.31052,1.00,1.00
2016.08.02 23:27:07.018,1.3104,1.31052,1.50,1.00
2016.08.02 23:27:08.235,1.3104,1.31052,1.00,1.00
2016.08.02 23:27:08.286,1.3104,1.31052,1.00,1.00
2016.08.02 23:27:08.388,1.3104,1.31052,1.00,1.00
2016.08.02 23:27:08.439,1.3104,1.31052,1.50,1.10
2016.08.02 23:27:12.812,1.3104,1.31052,1.50,1.00
2016.08.02 23:27:12.914,1.3104,1.31052,1.50,1.00
2016.08.02 23:27:13.031,1.3104,1.31052,1.07,1.00
2016.08.02 23:27:13.133,1.3104,1.31052,1.57,1.00
2016.08.02 23:27:14.741,1.3104,1.31054,1.57,1.00
2016.08.02 23:27:17.571,1.31043,1.31057,1.00,1.57
2016.08.02 23:27:17.622,1.31043,1.31057,1.50,1.57
2016.08.02 23:27:17.673,1.31043,1.31057,1.00,1.10
2016.08.02 23:27:17.725,1.31043,1.31058,1.00,1.57
2016.08.02 23:27:17.928,1.31042,1.31058,3.07,1.57
2016.08.02 23:27:17.986,1.31042,1.31058,2.32,1.57
2016.08.02 23:27:18.037,1.31042,1.31058,2.32,1.07
2016.08.02 23:27:18.266,1.3104,1.31057,1.87,1.10
2016.08.02 23:27:18.419,1.31042,1.31057,1.10,1.10
2016.08.02 23:27:18.724,1.31041,1.31057,1.07,1.10
2016.08.02 23:27:19.750,1.31041,1.31057,1.07,1.12
2016.08.02 23:27:21.305,1.31041,1.31057,1.07,1.50
2016.08.02 23:27:21.782,1.31042,1.31057,1.10,2.25
2016.08.02 23:27:29.862,1.31042,1.31057,1.00,2.25
2016.08.02 23:27:30.513,1.31042,1.31053,1.00,1.00
2016.08.02 23:27:30.564,1.31041,1.31052,1.10,1.00
2016.08.02 23:27:30.667,1.31038,1.3105,1.50,1.00
2016.08.02 23:27:30.769,1.31038,1.3105,1.00,1.00
2016.08.02 23:27:30.872,1.31039,1.31052,1.50,1.07
2016.08.02 23:27:31.059,1.31039,1.31052,1.00,1.07
2016.08.02 23:27:31.112,1.31039,1.3105,1.00,1.10
2016.08.02 23:27:31.164,1.31038,1.3105,1.50,1.57
2016.08.02 23:27:31.267,1.31038,1.3105,1.00,1.57
2016.08.02 23:27:31.813,1.31039,1.3105,1.00,1.57
2016.08.02 23:27:33.267,1.31039,1.3105,1.00,1.10
2016.08.02 23:27:34.694,1.31039,1.31052,1.50,1.07
2016.08.02 23:27:34.795,1.3104,1.31053,1.50,1.12
2016.08.02 23:27:34.893,1.31042,1.31054,1.50,1.37
2016.08.02 23:27:34.946,1.31043,1.31055,1.12,1.57
2016.08.02 23:27:35.048,1.31042,1.31055,1.50,1.57
2016.08.02 23:27:35.150,1.31042,1.31055,1.50,1.50
2016.08.02 23:27:35.938,1.31042,1.31055,2.25,1.50
2016.08.02 23:27:36.788,1.31042,1.31055,2.25,1.00
2016.08.02 23:27:38.238,1.31042,1.31055,1.50,1.00
2016.08.02 23:27:38.289,1.31039,1.31053,1.12,1.00
2016.08.02 23:27:38.340,1.31039,1.31053,1.00,1.07
2016.08.02 23:27:38.391,1.31039,1.31051,1.50,1.00
2016.08.02 23:27:38.442,1.31039,1.31051,1.00,1.50
2016.08.02 23:27:38.544,1.31039,1.31051,1.00,1.57
2016.08.02 23:27:38.595,1.31037,1.31051,1.00,1.57
2016.08.02 23:27:38.646,1.31037,1.31051,1.00,1.87
2016.08.02 23:27:38.798,1.31038,1.31051,1.00,1.57
2016.08.02 23:27:38.850,1.31037,1.3105,1.00,1.10
2016.08.02 23:27:38.914,1.31036,1.31048,1.50,1.00
2016.08.02 23:27:38.965,1.31037,1.31048,1.00,1.00
2016.08.02 23:27:39.017,1.31038,1.3105,1.00,1.12
2016.08.02 23:27:39.459,1.31038,1.3105,1.00,1.07
2016.08.02 23:27:42.749,1.31039,1.3105,1.00,1.07
2016.08.02 23:27:42.851,1.31039,1.3105,1.00,1.00
2016.08.02 23:27:48.990,1.31038,1.3105,1.00,1.10
2016.08.02 23:27:49.092,1.31038,1.3105,1.50,1.10
2016.08.02 23:27:50.254,1.31038,1.3105,1.00,1.10
2016.08.02 23:27:50.355,1.31038,1.3105,1.00,1.00
2016.08.02 23:27:51.067,1.31038,1.3105,1.50,1.00
2016.08.02 23:27:51.169,1.31038,1.3105,1.00,1.00
2016.08.02 23:27:54.729,1.31038,1.3105,1.00,1.10
2016.08.02 23:27:59.907,1.31039,1.3105,1.00,1.07
2016.08.02 23:28:00.009,1.31038,1.3105,1.50,1.00
2016.08.02 23:28:01.536,1.31038,1.3105,1.57,1.00
2016.08.02 23:28:01.639,1.31038,1.3105,1.50,1.00
2016.08.02 23:28:07.805,1.31038,1.3105,1.00,1.00
2016.08.02 23:28:09.283,1.31038,1.3105,1.50,1.00
2016.08.02 23:28:10.383,1.31038,1.3105,1.00,1.00
2016.08.02 23:28:10.790,1.31038,1.3105,1.10,1.00
2016.08.02 23:28:12.232,1.31038,1.3105,1.00,1.00
2016.08.02 23:28:14.876,1.31039,1.31051,1.00,1.00
2016.08.02 23:28:16.215,1.31039,1.31051,1.50,1.00
2016.08.02 23:28:16.268,1.31039,1.3105,1.00,1.00
2016.08.02 23:28:16.319,1.31038,1.3105,1.10,1.00
2016.08.02 23:28:16.370,1.31038,1.3105,1.57,1.00
2016.08.02 23:28:16.422,1.31038,1.3105,1.00,1.10
2016.08.02 23:28:16.726,1.31038,1.3105,1.10,1.00
2016.08.02 23:28:17.293,1.31038,1.3105,1.50,1.07
2016.08.02 23:28:18.697,1.31038,1.3105,1.00,1.07
2016.08.02 23:28:18.748,1.31038,1.31052,1.00,1.12
2016.08.02 23:28:18.850,1.31038,1.31052,1.00,1.10
2016.08.02 23:28:18.901,1.31038,1.31052,1.50,1.10
2016.08.02 23:28:18.952,1.31038,1.31054,1.50,1.87
2016.08.02 23:28:19.055,1.31039,1.31054,1.00,1.12
2016.08.02 23:28:26.147,1.31038,1.31054,2.25,1.87
2016.08.02 23:28:26.297,1.3104,1.31054,1.00,1.57
2016.08.02 23:28:26.766,1.31041,1.31055,1.00,1.07
2016.08.02 23:28:26.817,1.31042,1.31055,1.12,1.07
2016.08.02 23:28:26.868,1.31042,1.31055,1.12,1.10
2016.08.02 23:28:26.920,1.31041,1.31055,1.87,1.10
2016.08.02 23:28:27.021,1.31041,1.31055,2.62,1.10
2016.08.02 23:28:27.225,1.31041,1.31055,2.70,1.00
2016.08.02 23:28:27.298,1.31042,1.31056,1.50,1.57
2016.08.02 23:28:27.897,1.31042,1.31056,1.50,1.95
2016.08.02 23:28:29.123,1.31044,1.31056,1.00,1.95
2016.08.02 23:28:29.226,1.31042,1.31056,2.62,1.57
2016.08.02 23:28:29.277,1.31042,1.31056,3.00,1.50
2016.08.02 23:28:29.328,1.31043,1.31056,1.20,1.50
2016.08.02 23:28:29.745,1.31042,1.31056,1.87,1.50
2016.08.02 23:28:30.277,1.31042,1.31056,1.57,1.50
2016.08.02 23:28:30.980,1.31041,1.31055,2.25,1.50
2016.08.02 23:28:31.032,1.31039,1.31055,2.62,1.57
2016.08.02 23:28:31.116,1.31039,1.31055,1.87,2.32
2016.08.02 23:28:31.167,1.31038,1.31051,1.00,1.00
2016.08.02 23:28:31.219,1.31036,1.31051,1.57,1.00
2016.08.02 23:28:31.271,1.31036,1.31051,1.50,1.12
2016.08.02 23:28:31.322,1.31038,1.31051,1.00,1.12
2016.08.02 23:28:31.373,1.31038,1.31051,1.00,1.12
2016.08.02 23:28:31.678,1.31037,1.31051,1.00,1.12
2016.08.02 23:28:32.362,1.31037,1.31051,1.00,1.07
2016.08.02 23:28:33.735,1.31038,1.31051,1.00,1.07
2016.08.02 23:28:35.959,1.31037,1.31051,1.00,1.07
2016.08.02 23:28:44.058,1.31038,1.31051,1.00,1.07
2016.08.02 23:28:45.157,1.31038,1.31051,1.00,1.57
2016.08.02 23:28:45.259,1.31036,1.31051,1.50,1.57
2016.08.02 23:28:45.310,1.31036,1.31051,1.50,1.57
2016.08.02 23:28:47.661,1.31038,1.31051,1.00,1.57
2016.08.02 23:28:47.875,1.31038,1.31051,1.10,1.50
2016.08.02 23:28:47.977,1.31036,1.31051,1.87,1.50
2016.08.02 23:28:48.233,1.31037,1.31051,1.07,1.50
2016.08.02 23:28:48.284,1.31037,1.31051,1.07,1.87
2016.08.02 23:28:48.335,1.31037,1.31051,1.07,2.25
2016.08.02 23:28:48.663,1.31037,1.31051,1.07,1.87
2016.08.02 23:28:48.968,1.31037,1.31051,1.07,2.25
2016.08.02 23:28:49.222,1.31037,1.31051,1.07,1.87
2016.08.02 23:28:49.375,1.31036,1.31051,1.87,1.87
2016.08.02 23:28:49.476,1.31037,1.31051,1.07,1.87
2016.08.02 23:28:49.933,1.31037,1.31051,1.07,2.25
2016.08.02 23:28:51.096,1.31036,1.31051,1.57,2.25
2016.08.02 23:28:53.120,1.31036,1.31051,1.57,2.25
2016.08.02 23:28:56.180,1.31036,1.3105,1.57,1.00
2016.08.02 23:29:00.392,1.31035,1.31049,1.50,1.00
2016.08.02 23:29:00.494,1.31035,1.31049,1.12,1.00
2016.08.02 23:29:00.545,1.31035,1.31049,1.12,1.12
2016.08.02 23:29:00.647,1.31035,1.31049,1.07,1.12
2016.08.02 23:29:00.698,1.31035,1.31048,1.07,1.00
2016.08.02 23:29:00.749,1.31034,1.31048,1.50,1.00
2016.08.02 23:29:00.850,1.31034,1.31048,1.50,1.12
2016.08.02 23:29:01.182,1.31034,1.31045,1.12,1.00
2016.08.02 23:29:01.233,1.3103,1.31044,1.59,1.00
2016.08.02 23:29:01.285,1.31029,1.31042,1.87,1.00
2016.08.02 23:29:01.336,1.31029,1.3104,1.12,1.00
2016.08.02 23:29:01.387,1.31027,1.3104,1.10,1.00
2016.08.02 23:29:01.438,1.31024,1.31036,1.37,1.00
2016.08.02 23:29:01.489,1.31024,1.31036,1.75,1.00
2016.08.02 23:29:01.540,1.31024,1.31036,1.50,1.00
2016.08.02 23:29:01.642,1.31024,1.31036,1.45,1.00
2016.08.02 23:29:01.744,1.31024,1.31037,2.25,1.00
2016.08.02 23:29:01.959,1.31026,1.31037,1.20,1.00
2016.08.02 23:29:02.162,1.31025,1.31037,1.50,1.00
2016.08.02 23:29:02.213,1.31025,1.31039,2.25,1.00
2016.08.02 23:29:04.137,1.31025,1.31039,1.95,1.00
2016.08.02 23:29:04.704,1.31027,1.3104,1.12,2.32
2016.08.02 23:29:04.756,1.31027,1.3104,1.12,1.57
2016.08.02 23:29:04.808,1.31027,1.3104,1.00,1.10
2016.08.02 23:29:04.859,1.31027,1.3104,1.50,1.10
2016.08.02 23:29:04.910,1.31027,1.3104,1.57,1.00
2016.08.02 23:29:05.063,1.31027,1.3104,1.95,1.00
2016.08.02 23:29:05.164,1.31027,1.3104,1.07,1.00
2016.08.02 23:29:05.266,1.31027,1.3104,1.00,1.00
2016.08.02 23:29:05.317,1.31027,1.3104,1.00,1.00
2016.08.02 23:29:06.144,1.31027,1.3104,1.00,1.50
2016.08.02 23:29:09.920,1.31027,1.3104,1.00,1.50
2016.08.02 23:29:12.955,1.31027,1.3104,1.00,1.50
2016.08.02 23:29:13.058,1.31027,1.3104,1.10,1.50
2016.08.02 23:29:13.109,1.31027,1.3104,1.20,1.50
2016.08.02 23:29:13.160,1.31027,1.3104,1.20,1.50
2016.08.02 23:29:13.211,1.31027,1.3104,1.10,1.50
2016.08.02 23:29:13.262,1.31026,1.3104,1.20,1.50
2016.08.02 23:29:13.414,1.31026,1.3104,1.57,1.50
2016.08.02 23:29:14.926,1.31027,1.3104,1.20,1.00
2016.08.02 23:29:14.977,1.31027,1.3104,1.95,1.00
2016.08.02 23:29:15.079,1.31028,1.3104,1.00,1.00
2016.08.02 23:29:15.181,1.31027,1.3104,1.10,1.00
2016.08.02 23:29:15.282,1.31027,1.3104,1.50,1.00
2016.08.02 23:29:15.333,1.31027,1.31041,1.50,1.00
2016.08.02 23:29:16.930,1.31027,1.31041,1.50,1.00
2016.08.02 23:29:21.189,1.31027,1.31041,1.12,1.00
2016.08.02 23:29:21.241,1.31027,1.31041,1.12,1.00
2016.08.02 23:29:21.292,1.31027,1.31041,2.25,1.00
2016.08.02 23:29:21.343,1.31027,1.31042,2.25,1.10
2016.08.02 23:29:21.394,1.31027,1.31042,1.87,1.10
2016.08.02 23:29:21.496,1.31027,1.31042,2.25,1.10
2016.08.02 23:29:21.597,1.31027,1.31042,1.87,1.10
2016.08.02 23:29:21.648,1.31027,1.31042,1.87,1.10
2016.08.02 23:29:21.699,1.31027,1.31042,1.12,1.20
2016.08.02 23:29:21.833,1.31027,1.31042,1.10,1.20
2016.08.02 23:29:21.943,1.31026,1.31041,1.57,1.00
2016.08.02 23:29:26.801,1.31027,1.31041,1.10,1.00
2016.08.02 23:29:26.903,1.31026,1.31041,2.70,1.00
2016.08.02 23:29:26.954,1.31026,1.31041,3.00,1.00
2016.08.02 23:29:27.005,1.31026,1.31041,2.25,1.00
2016.08.02 23:29:28.751,1.31026,1.31041,2.25,1.00
2016.08.02 23:29:28.802,1.31031,1.31041,1.00,1.00
2016.08.02 23:29:28.854,1.31031,1.31043,1.00,1.10
2016.08.02 23:29:28.905,1.31032,1.31043,1.12,1.00
2016.08.02 23:29:29.006,1.31032,1.31043,1.20,1.00
2016.08.02 23:29:29.057,1.31032,1.31044,1.20,1.50
2016.08.02 23:29:29.108,1.31033,1.31044,1.12,1.50
2016.08.02 23:29:29.261,1.31033,1.31044,1.12,1.00
2016.08.02 23:29:30.908,1.3103,1.31044,1.87,1.00
2016.08.02 23:29:30.959,1.3103,1.31044,1.87,1.00
2016.08.02 23:29:31.010,1.3103,1.31044,1.87,1.12
2016.08.02 23:29:31.439,1.3103,1.31044,2.02,1.12
2016.08.02 23:29:31.491,1.3103,1.31044,1.27,1.12
2016.08.02 23:29:31.937,1.3103,1.31045,2.02,2.32
2016.08.02 23:29:31.988,1.31033,1.31046,1.12,1.95
2016.08.02 23:29:32.040,1.31033,1.31047,1.12,3.37
2016.08.02 23:29:32.091,1.31034,1.31047,1.12,1.10
2016.08.02 23:29:32.193,1.31033,1.31047,1.50,1.10
2016.08.02 23:29:32.524,1.31034,1.31047,1.12,1.10
2016.08.02 23:29:32.626,1.31033,1.31047,1.50,1.10
2016.08.02 23:29:33.882,1.31033,1.31047,1.50,1.10
2016.08.02 23:29:33.933,1.31033,1.31047,1.50,1.20
2016.08.02 23:29:34.032,1.31032,1.31047,2.70,1.20
2016.08.02 23:29:37.215,1.31033,1.31047,1.12,1.47
2016.08.02 23:29:37.266,1.31033,1.31047,1.12,1.57
2016.08.02 23:29:39.322,1.31033,1.31045,1.12,1.00
2016.08.02 23:29:39.373,1.31033,1.31046,1.12,1.00
2016.08.02 23:29:39.425,1.31033,1.31046,1.50,1.00
2016.08.02 23:29:39.526,1.31033,1.31046,1.87,1.00
2016.08.02 23:29:41.228,1.31033,1.31046,1.50,1.00
2016.08.02 23:29:41.558,1.31033,1.31045,1.50,1.00
2016.08.02 23:29:41.609,1.31033,1.31045,1.00,1.37
2016.08.02 23:29:41.661,1.31033,1.31045,1.00,1.87
2016.08.02 23:29:41.713,1.3103,1.31044,1.07,1.87
2016.08.02 23:29:41.764,1.3103,1.31044,1.07,2.25
2016.08.02 23:29:41.883,1.3103,1.31044,1.07,1.87
2016.08.02 23:29:41.985,1.3103,1.31043,1.07,1.00
2016.08.02 23:29:42.036,1.3103,1.31043,1.07,1.37
2016.08.02 23:29:42.087,1.31029,1.31042,1.07,1.12
2016.08.02 23:29:42.189,1.31029,1.3104,1.07,1.00
2016.08.02 23:29:42.240,1.31029,1.3104,1.07,2.62
2016.08.02 23:29:42.307,1.31026,1.31039,1.57,2.25
2016.08.02 23:29:42.358,1.31026,1.31039,1.57,3.00
2016.08.02 23:29:42.409,1.31026,1.31038,1.10,1.00
2016.08.02 23:29:42.613,1.31026,1.31038,1.10,2.25
2016.08.02 23:29:42.765,1.31026,1.31038,1.10,2.62
2016.08.02 23:29:42.816,1.31026,1.31038,1.95,1.12
2016.08.02 23:29:42.867,1.31026,1.31039,2.70,1.00
2016.08.02 23:29:42.918,1.31027,1.31039,1.20,1.00
2016.08.02 23:29:43.085,1.31027,1.31039,1.20,1.00
2016.08.02 23:29:44.412,1.31027,1.31039,1.10,1.00
2016.08.02 23:29:45.053,1.31026,1.31039,1.57,1.00
2016.08.02 23:29:45.104,1.31026,1.3104,1.57,1.50
2016.08.02 23:29:46.218,1.31026,1.3104,2.32,1.50
2016.08.02 23:29:48.441,1.31026,1.31039,2.32,1.00
2016.08.02 23:29:50.473,1.31026,1.31039,2.32,1.50
2016.08.02 23:29:50.593,1.31027,1.31039,1.00,1.00
2016.08.02 23:29:51.975,1.31026,1.31039,1.57,1.00
2016.08.02 23:29:53.579,1.31027,1.31039,1.00,1.00
2016.08.02 23:29:56.523,1.31026,1.31041,1.57,3.07
2016.08.02 23:29:56.625,1.31026,1.31041,2.32,1.57
2016.08.02 23:29:57.027,1.31027,1.31041,1.00,1.57
2016.08.02 23:29:57.129,1.31027,1.3104,1.00,1.00
2016.08.02 23:29:57.282,1.31027,1.3104,1.07,1.00
2016.08.02 23:30:00.089,1.31027,1.31041,1.07,1.12
2016.08.02 23:30:01.111,1.31027,1.31043,1.07,2.32
2016.08.02 23:30:01.162,1.31028,1.31043,1.57,1.10
2016.08.02 23:30:01.213,1.31029,1.31044,1.00,1.07
2016.08.02 23:30:01.293,1.31028,1.31044,3.15,1.07
2016.08.02 23:30:01.344,1.31034,1.31047,1.00,1.20
2016.08.02 23:30:01.395,1.31034,1.31047,1.00,1.47
2016.08.02 23:30:01.446,1.31033,1.31047,1.00,1.47
2016.08.02 23:30:01.650,1.31033,1.31046,1.00,1.00
2016.08.02 23:30:01.753,1.31031,1.31046,1.07,1.00
2016.08.02 23:30:01.956,1.31032,1.31046,1.10,1.00
2016.08.02 23:30:02.007,1.31032,1.31047,1.00,3.82
2016.08.02 23:30:02.058,1.31032,1.31046,1.00,2.32
2016.08.02 23:30:02.757,1.31032,1.31043,1.00,1.00
2016.08.02 23:30:02.808,1.3103,1.31043,1.57,1.00
2016.08.02 23:30:02.859,1.3103,1.31043,1.07,1.00
2016.08.02 23:30:02.910,1.31029,1.31043,1.57,1.10
2016.08.02 23:30:02.961,1.31029,1.31043,1.07,1.10
2016.08.02 23:30:03.012,1.31028,1.31043,1.12,1.20
2016.08.02 23:30:03.165,1.31028,1.31043,1.87,1.20
2016.08.02 23:30:03.267,1.31027,1.31043,1.37,1.20
2016.08.02 23:30:03.374,1.31029,1.31043,1.07,1.20
2016.08.02 23:30:04.068,1.31028,1.31043,1.12,1.20
2016.08.02 23:30:04.119,1.31028,1.31043,1.12,1.20
2016.08.02 23:30:05.223,1.31028,1.31041,1.87,1.00
2016.08.02 23:30:05.680,1.3103,1.31041,1.10,1.00
2016.08.02 23:30:07.212,1.31029,1.31041,1.07,1.00
2016.08.02 23:30:07.297,1.3103,1.31041,1.00,1.00
2016.08.02 23:30:07.408,1.31029,1.31042,1.10,1.10
2016.08.02 23:30:09.334,1.31031,1.31042,1.00,1.10
2016.08.02 23:30:09.385,1.31031,1.31042,1.50,1.10
2016.08.02 23:30:09.436,1.31033,1.31044,1.12,1.07
2016.08.02 23:30:09.488,1.31033,1.31044,1.87,1.00
2016.08.02 23:30:09.539,1.31033,1.31046,1.87,1.07
2016.08.02 23:30:09.591,1.31033,1.31046,1.12,1.07
2016.08.02 23:30:09.643,1.31033,1.31046,1.50,1.57
2016.08.02 23:30:09.796,1.31033,1.31046,2.25,1.57
2016.08.02 23:30:09.935,1.31034,1.31046,1.12,1.57
2016.08.02 23:30:10.343,1.31034,1.31046,1.12,1.10
2016.08.02 23:30:10.394,1.31033,1.31046,2.25,1.10
2016.08.02 23:30:10.599,1.31033,1.31046,2.25,1.20
2016.08.02 23:30:10.650,1.31033,1.31046,2.62,1.20
2016.08.02 23:30:13.245,1.31033,1.31047,1.87,1.57
2016.08.02 23:30:16.634,1.31033,1.31046,1.50,1.10
2016.08.02 23:30:16.685,1.31032,1.31046,1.87,1.10
2016.08.02 23:30:16.736,1.31032,1.31046,1.87,1.57
2016.08.02 23:30:16.787,1.31032,1.31046,1.12,1.57
2016.08.02 23:30:16.838,1.31033,1.31046,1.12,1.95
2016.08.02 23:30:16.889,1.31033,1.31046,1.12,1.87
2016.08.02 23:30:17.042,1.31032,1.31046,1.20,1.87
2016.08.02 23:30:17.144,1.31032,1.31046,1.20,2.25
2016.08.02 23:30:17.195,1.31032,1.31045,1.20,1.00
2016.08.02 23:30:17.246,1.31032,1.31046,1.20,2.25
2016.08.02 23:30:17.308,1.31032,1.31046,1.12,2.32
2016.08.02 23:30:18.968,1.31034,1.31046,1.12,1.57
2016.08.02 23:30:19.019,1.31035,1.31046,1.00,1.10
2016.08.02 23:30:19.070,1.31037,1.31049,1.00,5.70
2016.08.02 23:30:19.121,1.31037,1.31049,1.50,3.45
2016.08.02 23:30:19.172,1.31037,1.31049,1.10,1.12
2016.08.02 23:30:19.460,1.31037,1.31049,1.57,1.12
2016.08.02 23:30:19.562,1.31037,1.3105,1.10,1.10
2016.08.02 23:30:19.613,1.31038,1.3105,1.00,1.20
2016.08.02 23:30:19.715,1.31037,1.3105,1.10,1.00
2016.08.02 23:30:19.817,1.31037,1.3105,1.57,1.00
2016.08.02 23:30:20.172,1.31037,1.3105,1.50,1.12
2016.08.02 23:30:20.223,1.3104,1.3105,1.00,1.12
2016.08.02 23:30:20.977,1.3104,1.3105,1.00,1.00
2016.08.02 23:30:21.926,1.31037,1.31051,1.50,2.70
2016.08.02 23:30:22.028,1.31037,1.31051,1.10,1.50
2016.08.02 23:30:22.130,1.31039,1.31051,1.00,1.00
2016.08.02 23:30:22.231,1.31038,1.31053,1.00,1.95
2016.08.02 23:30:28.044,1.31038,1.31053,1.00,1.57
2016.08.02 23:30:28.146,1.31038,1.31053,1.00,1.57
2016.08.02 23:30:29.046,1.31038,1.31053,1.00,1.57
2016.08.02 23:30:29.875,1.31038,1.31053,1.00,1.95
2016.08.02 23:30:30.743,1.31038,1.31053,1.00,1.95
2016.08.02 23:30:30.794,1.31038,1.31052,1.00,1.10
2016.08.02 23:30:31.703,1.31038,1.31052,1.50,1.10
2016.08.02 23:30:39.183,1.31038,1.31053,1.50,1.95
2016.08.02 23:30:39.234,1.31038,1.31053,1.00,2.70
2016.08.02 23:30:39.285,1.31038,1.31053,1.10,2.70
2016.08.02 23:30:43.769,1.31039,1.31053,1.00,2.70
2016.08.02 23:30:45.242,1.31039,1.31053,1.00,1.95
2016.08.02 23:30:47.449,1.31039,1.31053,1.00,2.70
2016.08.02 23:30:50.110,1.31039,1.31053,1.00,2.70
2016.08.02 23:30:50.762,1.31039,1.31053,1.00,2.32
2016.08.02 23:30:53.069,1.31041,1.31053,1.00,1.95
2016.08.02 23:30:53.120,1.31041,1.31053,1.00,1.57
2016.08.02 23:30:54.339,1.31041,1.31053,1.00,1.07
2016.08.02 23:30:57.177,1.3104,1.31053,1.00,1.07
2016.08.02 23:31:00.234,1.31041,1.31053,1.00,1.07
2016.08.02 23:31:06.138,1.31042,1.31053,1.00,1.07
2016.08.02 23:31:07.156,1.31041,1.31053,1.00,1.07
2016.08.02 23:31:07.207,1.31041,1.31055,1.00,1.12
2016.08.02 23:31:07.258,1.31042,1.31055,1.00,1.10
2016.08.02 23:31:07.360,1.31044,1.31055,1.00,1.10
2016.08.02 23:31:07.626,1.31043,1.31056,1.00,1.57
2016.08.02 23:31:07.945,1.31043,1.31056,1.00,1.95
2016.08.02 23:31:09.925,1.31043,1.31056,1.00,1.57
2016.08.02 23:31:16.146,1.31043,1.31056,1.00,1.95
2016.08.02 23:31:16.197,1.31043,1.31055,1.00,1.10
2016.08.02 23:31:16.248,1.31043,1.31054,1.00,1.00
2016.08.02 23:31:16.300,1.31039,1.31054,2.32,1.10
2016.08.02 23:31:16.350,1.3104,1.31054,1.00,1.10
2016.08.02 23:31:16.401,1.3104,1.31054,1.07,1.10
2016.08.02 23:31:16.452,1.3104,1.31054,1.07,1.10
2016.08.02 23:31:22.562,1.3104,1.31054,1.57,1.10
2016.08.02 23:31:22.614,1.31042,1.31054,1.00,1.10
2016.08.02 23:31:22.665,1.31043,1.31054,1.00,1.10
2016.08.02 23:31:22.716,1.31043,1.31054,1.00,1.10
2016.08.02 23:31:29.090,1.31042,1.31054,1.50,1.10
2016.08.02 23:31:29.141,1.31042,1.31054,1.50,1.00
2016.08.02 23:31:29.192,1.31043,1.31054,1.00,1.00
2016.08.02 23:31:29.496,1.31043,1.31054,1.00,1.00
2016.08.02 23:31:29.548,1.31048,1.31057,1.00,2.25
2016.08.02 23:31:29.600,1.31048,1.31058,1.50,2.25
2016.08.02 23:31:29.651,1.31048,1.3106,1.00,1.87
2016.08.02 23:31:29.704,1.3105,1.31058,1.00,1.00
2016.08.02 23:31:29.755,1.3105,1.31054,1.00,1.00
2016.08.02 23:31:29.806,1.31042,1.31054,1.50,1.10
2016.08.02 23:31:29.857,1.31042,1.31054,1.00,1.10
2016.08.02 23:31:29.908,1.3104,1.31054,2.32,1.07
2016.08.02 23:31:30.010,1.3104,1.31054,1.57,1.07
2016.08.02 23:31:30.111,1.31042,1.31054,1.00,1.10
2016.08.02 23:31:30.213,1.3104,1.31054,2.25,1.10
2016.08.02 23:31:30.264,1.3104,1.31054,1.50,1.10
2016.08.02 23:31:30.348,1.3104,1.31054,1.50,1.07
2016.08.02 23:31:30.399,1.3104,1.31054,1.00,1.07
2016.08.02 23:31:32.011,1.31041,1.31054,1.00,1.07
2016.08.02 23:31:37.915,1.3104,1.31054,1.50,1.07
2016.08.02 23:31:38.067,1.3104,1.31054,1.50,1.10
2016.08.02 23:31:40.423,1.3104,1.31054,1.50,1.10
2016.08.02 23:31:40.474,1.31042,1.31056,1.00,1.57
2016.08.02 23:31:40.525,1.31043,1.31056,1.00,1.07
2016.08.02 23:31:40.576,1.31043,1.31056,1.00,1.12
2016.08.02 23:31:40.678,1.31043,1.31058,1.50,1.57
2016.08.02 23:31:40.729,1.31043,1.31058,1.00,2.70
2016.08.02 23:31:40.795,1.31041,1.31056,1.57,1.00
2016.08.02 23:31:40.847,1.31041,1.31054,1.07,1.00
2016.08.02 23:31:40.903,1.3104,1.31054,1.10,1.00
2016.08.02 23:31:41.000,1.3104,1.31054,1.57,1.00
2016.08.02 23:31:41.051,1.31043,1.31055,1.00,1.07
2016.08.02 23:31:41.375,1.31041,1.31055,1.00,1.07
2016.08.02 23:31:41.477,1.31042,1.31056,1.00,3.82
2016.08.02 23:31:42.027,1.31042,1.31056,1.00,3.07
2016.08.02 23:31:42.375,1.3104,1.31051,1.00,1.00
2016.08.02 23:31:42.426,1.31039,1.31051,1.10,1.12
2016.08.02 23:31:42.529,1.31039,1.31051,1.10,1.50
2016.08.02 23:31:42.581,1.31037,1.31051,1.57,1.57
2016.08.02 23:31:42.633,1.31037,1.31051,1.57,1.57
2016.08.02 23:31:42.684,1.31037,1.31051,1.57,1.57
2016.08.02 23:31:42.837,1.31039,1.31051,1.00,1.57
2016.08.02 23:31:42.889,1.31039,1.31051,1.00,1.87
2016.08.02 23:31:43.011,1.31037,1.31051,1.50,1.87
2016.08.02 23:31:45.288,1.31038,1.31051,1.00,1.12
2016.08.02 23:31:47.297,1.31038,1.31051,1.50,1.12
2016.08.02 23:31:48.399,1.31038,1.31051,1.50,1.07
2016.08.02 23:31:51.448,1.31038,1.31052,1.50,1.57
2016.08.02 23:31:51.500,1.31038,1.31052,1.50,2.32
2016.08.02 23:31:51.552,1.31038,1.3105,1.50,1.10
2016.08.02 23:31:51.603,1.31038,1.31049,1.00,1.75
2016.08.02 23:31:51.654,1.31038,1.31049,1.00,1.75
2016.08.02 23:31:51.705,1.31037,1.31048,1.00,1.57
2016.08.02 23:31:51.807,1.31036,1.31049,1.00,1.82
2016.08.02 23:31:52.010,1.31036,1.31049,1.00,1.07
2016.08.02 23:31:52.061,1.31036,1.3105,1.50,1.87
2016.08.02 23:31:52.112,1.31037,1.3105,1.00,1.57
2016.08.02 23:31:55.446,1.31038,1.3105,1.00,1.57
2016.08.02 23:31:55.497,1.31038,1.3105,1.00,2.32
2016.08.02 23:31:55.548,1.31038,1.3105,1.00,2.32
2016.08.02 23:31:55.650,1.31038,1.3105,1.00,2.32
2016.08.02 23:31:55.776,1.31036,1.31049,1.00,1.85
2016.08.02 23:31:56.320,1.31037,1.31049,1.00,1.85
2016.08.02 23:31:59.408,1.31038,1.31049,1.00,1.85
2016.08.02 23:31:59.914,1.31037,1.31049,1.00,1.85
2016.08.02 23:32:13.858,1.31038,1.31049,1.00,1.85
2016.08.02 23:32:13.909,1.31038,1.3105,1.50,1.07
2016.08.02 23:32:13.961,1.31038,1.3105,1.50,1.07
2016.08.02 23:32:14.063,1.31039,1.3105,1.00,1.07
2016.08.02 23:32:14.138,1.31039,1.31052,1.00,1.20
2016.08.02 23:32:14.240,1.31039,1.31052,1.00,1.07
2016.08.02 23:32:18.275,1.31038,1.31052,1.50,1.07
2016.08.02 23:32:18.428,1.31038,1.31052,1.50,2.32
2016.08.02 23:32:18.531,1.31038,1.31052,1.50,1.57
2016.08.02 23:32:18.582,1.31038,1.31052,1.00,2.32
2016.08.02 23:32:18.633,1.31037,1.31051,1.50,1.07
2016.08.02 23:32:19.077,1.31039,1.31051,1.00,1.07
2016.08.02 23:32:19.127,1.31041,1.31053,1.00,1.37
2016.08.02 23:32:19.178,1.31041,1.31053,1.00,1.07
2016.08.02 23:32:19.230,1.3104,1.31052,1.00,1.20
2016.08.02 23:32:19.333,1.31039,1.31052,1.00,1.10
2016.08.02 23:32:19.384,1.31038,1.31052,1.00,1.10
2016.08.02 23:32:19.435,1.31038,1.31052,1.00,1.20
2016.08.02 23:32:19.537,1.31038,1.3105,1.00,1.00
2016.08.02 23:32:19.639,1.31038,1.3105,1.50,1.10
2016.08.02 23:32:19.943,1.31038,1.3105,1.00,1.10
2016.08.02 23:32:20.045,1.31038,1.3105,1.50,1.10
2016.08.02 23:32:22.087,1.31038,1.3105,1.00,1.10
2016.08.02 23:32:22.736,1.31038,1.3105,1.00,1.07
2016.08.02 23:32:26.146,1.31038,1.3105,1.50,1.07
2016.08.02 23:32:29.388,1.31038,1.3105,1.00,1.07
2016.08.02 23:32:29.439,1.31036,1.3105,1.57,1.82
2016.08.02 23:32:29.490,1.31036,1.3105,1.57,2.32
2016.08.02 23:32:29.541,1.31036,1.31048,1.57,1.50
2016.08.02 23:32:29.592,1.31037,1.31048,1.00,1.50
2016.08.02 23:32:29.642,1.31037,1.31048,1.00,1.50
2016.08.02 23:32:30.073,1.31037,1.31048,1.00,1.57
2016.08.02 23:32:30.327,1.31036,1.31048,1.50,1.57
2016.08.02 23:32:30.738,1.31036,1.31048,1.50,1.50
2016.08.02 23:32:30.840,1.31036,1.31048,1.50,1.00
2016.08.02 23:32:30.954,1.31037,1.31049,1.00,1.10
2016.08.02 23:32:31.005,1.31037,1.31049,1.00,1.10
2016.08.02 23:32:31.158,1.31037,1.31049,1.50,1.10
2016.08.02 23:32:31.260,1.31037,1.31049,1.50,1.85
2016.08.02 23:32:31.412,1.31037,1.31049,1.50,1.75
2016.08.02 23:32:31.514,1.31037,1.31049,1.50,1.82
2016.08.02 23:32:41.807,1.31038,1.31049,1.00,1.82
2016.08.02 23:32:41.909,1.31037,1.31049,1.50,1.82
2016.08.02 23:32:44.064,1.31037,1.31049,1.50,2.32
2016.08.02 23:32:44.138,1.31037,1.31047,1.50,1.12
2016.08.02 23:32:44.190,1.31033,1.31047,1.37,1.87
2016.08.02 23:32:44.241,1.31033,1.31047,1.37,1.50
2016.08.02 23:32:44.292,1.31033,1.31047,1.10,2.32
2016.08.02 23:32:44.343,1.31033,1.31047,1.10,1.95
2016.08.02 23:32:44.394,1.31033,1.31047,1.57,1.57
2016.08.02 23:32:44.496,1.31033,1.31047,1.10,1.57
2016.08.02 23:32:45.372,1.31034,1.31046,1.00,1.10
2016.08.02 23:32:48.397,1.31033,1.31047,1.10,1.20
2016.08.02 23:32:48.448,1.31033,1.31047,1.10,1.12
2016.08.02 23:32:48.580,1.31033,1.31047,1.57,1.12
2016.08.02 23:32:49.398,1.31034,1.31047,1.00,1.12
2016.08.02 23:32:55.696,1.31032,1.31047,1.57,1.12
2016.08.02 23:32:55.951,1.31032,1.31047,1.50,1.20
2016.08.02 23:32:56.002,1.31034,1.31047,1.00,1.20
2016.08.02 23:32:56.205,1.31035,1.31047,1.00,1.95
2016.08.02 23:33:01.792,1.31032,1.31047,1.00,1.95
2016.08.02 23:33:01.894,1.31032,1.31047,1.12,1.95
2016.08.02 23:33:01.996,1.31032,1.31047,1.10,1.95
2016.08.02 23:33:02.047,1.31032,1.31047,1.10,1.95
2016.08.02 23:33:06.892,1.31032,1.31047,1.10,1.95
2016.08.02 23:33:08.896,1.31034,1.31046,1.00,1.00
2016.08.02 23:33:08.947,1.31034,1.31048,1.00,2.70
2016.08.02 23:33:08.997,1.31034,1.31048,1.00,2.70
2016.08.02 23:33:09.049,1.31035,1.31048,1.00,2.32
2016.08.02 23:33:09.150,1.31035,1.31048,1.10,2.32
2016.08.02 23:33:09.252,1.31036,1.31048,1.00,2.32
2016.08.02 23:33:09.959,1.31034,1.31048,1.57,2.32
2016.08.02 23:33:10.778,1.31034,1.31048,1.57,1.57
2016.08.02 23:33:10.829,1.31036,1.31048,1.00,1.57
2016.08.02 23:33:10.880,1.31036,1.31048,1.00,1.57
2016.08.02 23:33:10.931,1.31035,1.31048,1.10,1.57
2016.08.02 23:33:11.231,1.31035,1.31048,1.10,1.57
2016.08.02 23:33:11.434,1.31034,1.31048,1.57,1.57
2016.08.02 23:33:11.485,1.31034,1.31048,1.57,1.57
2016.08.02 23:33:11.536,1.31035,1.31048,1.10,1.57
2016.08.02 23:33:13.435,1.31035,1.31048,1.10,1.57
2016.08.02 23:33:13.537,1.31037,1.31048,1.00,1.57
2016.08.02 23:33:14.027,1.31036,1.31048,1.00,1.57
2016.08.02 23:33:18.870,1.31036,1.31047,1.00,1.12
2016.08.02 23:33:18.921,1.31034,1.31047,1.57,1.12
2016.08.02 23:33:19.023,1.31034,1.31047,1.57,1.20
2016.08.02 23:33:24.943,1.31036,1.31048,1.00,1.57
2016.08.02 23:33:25.945,1.31035,1.31048,1.00,1.57
2016.08.02 23:33:27.513,1.31035,1.31048,1.07,1.50
2016.08.02 23:33:32.264,1.31034,1.31047,1.12,1.12
2016.08.02 23:33:32.316,1.31034,1.31047,1.12,1.50
2016.08.02 23:33:32.468,1.31034,1.31047,1.10,1.50
2016.08.02 23:33:35.792,1.31034,1.31047,1.10,1.50
2016.08.02 23:33:35.844,1.31032,1.31046,1.87,1.00
2016.08.02 23:33:35.945,1.31032,1.31046,1.87,1.37
2016.08.02 23:33:35.996,1.31032,1.31046,1.57,1.37
