2013.12.19 15:00:00.247,1.07007,1.07044,1.00,1.00
2013.12.19 15:00:00.348,1.07007,1.0704,1.00,1.10
2013.12.19 15:00:00.652,1.07018,1.07035,3.75,3.38
2013.12.19 15:00:00.956,1.07003,1.0702,1.50,4.13
2013.12.19 15:00:01.058,1.07006,1.0702,1.00,4.13
2013.12.19 15:00:01.210,1.07003,1.0702,1.50,1.13
2013.12.19 15:00:01.669,1.07005,1.0702,3.75,1.13
2013.12.19 15:00:01.720,1.07005,1.07025,3.75,1.73
2013.12.19 15:00:02.282,1.07006,1.07025,3.75,1.23
2013.12.19 15:00:02.602,1.07003,1.07025,3.75,1.23
2013.12.19 15:00:03.090,1.07009,1.07025,1.50,1.35
2013.12.19 15:00:03.242,1.07009,1.07026,1.50,1.00
2013.12.19 15:00:03.444,1.07007,1.07024,1.00,2.50
2013.12.19 15:00:03.751,1.07007,1.0702,1.00,4.13
2013.12.19 15:00:04.156,1.0701,1.0702,1.00,2.63
2013.12.19 15:00:04.409,1.07014,1.07029,3.75,1.75
2013.12.19 15:00:04.460,1.07014,1.07025,3.75,1.00
2013.12.19 15:00:04.562,1.07014,1.07025,3.75,1.00
2013.12.19 15:00:04.613,1.07014,1.07029,3.75,1.75
2013.12.19 15:00:04.664,1.07014,1.07023,3.75,1.13
2013.12.19 15:00:04.715,1.07009,1.07021,3.75,2.63
2013.12.19 15:00:04.839,1.07006,1.07021,4.50,2.63
2013.12.19 15:00:05.096,1.07004,1.0702,1.00,5.27
2013.12.19 15:00:05.552,1.07002,1.07017,1.00,2.50
2013.12.19 15:00:06.070,1.06999,1.07017,1.75,1.50
2013.12.19 15:00:06.526,1.06999,1.07017,1.75,2.50
2013.12.19 15:00:07.048,1.06999,1.07017,1.75,2.50
2013.12.19 15:00:07.375,1.06999,1.0701,1.00,1.75
2013.12.19 15:00:07.426,1.0699,1.07003,4.13,1.00
2013.12.19 15:00:07.578,1.06988,1.07002,1.00,1.00
2013.12.19 15:00:07.679,1.06991,1.07002,1.00,1.00
2013.12.19 15:00:07.781,1.06988,1.07002,1.00,1.00
2013.12.19 15:00:07.933,1.06982,1.06999,6.00,1.00
2013.12.19 15:00:08.439,1.06982,1.06999,1.00,1.00
2013.12.19 15:00:08.760,1.06986,1.06999,1.00,1.00
2013.12.19 15:00:09.064,1.06982,1.06999,1.00,1.00
2013.12.19 15:00:11.575,1.06981,1.06996,1.00,5.13
2013.12.19 15:00:12.155,1.06985,1.06997,1.00,5.25
2013.12.19 15:00:12.459,1.06983,1.06993,1.50,1.00
2013.12.19 15:00:12.661,1.06983,1.06993,1.50,1.50
2013.12.19 15:00:12.712,1.06981,1.06993,1.00,1.50
2013.12.19 15:00:13.167,1.06976,1.06991,2.25,2.88
2013.12.19 15:00:13.681,1.06975,1.06991,1.00,2.88
2013.12.19 15:00:15.509,1.06977,1.06991,3.75,2.88
2013.12.19 15:00:15.711,1.06973,1.06988,6.00,2.13
2013.12.19 15:00:15.914,1.06975,1.06988,1.00,1.00
2013.12.19 15:00:16.017,1.06978,1.06988,3.75,1.00
2013.12.19 15:00:16.422,1.06979,1.06991,1.00,1.00
2013.12.19 15:00:16.524,1.06982,1.06992,1.00,1.50
2013.12.19 15:00:16.828,1.06975,1.06987,1.00,2.26
2013.12.19 15:00:16.980,1.0698,1.06992,1.00,1.00
2013.12.19 15:00:17.533,1.06981,1.06993,1.00,1.00
2013.12.19 15:00:18.828,1.06982,1.06994,1.00,1.00
2013.12.19 15:00:19.339,1.0698,1.06994,1.00,1.00
2013.12.19 15:00:19.542,1.06977,1.06994,6.00,2.25
2013.12.19 15:00:19.593,1.06977,1.0699,2.25,1.05
2013.12.19 15:00:20.662,1.06973,1.06988,9.00,2.93
2013.12.19 15:00:20.966,1.06971,1.06985,3.00,4.00
2013.12.19 15:00:21.480,1.0697,1.06984,1.00,5.25
2013.12.19 15:00:24.040,1.0697,1.06984,1.00,6.25
2013.12.19 15:00:25.580,1.0697,1.06984,1.00,7.38
2013.12.19 15:00:26.047,1.06969,1.0698,1.00,2.13
2013.12.19 15:00:26.575,1.06968,1.06979,1.13,4.75
2013.12.19 15:00:27.215,1.06968,1.06979,1.00,3.75
2013.12.19 15:00:27.952,1.06968,1.0698,1.00,5.63
2013.12.19 15:00:28.468,1.06968,1.0698,1.00,5.63
2013.12.19 15:00:30.155,1.06971,1.0698,1.00,3.75
2013.12.19 15:00:30.459,1.06971,1.0698,2.18,5.88
2013.12.19 15:00:30.796,1.06962,1.06972,2.33,3.01
2013.12.19 15:00:30.899,1.06962,1.06971,2.33,2.88
2013.12.19 15:00:30.950,1.06961,1.06969,2.18,2.13
2013.12.19 15:00:31.102,1.06955,1.06967,2.33,2.28
2013.12.19 15:00:31.204,1.06957,1.06967,2.33,2.13
2013.12.19 15:00:31.407,1.06955,1.06967,1.15,1.15
2013.12.19 15:00:31.508,1.06959,1.06968,2.25,3.68
2013.12.19 15:00:31.559,1.0696,1.06968,2.33,1.00
2013.12.19 15:00:32.103,1.0696,1.06969,2.33,1.50
2013.12.19 15:00:37.083,1.0696,1.06969,2.33,1.00
2013.12.19 15:00:37.539,1.06958,1.06969,1.15,1.10
2013.12.19 15:00:37.640,1.0696,1.06969,2.33,1.00
2013.12.19 15:00:38.387,1.0696,1.06969,2.33,1.50
2013.12.19 15:00:38.741,1.06958,1.06969,2.33,1.00
2013.12.19 15:00:38.905,1.06958,1.06969,2.33,2.20
2013.12.19 15:00:38.956,1.06954,1.06968,3.08,5.23
2013.12.19 15:00:40.501,1.06957,1.06968,2.33,2.70
2013.12.19 15:00:42.000,1.06957,1.06968,2.33,1.00
2013.12.19 15:00:42.324,1.06959,1.06968,2.33,1.00
2013.12.19 15:00:43.421,1.06966,1.0697,1.10,1.13
2013.12.19 15:00:43.523,1.06966,1.06972,1.10,1.50
2013.12.19 15:00:43.624,1.06963,1.06972,2.70,2.63
2013.12.19 15:00:43.927,1.06963,1.06971,2.18,6.38
2013.12.19 15:00:43.978,1.06958,1.06971,2.33,6.53
2013.12.19 15:00:48.058,1.06957,1.0697,3.90,5.33
2013.12.19 15:00:49.378,1.06958,1.06967,3.90,3.30
2013.12.19 15:00:49.479,1.06954,1.06965,3.90,4.51
2013.12.19 15:00:49.581,1.06953,1.06965,6.08,2.70
2013.12.19 15:00:50.025,1.06955,1.06965,2.33,1.00
2013.12.19 15:00:50.743,1.06956,1.06966,3.90,1.43
2013.12.19 15:00:51.047,1.06955,1.06966,2.33,4.43
2013.12.19 15:00:51.149,1.06953,1.06966,1.15,4.96
2013.12.19 15:00:51.200,1.06954,1.06966,6.08,2.78
2013.12.19 15:00:51.726,1.06954,1.06966,2.33,2.30
2013.12.19 15:00:52.033,1.06953,1.06965,4.65,4.13
2013.12.19 15:00:53.097,1.06952,1.06962,2.33,3.25
2013.12.19 15:00:53.148,1.06951,1.06958,1.88,3.08
2013.12.19 15:00:53.452,1.06946,1.06958,1.15,1.13
2013.12.19 15:00:53.991,1.06946,1.06958,1.10,1.10
2013.12.19 15:00:54.092,1.06946,1.06958,3.83,1.20
2013.12.19 15:00:54.448,1.06944,1.06954,2.33,5.11
2013.12.19 15:00:55.259,1.06944,1.06952,2.18,3.83
2013.12.19 15:00:55.362,1.0694,1.06951,1.15,6.76
2013.12.19 15:00:55.564,1.0694,1.06949,1.10,8.40
2013.12.19 15:00:56.070,1.06938,1.06949,1.15,4.93
2013.12.19 15:00:57.645,1.06939,1.06949,3.08,1.00
2013.12.19 15:00:58.818,1.06938,1.06949,2.33,2.23
2013.12.19 15:00:59.322,1.06937,1.06949,3.68,1.10
2013.12.19 15:00:59.727,1.06937,1.06949,1.50,8.21
2013.12.19 15:00:59.948,1.06937,1.06949,3.68,6.05
2013.12.19 15:01:00.364,1.06937,1.06947,1.35,4.03
2013.12.19 15:01:00.415,1.06936,1.06944,1.58,4.81
2013.12.19 15:01:00.516,1.06931,1.06943,2.33,6.00
2013.12.19 15:01:00.972,1.06935,1.06944,1.10,1.20
2013.12.19 15:01:01.091,1.06937,1.06947,2.48,1.73
2013.12.19 15:01:01.395,1.06937,1.06947,2.33,1.00
2013.12.19 15:01:01.650,1.06933,1.06947,2.93,5.20
2013.12.19 15:01:01.753,1.06931,1.06945,4.43,3.35
2013.12.19 15:01:01.855,1.06931,1.06945,2.33,5.08
2013.12.19 15:01:02.454,1.06935,1.06943,1.00,2.78
2013.12.19 15:01:02.758,1.06936,1.06947,2.93,1.20
2013.12.19 15:01:02.859,1.06935,1.06947,3.08,1.20
2013.12.19 15:01:03.393,1.06934,1.06947,2.33,3.40
2013.12.19 15:01:03.895,1.06934,1.06946,2.33,2.65
2013.12.19 15:01:04.222,1.06934,1.06943,2.33,3.63
2013.12.19 15:01:04.383,1.0693,1.06942,6.83,2.68
2013.12.19 15:01:05.219,1.0693,1.06942,6.08,4.51
2013.12.19 15:01:05.370,1.06929,1.06939,2.25,3.68
2013.12.19 15:01:05.421,1.06927,1.06939,3.90,4.13
2013.12.19 15:01:05.523,1.06924,1.06936,3.45,3.75
2013.12.19 15:01:06.357,1.06924,1.06936,3.08,1.65
2013.12.19 15:01:06.458,1.06926,1.06936,2.33,1.10
2013.12.19 15:01:06.963,1.06925,1.06936,2.33,1.10
2013.12.19 15:01:07.266,1.06929,1.06938,2.33,1.00
2013.12.19 15:01:07.367,1.06929,1.0694,2.33,1.80
2013.12.19 15:01:08.499,1.0693,1.06941,6.08,1.58
2013.12.19 15:01:09.009,1.06931,1.06941,6.08,1.50
2013.12.19 15:01:09.211,1.06932,1.06942,1.10,1.65
2013.12.19 15:01:09.262,1.06932,1.06942,1.18,1.58
2013.12.19 15:01:09.313,1.06932,1.06942,3.08,1.50
2013.12.19 15:01:09.846,1.06932,1.06943,3.08,1.10
2013.12.19 15:01:10.215,1.06932,1.06943,1.00,1.00
2013.12.19 15:01:10.323,1.06932,1.06943,4.50,1.38
2013.12.19 15:01:10.905,1.06932,1.06943,4.50,1.00
2013.12.19 15:01:11.410,1.06932,1.06943,3.75,1.38
2013.12.19 15:01:11.512,1.0693,1.06943,3.75,3.26
2013.12.19 15:01:11.814,1.06928,1.06942,1.35,2.63
2013.12.19 15:01:17.972,1.06929,1.06942,1.00,7.51
2013.12.19 15:01:18.498,1.06928,1.06941,2.10,6.01
2013.12.19 15:01:19.003,1.06929,1.06941,1.00,6.00
2013.12.19 15:01:23.347,1.06928,1.06939,2.25,2.35
2013.12.19 15:01:23.802,1.06924,1.06938,3.75,9.60
2013.12.19 15:01:24.364,1.06924,1.06937,2.25,7.36
2013.12.19 15:01:24.912,1.06924,1.06936,1.50,6.48
2013.12.19 15:01:25.419,1.06924,1.06936,1.00,6.60
2013.12.19 15:01:25.924,1.06924,1.06936,1.00,6.98
2013.12.19 15:01:26.177,1.06924,1.06936,1.00,7.73
2013.12.19 15:01:26.545,1.06924,1.06936,1.00,3.10
2013.12.19 15:01:27.414,1.06924,1.06935,1.00,4.88
2013.12.19 15:01:27.718,1.06924,1.06936,1.50,2.10
2013.12.19 15:01:28.123,1.06926,1.06936,1.50,1.35
2013.12.19 15:01:29.319,1.06928,1.06936,2.25,1.35
2013.12.19 15:01:29.824,1.06929,1.06936,2.33,1.35
2013.12.19 15:01:32.851,1.06928,1.06936,2.33,1.00
2013.12.19 15:01:33.379,1.06927,1.06936,3.08,1.00
2013.12.19 15:01:34.288,1.06927,1.06936,3.08,1.60
2013.12.19 15:01:34.441,1.06927,1.06936,1.18,1.70
2013.12.19 15:01:34.593,1.06927,1.06933,1.00,2.50
2013.12.19 15:01:35.100,1.06924,1.06932,2.33,7.38
2013.12.19 15:01:35.427,1.06924,1.06932,3.08,6.38
2013.12.19 15:01:35.528,1.06925,1.06934,2.33,1.50
2013.12.19 15:01:35.680,1.06927,1.06934,2.33,1.00
2013.12.19 15:01:35.984,1.06929,1.06936,2.33,1.88
2013.12.19 15:01:36.203,1.06926,1.06936,2.33,2.73
2013.12.19 15:01:36.609,1.06929,1.06936,1.18,4.50
2013.12.19 15:01:37.211,1.06929,1.06938,1.15,3.38
2013.12.19 15:01:37.916,1.06929,1.06938,1.15,7.13
2013.12.19 15:01:38.419,1.06928,1.06938,2.33,10.36
2013.12.19 15:01:38.922,1.06927,1.06936,2.33,6.48
2013.12.19 15:01:39.949,1.06927,1.06936,2.33,6.48
2013.12.19 15:01:40.193,1.06925,1.06936,3.08,2.80
2013.12.19 15:01:40.396,1.06929,1.06936,1.08,6.76
2013.12.19 15:01:40.446,1.06929,1.06936,1.18,6.76
2013.12.19 15:01:41.181,1.06929,1.06937,1.00,6.45
2013.12.19 15:01:42.118,1.06926,1.06937,1.10,9.68
2013.12.19 15:01:42.220,1.06924,1.06934,1.08,6.75
2013.12.19 15:01:42.575,1.06924,1.06934,1.15,5.58
2013.12.19 15:01:43.888,1.06924,1.06934,1.00,5.50
2013.12.19 15:01:44.518,1.06924,1.06934,2.85,5.50
2013.12.19 15:01:44.821,1.0693,1.06938,1.00,1.75
2013.12.19 15:01:44.872,1.06928,1.06938,1.00,2.13
2013.12.19 15:01:45.075,1.0693,1.06938,1.00,1.00
2013.12.19 15:01:45.278,1.0693,1.0694,1.00,1.88
2013.12.19 15:01:47.852,1.06934,1.06941,1.00,1.00
2013.12.19 15:01:48.003,1.06934,1.06943,1.00,4.50
2013.12.19 15:01:48.054,1.06931,1.06943,1.00,6.85
2013.12.19 15:01:48.555,1.0693,1.06942,1.00,7.88
2013.12.19 15:01:48.860,1.06936,1.06945,1.50,1.00
2013.12.19 15:01:48.962,1.06934,1.06945,1.00,1.50
2013.12.19 15:01:49.508,1.06934,1.06945,1.00,4.50
2013.12.19 15:01:50.392,1.06934,1.06945,1.00,5.25
2013.12.19 15:01:51.704,1.06934,1.06945,1.00,6.00
2013.12.19 15:01:52.241,1.06934,1.06945,1.00,6.00
2013.12.19 15:01:52.578,1.0693,1.06943,1.50,6.25
2013.12.19 15:01:54.966,1.06931,1.06943,1.00,2.50
2013.12.19 15:01:55.320,1.06931,1.06942,2.25,3.25
2013.12.19 15:01:55.823,1.06932,1.06942,2.33,3.25
2013.12.19 15:01:57.145,1.0693,1.06942,3.08,3.40
2013.12.19 15:01:57.799,1.06935,1.06942,1.00,1.18
2013.12.19 15:01:58.148,1.06935,1.06943,1.00,4.50
2013.12.19 15:01:58.654,1.06935,1.06944,1.00,4.50
2013.12.19 15:01:59.453,1.06935,1.06945,1.00,5.25
2013.12.19 15:02:00.285,1.06935,1.06945,1.00,7.73
2013.12.19 15:02:00.336,1.06931,1.06941,1.50,6.72
2013.12.19 15:02:00.387,1.0693,1.0694,1.50,2.88
2013.12.19 15:02:00.792,1.0693,1.06938,1.00,6.23
2013.12.19 15:02:00.893,1.06925,1.06937,1.00,7.13
2013.12.19 15:02:01.398,1.06925,1.06935,1.00,6.25
2013.12.19 15:02:01.906,1.06924,1.06935,1.00,6.25
2013.12.19 15:02:06.239,1.06924,1.06935,1.50,5.63
2013.12.19 15:02:06.775,1.06924,1.06935,1.50,5.63
2013.12.19 15:02:07.055,1.06924,1.06935,1.50,7.50
2013.12.19 15:02:07.460,1.06922,1.0693,1.00,5.63
2013.12.19 15:02:07.984,1.06921,1.0693,1.15,5.88
2013.12.19 15:02:08.520,1.06922,1.0693,1.00,5.63
2013.12.19 15:02:09.526,1.06919,1.06929,1.00,4.75
2013.12.19 15:02:10.105,1.06922,1.06929,1.00,1.00
2013.12.19 15:02:10.894,1.06921,1.06929,1.00,4.50
2013.12.19 15:02:11.096,1.06921,1.06929,1.00,4.75
2013.12.19 15:02:11.668,1.06922,1.0693,1.00,4.88
2013.12.19 15:02:12.494,1.06922,1.0693,1.00,2.13
2013.12.19 15:02:14.075,1.06922,1.0693,1.00,2.13
2013.12.19 15:02:14.709,1.06921,1.0693,1.00,5.63
2013.12.19 15:02:14.938,1.06921,1.0693,1.00,5.88
2013.12.19 15:02:18.796,1.06921,1.0693,1.00,5.63
2013.12.19 15:02:18.897,1.06922,1.06929,2.18,5.25
2013.12.19 15:02:19.150,1.06921,1.06929,1.15,5.25
2013.12.19 15:02:19.251,1.06921,1.06929,1.10,5.33
2013.12.19 15:02:20.727,1.06921,1.06929,1.08,3.75
2013.12.19 15:02:21.242,1.06921,1.06929,1.15,4.50
2013.12.19 15:02:21.741,1.06921,1.06929,1.15,3.75
2013.12.19 15:02:21.944,1.0692,1.06929,1.00,5.26
2013.12.19 15:02:21.995,1.0692,1.06926,1.00,5.33
2013.12.19 15:02:22.298,1.0691,1.06918,1.10,4.95
2013.12.19 15:02:22.349,1.06905,1.06915,4.65,5.58
2013.12.19 15:02:22.552,1.06907,1.06915,2.18,13.03
2013.12.19 15:02:22.704,1.06905,1.06915,1.50,12.01
2013.12.19 15:02:23.210,1.06909,1.06915,1.00,3.76
2013.12.19 15:02:23.311,1.06909,1.06915,1.00,1.10
2013.12.19 15:02:23.858,1.06909,1.06917,1.00,2.33
2013.12.19 15:02:24.587,1.0691,1.06917,1.00,2.33
2013.12.19 15:02:24.688,1.0691,1.06919,1.00,3.08
2013.12.19 15:02:24.789,1.0691,1.0692,1.10,1.65
2013.12.19 15:02:24.912,1.0691,1.06919,1.00,4.88
2013.12.19 15:02:25.236,1.06903,1.06911,1.00,6.76
2013.12.19 15:02:25.438,1.06899,1.06909,1.00,2.18
2013.12.19 15:02:25.590,1.06904,1.06909,1.00,1.00
2013.12.19 15:02:25.793,1.06903,1.06909,1.00,1.93
2013.12.19 15:02:26.298,1.06903,1.0691,1.60,1.65
2013.12.19 15:02:26.954,1.069,1.0691,1.00,3.43
2013.12.19 15:02:27.004,1.069,1.06909,1.00,3.45
2013.12.19 15:02:28.381,1.06895,1.069,1.10,2.13
2013.12.19 15:02:28.690,1.0689,1.06898,3.15,4.51
2013.12.19 15:02:28.793,1.06895,1.06899,1.35,1.10
2013.12.19 15:02:29.046,1.06895,1.06905,1.35,1.65
2013.12.19 15:02:29.147,1.069,1.06906,1.00,2.33
2013.12.19 15:02:29.248,1.069,1.06906,1.00,1.18
2013.12.19 15:02:29.804,1.069,1.06909,1.10,1.65
2013.12.19 15:02:30.219,1.069,1.06909,1.00,3.83
2013.12.19 15:02:31.066,1.06896,1.06908,1.15,3.03
2013.12.19 15:02:31.117,1.06896,1.06907,1.10,5.33
2013.12.19 15:02:31.218,1.06895,1.06905,2.10,6.76
2013.12.19 15:02:32.321,1.06895,1.06905,1.43,2.40
2013.12.19 15:02:32.589,1.06893,1.069,3.38,2.13
2013.12.19 15:02:32.993,1.0689,1.069,3.00,3.03
2013.12.19 15:02:33.498,1.06888,1.06899,4.43,3.33
2013.12.19 15:02:33.549,1.06888,1.06897,2.10,5.26
2013.12.19 15:02:33.852,1.06888,1.06897,2.18,1.18
2013.12.19 15:02:35.444,1.06888,1.06897,2.18,1.10
2013.12.19 15:02:38.681,1.06888,1.06897,2.18,1.18
2013.12.19 15:02:38.883,1.0689,1.06898,6.60,1.15
2013.12.19 15:02:39.035,1.0689,1.06898,12.00,1.10
2013.12.19 15:02:39.893,1.06893,1.06902,1.35,2.03
2013.12.19 15:02:39.995,1.06894,1.06903,2.33,1.00
2013.12.19 15:02:40.268,1.06898,1.06907,1.65,1.00
2013.12.19 15:02:40.370,1.06898,1.06907,1.15,2.35
2013.12.19 15:02:40.471,1.06896,1.06906,3.90,3.40
2013.12.19 15:02:41.948,1.06895,1.06906,1.15,1.58
2013.12.19 15:02:42.589,1.06898,1.06906,1.00,1.10
2013.12.19 15:02:42.640,1.069,1.06906,1.00,1.18
2013.12.19 15:02:42.741,1.069,1.06907,1.10,1.00
2013.12.19 15:02:43.044,1.06896,1.06905,4.13,3.48
2013.12.19 15:02:43.146,1.06895,1.069,1.50,2.13
2013.12.19 15:02:43.348,1.06898,1.06902,1.00,1.50
2013.12.19 15:02:43.399,1.069,1.06904,1.00,1.13
2013.12.19 15:02:43.533,1.069,1.06907,1.00,1.00
2013.12.19 15:02:43.584,1.06897,1.06907,1.35,5.63
2013.12.19 15:02:43.837,1.069,1.06907,1.00,1.50
2013.12.19 15:02:43.888,1.069,1.06907,1.00,1.00
2013.12.19 15:02:46.343,1.06898,1.06907,1.00,2.88
2013.12.19 15:02:46.545,1.06895,1.06907,1.00,3.38
2013.12.19 15:02:53.751,1.06896,1.06907,1.00,3.00
2013.12.19 15:02:54.106,1.06897,1.06906,1.00,3.83
2013.12.19 15:02:54.544,1.06897,1.06906,1.15,1.50
2013.12.19 15:02:54.853,1.06896,1.06906,1.10,1.65
2013.12.19 15:02:55.295,1.06895,1.06905,1.18,3.40
2013.12.19 15:02:55.447,1.06892,1.069,2.33,2.13
2013.12.19 15:02:55.498,1.06892,1.069,2.33,2.20
2013.12.19 15:02:56.016,1.0689,1.069,1.58,3.06
2013.12.19 15:02:56.225,1.0689,1.069,3.00,2.98
2013.12.19 15:02:56.529,1.06892,1.069,2.33,2.88
2013.12.19 15:02:57.462,1.0689,1.069,3.08,2.88
2013.12.19 15:02:58.750,1.0689,1.069,1.18,3.05
2013.12.19 15:03:01.369,1.0689,1.069,3.83,2.20
2013.12.19 15:03:02.303,1.06892,1.069,2.25,2.13
2013.12.19 15:03:02.517,1.069,1.06908,1.00,1.65
2013.12.19 15:03:02.568,1.06898,1.06907,1.18,2.70
2013.12.19 15:03:02.994,1.06897,1.06907,1.10,3.38
2013.12.19 15:03:03.858,1.06895,1.06907,1.65,6.38
2013.12.19 15:03:04.010,1.06895,1.06904,1.00,3.91
2013.12.19 15:03:04.772,1.06896,1.06905,1.10,1.65
2013.12.19 15:03:05.184,1.06895,1.06905,1.10,5.20
2013.12.19 15:03:05.387,1.06895,1.06905,1.18,3.05
2013.12.19 15:03:06.900,1.06897,1.06905,1.00,1.65
2013.12.19 15:03:08.182,1.06896,1.06905,1.10,1.65
2013.12.19 15:03:09.557,1.06896,1.06905,1.18,1.58
2013.12.19 15:03:10.096,1.06896,1.06905,1.15,1.50
2013.12.19 15:03:12.296,1.06896,1.06905,1.10,1.65
2013.12.19 15:03:12.448,1.06896,1.06905,1.15,1.50
2013.12.19 15:03:15.896,1.069,1.06909,1.00,6.08
2013.12.19 15:03:16.048,1.069,1.06909,1.18,2.33
2013.12.19 15:03:16.653,1.069,1.06909,1.18,1.10
2013.12.19 15:03:17.852,1.069,1.06906,1.10,3.60
2013.12.19 15:03:18.155,1.06895,1.06905,3.08,7.20
2013.12.19 15:03:18.206,1.06896,1.06905,3.75,7.20
2013.12.19 15:03:18.257,1.06897,1.06905,1.00,3.15
2013.12.19 15:03:21.048,1.06898,1.06905,1.00,1.65
2013.12.19 15:03:22.440,1.06898,1.06905,1.00,1.65
2013.12.19 15:03:22.945,1.06898,1.06905,1.00,1.58
2013.12.19 15:03:23.529,1.06897,1.06905,1.10,1.58
2013.12.19 15:03:25.004,1.06897,1.06905,1.10,4.45
2013.12.19 15:03:25.409,1.06898,1.06903,1.50,3.63
2013.12.19 15:03:25.561,1.069,1.06907,1.00,1.65
2013.12.19 15:03:25.612,1.06898,1.06907,2.33,2.33
2013.12.19 15:03:25.663,1.06898,1.06906,1.10,3.83
2013.12.19 15:03:25.714,1.06898,1.06906,1.10,1.50
2013.12.19 15:03:27.076,1.06896,1.06906,1.15,2.58
2013.12.19 15:03:27.580,1.06896,1.06906,1.10,2.68
2013.12.19 15:03:28.421,1.06896,1.06906,1.08,2.65
2013.12.19 15:03:29.093,1.06899,1.06906,1.00,1.00
2013.12.19 15:03:29.346,1.06899,1.06909,1.18,2.78
2013.12.19 15:03:29.547,1.06899,1.06909,3.83,2.63
2013.12.19 15:03:30.001,1.06899,1.06909,1.58,2.78
2013.12.19 15:03:31.617,1.06899,1.06909,5.40,2.33
2013.12.19 15:03:31.921,1.069,1.06909,2.33,2.25
2013.12.19 15:03:42.558,1.069,1.06909,1.58,2.10
2013.12.19 15:03:42.660,1.06896,1.06903,1.10,2.50
2013.12.19 15:03:42.812,1.06896,1.06903,2.10,1.10
2013.12.19 15:03:43.145,1.069,1.06905,1.50,2.18
2013.12.19 15:03:43.260,1.069,1.06909,1.58,1.10
2013.12.19 15:03:46.264,1.069,1.06909,1.58,1.18
2013.12.19 15:03:46.567,1.069,1.06909,1.65,1.00
2013.12.19 15:03:51.324,1.06905,1.06909,1.00,1.00
2013.12.19 15:03:51.577,1.06906,1.06915,1.20,1.65
2013.12.19 15:03:51.679,1.06907,1.06915,1.18,1.50
2013.12.19 15:03:52.437,1.06905,1.06915,6.83,2.50
2013.12.19 15:03:52.790,1.06905,1.06915,1.10,6.16
2013.12.19 15:03:53.870,1.06905,1.06915,1.10,6.15
2013.12.19 15:03:54.689,1.06905,1.06915,1.10,6.16
2013.12.19 15:03:57.736,1.06905,1.06915,1.10,9.90
2013.12.19 15:03:58.131,1.06905,1.06912,1.10,2.88
2013.12.19 15:03:58.668,1.06901,1.0691,2.33,2.13
2013.12.19 15:03:58.770,1.069,1.0691,1.65,2.21
2013.12.19 15:03:58.871,1.069,1.0691,1.58,2.31
2013.12.19 15:03:59.091,1.069,1.0691,2.18,2.30
2013.12.19 15:03:59.395,1.06905,1.06913,1.00,4.58
2013.12.19 15:04:00.257,1.06904,1.06913,1.00,4.96
2013.12.19 15:04:00.824,1.06904,1.06913,1.10,1.95
2013.12.19 15:04:01.756,1.06904,1.06913,1.00,4.58
2013.12.19 15:04:02.015,1.06904,1.06913,1.10,1.10
2013.12.19 15:04:03.087,1.06904,1.06913,1.18,1.08
2013.12.19 15:04:03.615,1.06904,1.06913,1.15,1.00
2013.12.19 15:04:04.829,1.06904,1.06913,1.15,1.00
2013.12.19 15:04:05.031,1.06904,1.06913,1.00,1.18
2013.12.19 15:04:05.605,1.06903,1.06913,1.10,3.15
2013.12.19 15:04:09.244,1.06903,1.06913,1.08,1.65
2013.12.19 15:04:09.749,1.06906,1.06913,1.00,1.18
2013.12.19 15:04:10.254,1.06906,1.06913,1.20,1.00
2013.12.19 15:04:15.099,1.06903,1.06913,4.43,1.00
2013.12.19 15:04:15.201,1.06903,1.06913,1.58,1.18
2013.12.19 15:04:15.571,1.06903,1.06913,1.00,6.08
2013.12.19 15:04:24.653,1.06903,1.06913,1.10,3.90
2013.12.19 15:04:24.704,1.06905,1.06913,3.75,2.40
2013.12.19 15:04:24.856,1.06906,1.06913,1.13,1.10
2013.12.19 15:04:25.160,1.06909,1.06913,1.00,1.10
2013.12.19 15:04:25.362,1.06908,1.06917,3.83,1.50
2013.12.19 15:04:25.413,1.06908,1.06917,1.65,1.10
2013.12.19 15:04:25.514,1.06908,1.06917,1.50,1.15
2013.12.19 15:04:25.818,1.06903,1.06915,4.20,5.45
2013.12.19 15:04:26.361,1.06903,1.06913,1.08,4.83
2013.12.19 15:04:26.412,1.06903,1.06913,1.00,6.76
2013.12.19 15:04:28.592,1.06902,1.0691,1.00,2.28
2013.12.19 15:04:28.744,1.069,1.0691,1.00,5.23
2013.12.19 15:04:29.267,1.06898,1.06909,6.90,2.68
2013.12.19 15:04:29.570,1.06903,1.06909,1.00,1.10
2013.12.19 15:04:33.909,1.06903,1.06912,1.00,2.03
2013.12.19 15:04:40.276,1.06903,1.06912,1.18,1.58
2013.12.19 15:04:42.506,1.06903,1.06913,1.50,1.65
2013.12.19 15:04:42.557,1.06906,1.06913,3.75,1.65
2013.12.19 15:04:43.269,1.06906,1.06913,4.80,1.00
2013.12.19 15:04:43.576,1.06908,1.06917,3.08,3.00
2013.12.19 15:04:43.678,1.06908,1.06917,3.15,1.10
2013.12.19 15:04:48.029,1.06909,1.06918,1.15,1.00
2013.12.19 15:04:52.150,1.06909,1.06918,1.15,1.00
2013.12.19 15:04:52.671,1.06909,1.06918,1.18,1.00
2013.12.19 15:04:57.875,1.0691,1.06918,3.83,1.10
2013.12.19 15:04:58.384,1.06911,1.06918,3.75,1.10
2013.12.19 15:04:58.981,1.06912,1.06918,3.75,1.10
2013.12.19 15:04:59.606,1.0691,1.06919,4.28,1.50
2013.12.19 15:05:00.112,1.06914,1.06921,1.00,1.18
2013.12.19 15:05:00.416,1.06911,1.06921,1.18,1.00
2013.12.19 15:05:00.970,1.06911,1.06921,1.18,1.00
2013.12.19 15:05:03.892,1.0691,1.06921,1.10,4.10
2013.12.19 15:05:04.223,1.06909,1.06919,1.00,3.33
2013.12.19 15:05:04.590,1.06909,1.06919,1.65,1.18
2013.12.19 15:05:04.842,1.06908,1.06916,1.15,2.50
2013.12.19 15:05:05.095,1.06906,1.06916,3.90,3.40
2013.12.19 15:05:05.398,1.06909,1.06918,1.00,2.33
2013.12.19 15:05:05.550,1.06909,1.06919,1.65,1.10
2013.12.19 15:05:11.038,1.06909,1.06919,1.65,1.48
2013.12.19 15:05:11.140,1.06908,1.06916,2.33,2.50
2013.12.19 15:05:11.342,1.06906,1.06916,3.08,2.50
2013.12.19 15:05:11.494,1.06909,1.06918,1.08,1.18
2013.12.19 15:05:11.545,1.06909,1.06918,1.18,1.10
2013.12.19 15:05:12.370,1.06908,1.06916,3.90,2.50
2013.12.19 15:05:12.622,1.06908,1.06916,3.75,2.65
2013.12.19 15:05:13.137,1.06907,1.06916,3.90,1.58
2013.12.19 15:05:13.643,1.06906,1.06916,3.83,1.50
2013.12.19 15:05:14.974,1.06908,1.06916,3.75,1.58
2013.12.19 15:05:16.345,1.0691,1.06918,1.00,4.20
2013.12.19 15:05:16.508,1.0691,1.06918,1.00,1.18
2013.12.19 15:05:23.072,1.06909,1.06918,4.58,1.18
2013.12.19 15:05:23.224,1.0691,1.06919,3.83,2.40
2013.12.19 15:05:23.785,1.0691,1.06919,3.90,2.33
2013.12.19 15:05:26.891,1.06914,1.06921,1.00,1.53
2013.12.19 15:05:26.942,1.06914,1.06921,1.10,1.00
2013.12.19 15:05:27.471,1.06914,1.06922,1.10,1.20
2013.12.19 15:05:33.052,1.06915,1.06922,1.00,1.20
2013.12.19 15:05:35.692,1.06916,1.06923,3.75,1.65
2013.12.19 15:05:35.995,1.06916,1.06925,1.58,1.65
2013.12.19 15:05:36.096,1.06916,1.06925,3.00,1.50
2013.12.19 15:05:36.497,1.06917,1.06925,2.33,1.50
2013.12.19 15:05:37.053,1.0692,1.06929,1.58,1.28
2013.12.19 15:05:37.162,1.0692,1.06929,1.65,1.13
2013.12.19 15:05:37.465,1.06925,1.0693,1.00,1.43
2013.12.19 15:05:38.004,1.06925,1.06933,1.10,1.85
2013.12.19 15:05:38.311,1.06925,1.06934,4.58,1.13
2013.12.19 15:05:38.828,1.06928,1.06935,4.13,3.00
2013.12.19 15:05:39.081,1.0693,1.06939,4.58,1.18
2013.12.19 15:05:39.636,1.06931,1.06939,3.75,1.18
2013.12.19 15:05:40.165,1.0693,1.06939,4.58,1.18
2013.12.19 15:05:40.519,1.06932,1.06939,3.75,1.18
2013.12.19 15:05:40.823,1.06929,1.06937,4.65,3.60
2013.12.19 15:05:41.355,1.06928,1.06937,1.00,4.13
2013.12.19 15:05:41.457,1.06931,1.06937,1.50,1.10
2013.12.19 15:05:41.558,1.06931,1.06939,1.77,1.08
2013.12.19 15:05:41.811,1.06931,1.06939,1.65,1.10
2013.12.19 15:05:41.862,1.06935,1.06941,1.00,1.05
2013.12.19 15:05:42.208,1.06935,1.06944,1.10,1.50
2013.12.19 15:05:42.462,1.06935,1.06944,1.00,3.68
2013.12.19 15:05:43.083,1.06933,1.06944,1.10,4.68
2013.12.19 15:05:47.060,1.06932,1.06943,1.65,2.65
2013.12.19 15:05:47.591,1.06932,1.06942,1.00,6.33
2013.12.19 15:05:48.117,1.0693,1.06942,1.18,7.69
2013.12.19 15:05:49.315,1.0693,1.06942,1.15,7.69
2013.12.19 15:05:49.869,1.06931,1.06942,1.15,4.76
2013.12.19 15:05:54.085,1.06932,1.06942,1.18,1.18
2013.12.19 15:05:57.711,1.06934,1.06943,3.75,1.15
2013.12.19 15:05:58.649,1.06933,1.06943,3.83,1.15
2013.12.19 15:05:59.404,1.06934,1.06943,3.83,1.18
2013.12.19 15:05:59.758,1.06935,1.06943,4.65,1.00
2013.12.19 15:06:00.062,1.06935,1.06943,4.58,1.10
2013.12.19 15:06:02.322,1.06932,1.06943,3.83,1.65
2013.12.19 15:06:02.373,1.06932,1.06943,1.65,1.65
2013.12.19 15:06:03.300,1.06936,1.06943,1.00,1.15
2013.12.19 15:06:03.402,1.06933,1.06943,1.18,1.18
2013.12.19 15:06:03.555,1.06936,1.06943,3.75,1.18
2013.12.19 15:06:03.757,1.06933,1.06943,4.65,1.18
2013.12.19 15:06:08.540,1.06932,1.06943,2.40,3.08
2013.12.19 15:06:09.072,1.06932,1.06943,2.33,3.08
2013.12.19 15:06:14.922,1.06932,1.06943,2.40,3.26
2013.12.19 15:06:15.023,1.06932,1.06943,4.58,1.00
2013.12.19 15:06:23.395,1.06932,1.06943,6.15,1.18
2013.12.19 15:06:25.144,1.06932,1.06943,8.33,1.00
2013.12.19 15:06:27.191,1.06937,1.06943,3.83,1.00
2013.12.19 15:06:27.292,1.0694,1.06945,3.75,1.00
2013.12.19 15:06:27.545,1.0694,1.06948,4.58,1.10
2013.12.19 15:06:28.093,1.06941,1.06948,3.75,1.10
2013.12.19 15:06:28.681,1.0694,1.06948,1.10,1.10
2013.12.19 15:06:28.994,1.06942,1.06948,3.75,1.10
2013.12.19 15:06:29.298,1.06939,1.06946,1.58,7.73
2013.12.19 15:06:29.400,1.06938,1.06946,2.85,2.65
2013.12.19 15:06:29.452,1.06938,1.06946,3.23,1.65
2013.12.19 15:06:29.604,1.06943,1.06948,3.75,1.18
2013.12.19 15:06:30.230,1.06942,1.06948,3.75,1.18
2013.12.19 15:06:31.860,1.06941,1.06948,4.88,1.18
2013.12.19 15:06:32.428,1.06939,1.06948,1.10,1.18
2013.12.19 15:06:34.142,1.0694,1.06948,1.00,1.18
2013.12.19 15:06:34.883,1.06938,1.06948,6.15,1.28
2013.12.19 15:06:35.085,1.06937,1.06945,3.90,2.50
2013.12.19 15:06:35.338,1.06935,1.06944,1.00,3.33
2013.12.19 15:06:36.102,1.06935,1.06944,1.10,1.00
2013.12.19 15:06:44.456,1.06935,1.06944,1.10,1.10
2013.12.19 15:06:45.304,1.06937,1.06945,5.25,1.65
2013.12.19 15:06:45.405,1.06938,1.06945,1.28,1.50
2013.12.19 15:06:45.507,1.06938,1.06945,3.45,1.50
2013.12.19 15:06:46.081,1.0694,1.06949,1.18,1.48
2013.12.19 15:06:46.648,1.0694,1.06949,5.40,1.10
2013.12.19 15:06:51.306,1.06941,1.06949,6.75,1.00
2013.12.19 15:06:51.407,1.06945,1.06953,1.00,1.88
2013.12.19 15:06:51.945,1.06945,1.06952,1.00,9.08
2013.12.19 15:06:52.249,1.06941,1.06949,2.25,3.48
2013.12.19 15:06:52.401,1.06937,1.06948,1.10,4.96
2013.12.19 15:06:53.373,1.06935,1.06945,1.15,2.58
2013.12.19 15:06:53.531,1.06935,1.06945,1.10,2.68
2013.12.19 15:06:53.848,1.06935,1.06945,1.15,2.33
2013.12.19 15:06:55.850,1.06935,1.06945,1.08,2.40
2013.12.19 15:06:55.901,1.06935,1.06945,1.10,2.40
2013.12.19 15:07:15.955,1.06935,1.06945,1.18,2.40
2013.12.19 15:07:17.988,1.06938,1.06945,1.00,1.65
2013.12.19 15:07:18.190,1.0694,1.06948,1.10,1.10
2013.12.19 15:07:18.389,1.0694,1.06949,3.00,1.10
2013.12.19 15:07:22.579,1.06942,1.0695,4.65,1.00
2013.12.19 15:07:22.882,1.06945,1.06954,1.00,2.33
2013.12.19 15:07:23.047,1.06945,1.06954,1.10,1.18
2013.12.19 15:07:32.506,1.06945,1.06954,1.10,5.88
2013.12.19 15:07:32.810,1.06938,1.06945,1.00,3.25
2013.12.19 15:07:32.861,1.06935,1.06945,1.18,3.25
2013.12.19 15:07:32.912,1.06935,1.06944,1.00,3.33
2013.12.19 15:07:37.428,1.06935,1.06944,1.10,1.15
2013.12.19 15:07:37.952,1.06935,1.06945,1.10,3.38
2013.12.19 15:07:40.358,1.0694,1.06945,1.00,1.10
2013.12.19 15:07:40.460,1.0694,1.06946,1.00,1.18
2013.12.19 15:07:40.561,1.06938,1.06946,1.00,2.53
2013.12.19 15:07:40.966,1.06935,1.06946,1.08,5.93
2013.12.19 15:07:41.017,1.06935,1.06946,1.00,11.86
2013.12.19 15:07:45.989,1.06935,1.06946,1.18,2.40
2013.12.19 15:08:06.139,1.06935,1.06946,1.15,3.76
2013.12.19 15:08:12.511,1.06935,1.06945,1.15,2.58
2013.12.19 15:08:12.562,1.06935,1.06945,1.15,5.58
2013.12.19 15:08:12.714,1.06935,1.06945,1.10,4.18
2013.12.19 15:08:12.815,1.06935,1.06945,1.10,2.68
2013.12.19 15:08:16.041,1.06935,1.06945,1.15,2.33
2013.12.19 15:08:18.323,1.06934,1.06941,3.38,2.13
2013.12.19 15:08:18.580,1.06932,1.06941,4.20,1.00
2013.12.19 15:08:18.681,1.06935,1.06943,1.10,1.58
2013.12.19 15:08:18.782,1.06935,1.06943,1.15,1.50
2013.12.19 15:08:18.833,1.06935,1.06945,1.15,1.58
2013.12.19 15:08:20.042,1.06934,1.06943,3.08,3.25
2013.12.19 15:08:20.193,1.06933,1.06941,1.15,2.88
2013.12.19 15:08:20.294,1.06933,1.06941,1.10,2.20
2013.12.19 15:08:21.580,1.06935,1.06943,1.00,1.53
2013.12.19 15:08:21.883,1.06935,1.06944,1.08,1.08
2013.12.19 15:08:22.085,1.06935,1.06945,1.15,2.80
2013.12.19 15:08:22.700,1.06935,1.06945,1.08,2.58
2013.12.19 15:08:22.953,1.06932,1.06941,1.08,4.20
2013.12.19 15:08:23.054,1.0693,1.06941,1.18,3.91
2013.12.19 15:08:23.155,1.06935,1.06941,1.00,2.33
2013.12.19 15:08:23.358,1.06935,1.06942,1.00,1.10
2013.12.19 15:08:23.821,1.06931,1.06942,4.20,2.95
2013.12.19 15:08:24.045,1.0693,1.06941,1.65,2.78
2013.12.19 15:08:29.812,1.0693,1.06941,1.10,9.08
2013.12.19 15:08:30.700,1.0693,1.06939,1.10,9.00
2013.12.19 15:08:31.004,1.06926,1.06932,2.18,2.58
2013.12.19 15:08:31.054,1.0692,1.06932,4.58,2.65
2013.12.19 15:08:32.970,1.0692,1.06932,1.18,4.86
2013.12.19 15:08:41.059,1.0692,1.06928,1.10,3.38
2013.12.19 15:08:41.160,1.06916,1.06926,2.40,2.65
2013.12.19 15:08:41.261,1.06915,1.06925,1.00,5.33
2013.12.19 15:08:41.943,1.06915,1.06925,1.18,4.00
2013.12.19 15:08:42.480,1.06915,1.06925,1.18,3.76
2013.12.19 15:08:43.410,1.06914,1.06925,1.10,5.18
2013.12.19 15:08:46.009,1.06914,1.06925,1.15,3.01
2013.12.19 15:08:46.811,1.06914,1.06925,1.15,1.50
2013.12.19 15:08:47.114,1.06918,1.06926,2.33,1.50
2013.12.19 15:08:50.673,1.06918,1.06926,1.15,1.50
2013.12.19 15:08:51.182,1.06918,1.06926,1.18,1.50
2013.12.19 15:08:56.823,1.06919,1.0693,1.10,4.95
2013.12.19 15:08:57.127,1.06921,1.0693,1.15,1.00
2013.12.19 15:08:57.783,1.06921,1.06931,1.15,1.10
2013.12.19 15:08:58.646,1.0692,1.06931,3.08,1.18
2013.12.19 15:08:58.697,1.0692,1.06931,1.18,1.15
2013.12.19 15:09:03.189,1.0692,1.06931,1.00,5.26
2013.12.19 15:09:03.724,1.06919,1.06931,1.58,6.01
2013.12.19 15:09:06.564,1.06919,1.06931,2.55,6.01
2013.12.19 15:09:06.770,1.06924,1.06933,1.10,1.65
2013.12.19 15:09:07.607,1.06921,1.06933,3.08,2.65
2013.12.19 15:09:08.074,1.06919,1.06931,1.18,4.08
2013.12.19 15:09:09.154,1.06919,1.06931,1.18,7.08
2013.12.19 15:09:09.205,1.06919,1.06927,1.10,3.75
2013.12.19 15:09:09.357,1.06915,1.06926,3.08,4.43
2013.12.19 15:09:09.459,1.06914,1.06924,1.10,2.41
2013.12.19 15:09:19.796,1.06907,1.06917,1.88,2.50
2013.12.19 15:09:19.847,1.06907,1.06914,1.50,2.26
2013.12.19 15:09:19.898,1.06907,1.06913,1.50,2.26
2013.12.19 15:09:19.999,1.06903,1.06911,2.40,2.50
2013.12.19 15:09:20.100,1.06902,1.0691,3.45,2.73
2013.12.19 15:09:20.403,1.06899,1.06908,2.33,2.88
2013.12.19 15:09:21.306,1.06899,1.06908,2.33,2.13
2013.12.19 15:09:21.357,1.06899,1.06909,3.08,1.35
2013.12.19 15:09:24.796,1.06899,1.06906,2.93,3.23
2013.12.19 15:09:24.847,1.06895,1.06902,3.75,2.13
2013.12.19 15:09:24.898,1.06895,1.06901,4.20,2.13
2013.12.19 15:09:25.050,1.06896,1.06901,1.50,1.13
2013.12.19 15:09:25.354,1.06897,1.06905,1.18,1.00
2013.12.19 15:09:30.838,1.06897,1.06904,1.10,2.26
2013.12.19 15:09:30.939,1.06894,1.06904,4.95,3.53
2013.12.19 15:09:30.990,1.06894,1.06901,4.58,2.88
2013.12.19 15:09:31.092,1.06894,1.06901,1.10,1.13
2013.12.19 15:09:31.616,1.06894,1.06901,1.00,1.18
2013.12.19 15:09:33.134,1.0689,1.06901,1.15,1.65
2013.12.19 15:09:33.235,1.06889,1.06901,1.18,4.86
2013.12.19 15:09:35.315,1.06887,1.069,3.08,5.23
2013.12.19 15:09:35.366,1.06887,1.06899,1.18,4.08
2013.12.19 15:09:42.814,1.06888,1.06899,2.55,4.08
2013.12.19 15:09:43.168,1.06892,1.069,1.65,1.00
2013.12.19 15:09:43.785,1.06892,1.069,2.03,1.00
2013.12.19 15:09:43.836,1.06898,1.06902,1.00,1.10
2013.12.19 15:09:43.937,1.06898,1.06903,1.00,4.88
2013.12.19 15:09:44.450,1.06897,1.06904,1.15,1.00
2013.12.19 15:09:48.013,1.06895,1.06904,1.18,1.10
2013.12.19 15:09:51.670,1.069,1.06906,1.00,3.90
2013.12.19 15:09:51.823,1.069,1.06909,1.10,1.65
2013.12.19 15:09:52.443,1.069,1.06909,1.10,1.65
2013.12.19 15:09:52.836,1.069,1.06909,1.10,2.50
2013.12.19 15:09:52.988,1.06897,1.06905,1.65,7.51
2013.12.19 15:09:53.039,1.06897,1.06904,1.58,8.71
2013.12.19 15:09:53.241,1.06892,1.06904,2.40,12.68
2013.12.19 15:09:54.238,1.06892,1.06904,2.78,8.18
2013.12.19 15:09:54.289,1.06892,1.06904,4.95,6.00
2013.12.19 15:09:54.541,1.06894,1.06904,3.08,1.00
2013.12.19 15:09:54.744,1.06894,1.06904,1.18,1.18
2013.12.19 15:09:56.401,1.06894,1.06904,1.28,1.08
2013.12.19 15:09:56.951,1.06894,1.06904,3.45,1.10
2013.12.19 15:09:57.052,1.06894,1.06905,1.28,1.65
2013.12.19 15:09:59.962,1.06893,1.06904,1.15,2.50
2013.12.19 15:10:00.487,1.06892,1.06903,2.25,9.76
2013.12.19 15:10:03.363,1.06893,1.06902,1.00,8.71
2013.12.19 15:10:05.061,1.06895,1.06902,1.08,5.78
2013.12.19 15:10:05.465,1.06894,1.06903,2.33,3.75
2013.12.19 15:10:05.994,1.06895,1.06904,1.18,1.10
2013.12.19 15:10:18.233,1.06894,1.06904,1.00,5.26
2013.12.19 15:10:18.909,1.06894,1.06902,1.00,6.76
2013.12.19 15:10:29.710,1.06894,1.06904,1.20,1.45
2013.12.19 15:10:29.761,1.06894,1.06904,1.28,1.38
2013.12.19 15:10:29.812,1.06894,1.06905,3.45,2.70
2013.12.19 15:10:30.330,1.06896,1.06905,1.18,1.95
2013.12.19 15:10:32.500,1.06896,1.06905,1.00,1.65
2013.12.19 15:10:33.027,1.06899,1.06905,1.00,1.15
2013.12.19 15:10:33.330,1.06899,1.06909,1.10,1.15
2013.12.19 15:10:33.381,1.06899,1.06909,1.08,1.18
2013.12.19 15:10:33.947,1.06899,1.06909,2.03,1.10
2013.12.19 15:10:34.376,1.06899,1.06908,1.53,3.23
2013.12.19 15:10:34.734,1.06897,1.06908,1.10,9.68
2013.12.19 15:10:35.575,1.06895,1.06906,1.00,6.98
2013.12.19 15:10:36.095,1.06894,1.06902,1.10,3.70
2013.12.19 15:10:36.550,1.06891,1.06899,2.33,2.13
2013.12.19 15:10:36.651,1.06888,1.06898,1.15,2.70
2013.12.19 15:10:36.803,1.06888,1.06898,1.10,2.78
2013.12.19 15:10:46.781,1.06886,1.06895,1.53,2.50
2013.12.19 15:10:46.983,1.06884,1.06891,4.28,2.13
2013.12.19 15:10:47.135,1.06886,1.06894,1.00,1.65
2013.12.19 15:10:47.236,1.06886,1.06895,1.53,1.50
2013.12.19 15:10:50.076,1.0689,1.06895,1.08,1.00
2013.12.19 15:10:50.128,1.06893,1.069,1.00,2.25
2013.12.19 15:10:50.178,1.06893,1.069,1.58,2.25
2013.12.19 15:10:50.380,1.06896,1.06905,1.10,1.65
2013.12.19 15:10:57.951,1.06895,1.06905,1.15,1.08
2013.12.19 15:10:58.492,1.06895,1.06905,3.08,1.00
2013.12.19 15:11:02.845,1.06897,1.06905,1.00,1.18
2013.12.19 15:11:03.519,1.06897,1.06905,1.18,1.00
2013.12.19 15:11:05.711,1.06901,1.06905,2.18,1.00
2013.12.19 15:11:05.913,1.06903,1.06909,1.65,1.13
2013.12.19 15:11:06.115,1.06905,1.06915,3.75,3.45
2013.12.19 15:11:06.167,1.06905,1.06915,3.83,1.15
2013.12.19 15:11:06.610,1.06909,1.06915,1.00,1.18
2013.12.19 15:11:06.712,1.0691,1.06919,1.28,1.10
2013.12.19 15:11:06.814,1.0691,1.06919,7.20,1.00
2013.12.19 15:11:10.917,1.06915,1.06921,1.58,1.00
2013.12.19 15:11:11.221,1.06921,1.06927,1.08,4.50
2013.12.19 15:11:11.322,1.06921,1.06931,1.18,1.93
2013.12.19 15:11:11.373,1.0692,1.0693,1.08,3.55
2013.12.19 15:11:11.525,1.0692,1.06928,1.10,3.18
2013.12.19 15:11:13.337,1.0692,1.06927,1.10,2.50
2013.12.19 15:11:14.663,1.0692,1.06927,1.00,1.00
2013.12.19 15:11:17.309,1.06916,1.06925,4.20,5.48
2013.12.19 15:11:17.360,1.06915,1.06921,2.25,2.80
2013.12.19 15:11:17.410,1.06911,1.06918,8.18,3.26
2013.12.19 15:11:17.461,1.06912,1.06918,1.00,4.43
2013.12.19 15:11:17.512,1.06905,1.06916,2.33,5.95
2013.12.19 15:11:17.563,1.06904,1.06916,1.58,11.26
2013.12.19 15:11:19.428,1.06907,1.06916,1.00,1.18
2013.12.19 15:11:19.779,1.0691,1.06918,3.08,1.00
2013.12.19 15:11:20.034,1.06914,1.06923,1.00,1.15
2013.12.19 15:11:20.850,1.06918,1.06924,1.00,1.58
2013.12.19 15:11:21.154,1.06911,1.0692,4.50,5.13
2013.12.19 15:11:21.205,1.06911,1.06918,4.50,5.30
2013.12.19 15:11:21.256,1.06906,1.06918,3.08,5.78
2013.12.19 15:11:21.307,1.06904,1.06914,1.28,1.00
2013.12.19 15:11:21.610,1.06906,1.06916,4.88,3.08
2013.12.19 15:11:21.661,1.06908,1.06916,1.00,2.33
2013.12.19 15:11:21.763,1.06908,1.06917,3.08,1.50
2013.12.19 15:11:21.813,1.06908,1.06917,3.08,2.50
2013.12.19 15:11:21.965,1.06909,1.06917,1.10,1.00
2013.12.19 15:11:22.729,1.06906,1.06916,1.10,2.31
2013.12.19 15:11:23.239,1.06905,1.06916,3.08,1.10
2013.12.19 15:11:24.376,1.06905,1.06914,2.18,2.20
2013.12.19 15:11:24.427,1.06903,1.06913,2.03,2.20
2013.12.19 15:11:24.480,1.06903,1.06913,1.95,2.28
2013.12.19 15:11:25.879,1.06903,1.06912,1.48,2.50
2013.12.19 15:11:29.609,1.06903,1.06912,1.00,5.08
2013.12.19 15:11:30.548,1.06904,1.06912,1.00,4.33
2013.12.19 15:11:30.752,1.06904,1.06914,1.58,1.53
2013.12.19 15:11:31.272,1.06905,1.06915,1.00,3.45
2013.12.19 15:11:31.374,1.06905,1.06915,3.83,1.13
2013.12.19 15:11:34.825,1.06908,1.06915,1.18,1.00
2013.12.19 15:11:34.926,1.06909,1.06921,1.18,5.10
2013.12.19 15:11:36.087,1.06909,1.0692,1.18,2.50
2013.12.19 15:11:36.228,1.06908,1.06919,1.10,4.83
2013.12.19 15:11:36.778,1.06908,1.06919,1.58,4.10
2013.12.19 15:11:37.813,1.06908,1.06917,1.10,3.28
2013.12.19 15:11:37.864,1.06906,1.06915,1.08,3.93
2013.12.19 15:11:37.965,1.06905,1.06914,1.10,2.78
2013.12.19 15:11:38.117,1.06905,1.06914,1.10,1.18
2013.12.19 15:11:38.370,1.06909,1.06914,1.00,1.10
2013.12.19 15:11:38.774,1.06904,1.06914,1.00,3.83
2013.12.19 15:11:38.876,1.06909,1.06914,1.50,1.18
2013.12.19 15:11:38.977,1.06909,1.06917,1.50,1.28
2013.12.19 15:11:40.036,1.06909,1.06917,1.00,4.00
2013.12.19 15:11:40.137,1.06904,1.06916,1.15,2.68
2013.12.19 15:11:40.239,1.06904,1.06916,1.15,3.78
2013.12.19 15:11:40.340,1.06904,1.06915,1.15,5.68
2013.12.19 15:11:40.443,1.06904,1.06914,1.15,4.83
2013.12.19 15:11:40.494,1.06904,1.06914,1.10,5.68
2013.12.19 15:11:42.390,1.06901,1.06912,3.45,2.71
2013.12.19 15:11:42.491,1.06901,1.06912,1.55,4.88
2013.12.19 15:11:42.794,1.06907,1.06916,1.18,1.58
2013.12.19 15:11:43.249,1.06909,1.0692,1.58,2.93
2013.12.19 15:11:43.552,1.06913,1.0692,1.00,3.68
2013.12.19 15:11:43.603,1.06914,1.06921,1.00,1.75
2013.12.19 15:11:43.705,1.06914,1.06922,1.00,5.03
2013.12.19 15:11:46.646,1.06915,1.06924,1.00,4.05
2013.12.19 15:11:46.899,1.06915,1.06925,1.18,3.75
2013.12.19 15:11:46.950,1.06915,1.06925,1.10,5.93
2013.12.19 15:11:48.566,1.06915,1.06924,1.00,3.63
2013.12.19 15:11:49.088,1.06914,1.06921,1.00,2.15
2013.12.19 15:11:55.864,1.06915,1.06922,1.35,2.70
2013.12.19 15:11:55.965,1.06918,1.06925,1.00,1.10
2013.12.19 15:11:56.405,1.06921,1.06925,1.00,1.10
2013.12.19 15:11:58.415,1.06917,1.06925,1.10,1.10
2013.12.19 15:11:59.126,1.06917,1.06925,1.10,1.18
2013.12.19 15:11:59.228,1.06915,1.06925,1.00,4.08
2013.12.19 15:11:59.380,1.06914,1.06923,1.10,3.40
2013.12.19 15:11:59.790,1.06913,1.06921,2.33,2.50
2013.12.19 15:11:59.891,1.06911,1.06918,1.00,2.65
2013.12.19 15:12:00.043,1.06909,1.06918,1.00,4.85
2013.12.19 15:12:00.642,1.06907,1.06918,1.20,4.85
2013.12.19 15:12:03.696,1.06908,1.06918,1.00,4.85
2013.12.19 15:12:04.236,1.06908,1.06918,1.18,2.65
2013.12.19 15:12:04.617,1.06908,1.06918,1.18,2.25
2013.12.19 15:12:04.870,1.06906,1.06917,2.55,6.08
2013.12.19 15:12:05.224,1.06908,1.06917,1.18,2.58
2013.12.19 15:12:08.842,1.06908,1.06917,1.58,1.10
2013.12.19 15:12:09.332,1.0691,1.06918,1.00,2.33
2013.12.19 15:12:09.484,1.0691,1.0692,1.50,3.08
2013.12.19 15:12:09.585,1.06911,1.0692,1.10,1.18
2013.12.19 15:12:09.868,1.06911,1.0692,1.10,2.65
2013.12.19 15:12:10.385,1.0691,1.0692,1.00,5.43
2013.12.19 15:12:10.639,1.0691,1.0692,1.50,3.68
2013.12.19 15:12:10.689,1.06912,1.0692,1.00,3.68
2013.12.19 15:12:11.011,1.06915,1.0692,1.08,2.18
2013.12.19 15:12:11.113,1.06918,1.06925,1.00,1.20
2013.12.19 15:12:11.622,1.06918,1.06925,1.18,1.00
2013.12.19 15:12:11.723,1.0692,1.06926,1.15,1.00
2013.12.19 15:12:11.976,1.0692,1.0693,1.15,2.33
2013.12.19 15:12:12.182,1.0692,1.0693,1.08,2.93
2013.12.19 15:12:13.032,1.06922,1.0693,1.10,2.55
2013.12.19 15:12:13.490,1.06922,1.0693,1.10,1.10
2013.12.19 15:12:13.860,1.06919,1.06928,3.08,2.35
2013.12.19 15:12:13.961,1.06919,1.06928,1.18,2.43
2013.12.19 15:12:14.495,1.06919,1.06928,1.00,2.50
2013.12.19 15:12:14.849,1.06921,1.06929,1.00,2.33
2013.12.19 15:12:15.101,1.06922,1.0693,1.10,1.10
2013.12.19 15:12:23.036,1.06921,1.0693,1.18,1.00
2013.12.19 15:12:25.392,1.06921,1.0693,1.18,4.58
2013.12.19 15:12:26.201,1.0692,1.0693,1.15,5.18
2013.12.19 15:12:26.252,1.0692,1.0693,1.08,7.43
2013.12.19 15:12:26.556,1.06917,1.06924,6.15,4.38
2013.12.19 15:12:26.986,1.06917,1.06922,6.00,4.81
2013.12.19 15:12:27.218,1.06914,1.0692,1.00,3.18
2013.12.19 15:12:27.514,1.06907,1.06919,1.28,4.75
2013.12.19 15:12:28.301,1.06908,1.06918,1.18,2.50
2013.12.19 15:12:33.454,1.06908,1.06918,1.65,1.00
2013.12.19 15:12:38.639,1.06912,1.0692,1.00,3.08
2013.12.19 15:12:39.157,1.06912,1.06921,1.10,1.55
2013.12.19 15:12:41.650,1.06912,1.06921,1.10,1.58
2013.12.19 15:12:43.213,1.06912,1.06922,1.10,1.65
2013.12.19 15:12:50.022,1.0691,1.06922,1.65,2.78
2013.12.19 15:12:50.580,1.0691,1.06922,1.65,2.03
2013.12.19 15:12:51.880,1.0691,1.06922,1.65,2.68
2013.12.19 15:12:56.401,1.0691,1.06921,1.15,2.65
2013.12.19 15:12:56.704,1.06905,1.06916,1.18,6.05
2013.12.19 15:12:56.806,1.06905,1.06915,1.10,4.83
2013.12.19 15:12:58.249,1.06905,1.06914,1.00,6.38
2013.12.19 15:13:01.765,1.06905,1.06914,1.00,2.40
2013.12.19 15:13:05.319,1.06907,1.06914,1.00,2.03
2013.12.19 15:13:05.421,1.0691,1.06914,1.00,1.00
2013.12.19 15:13:05.522,1.0691,1.06916,1.00,5.33
2013.12.19 15:13:05.927,1.06908,1.06916,1.10,1.00
2013.12.19 15:13:06.876,1.06905,1.06915,3.83,2.50
2013.12.19 15:13:07.250,1.06905,1.06915,1.58,3.90
2013.12.19 15:13:07.311,1.06905,1.06915,1.50,6.08
2013.12.19 15:13:09.508,1.06905,1.06915,1.00,9.76
2013.12.19 15:13:09.660,1.06908,1.06915,1.00,4.58
2013.12.19 15:13:13.522,1.06908,1.06915,1.08,1.00
2013.12.19 15:13:13.624,1.0691,1.0692,1.00,8.70
2013.12.19 15:13:13.826,1.0691,1.0692,1.18,1.65
2013.12.19 15:13:21.589,1.0691,1.0692,1.10,3.33
2013.12.19 15:13:21.893,1.06911,1.0692,1.10,1.10
2013.12.19 15:13:22.969,1.06911,1.0692,1.00,3.33
2013.12.19 15:13:23.195,1.06909,1.0692,2.33,3.33
2013.12.19 15:13:24.305,1.06909,1.0692,1.65,1.10
2013.12.19 15:13:25.453,1.06909,1.0692,1.18,4.08
2013.12.19 15:13:25.983,1.06909,1.0692,1.58,3.33
2013.12.19 15:13:30.408,1.06909,1.06919,1.10,3.25
2013.12.19 15:13:30.999,1.06908,1.06918,1.00,4.08
2013.12.19 15:13:36.207,1.06908,1.06918,1.00,4.10
2013.12.19 15:13:36.513,1.06908,1.06918,1.15,1.00
2013.12.19 15:13:37.083,1.0691,1.0692,1.10,2.03
2013.12.19 15:13:41.138,1.06911,1.0692,1.00,1.15
2013.12.19 15:13:43.323,1.0691,1.0692,1.58,1.15
2013.12.19 15:13:45.224,1.06911,1.0692,1.00,1.15
2013.12.19 15:13:47.828,1.06911,1.06919,1.00,2.28
2013.12.19 15:13:48.349,1.06909,1.06919,3.08,2.13
2013.12.19 15:13:49.894,1.06911,1.0692,1.18,1.10
2013.12.19 15:13:50.109,1.06915,1.06921,1.50,1.28
2013.12.19 15:13:50.412,1.06915,1.06925,2.03,1.10
2013.12.19 15:13:50.630,1.06914,1.06924,6.38,2.88
2013.12.19 15:13:50.732,1.06912,1.06924,3.08,3.03
2013.12.19 15:13:51.291,1.06911,1.06923,1.65,4.85
2013.12.19 15:13:53.934,1.06911,1.06921,1.50,3.33
2013.12.19 15:13:54.914,1.06907,1.06918,3.08,3.18
2013.12.19 15:13:55.066,1.06907,1.06917,1.00,4.11
2013.12.19 15:13:56.423,1.06908,1.06917,1.00,4.11
2013.12.19 15:13:57.198,1.06908,1.06917,1.18,1.00
2013.12.19 15:13:58.670,1.06908,1.06917,1.00,2.30
2013.12.19 15:13:59.178,1.06907,1.06917,1.10,2.30
2013.12.19 15:13:59.616,1.06906,1.06915,1.13,5.26
2013.12.19 15:14:01.730,1.06906,1.06915,1.13,3.08
2013.12.19 15:14:02.565,1.06906,1.06915,1.00,6.38
2013.12.19 15:14:02.869,1.06905,1.06913,1.00,5.63
2013.12.19 15:14:08.417,1.06905,1.06913,2.25,2.33
2013.12.19 15:14:08.721,1.06906,1.06915,1.00,1.15
2013.12.19 15:14:08.973,1.06905,1.06915,1.00,6.01
2013.12.19 15:14:10.432,1.06905,1.06914,1.00,7.13
2013.12.19 15:14:17.926,1.06905,1.06914,1.88,4.51
2013.12.19 15:14:18.308,1.06908,1.06914,1.00,4.43
2013.12.19 15:14:18.510,1.06909,1.06916,1.00,4.58
2013.12.19 15:14:18.612,1.06911,1.06916,1.38,2.93
2013.12.19 15:14:18.713,1.06911,1.0692,1.38,4.58
2013.12.19 15:14:19.226,1.06911,1.0692,1.00,4.58
2013.12.19 15:14:19.428,1.06908,1.06919,1.13,3.25
2013.12.19 15:14:19.933,1.06908,1.06917,1.00,4.11
2013.12.19 15:14:20.736,1.06908,1.06916,1.00,3.33
2013.12.19 15:14:21.274,1.06908,1.06916,1.00,1.18
2013.12.19 15:14:23.660,1.06908,1.06916,1.00,3.36
2013.12.19 15:14:23.815,1.0691,1.06916,1.00,2.33
2013.12.19 15:14:24.017,1.0691,1.06918,1.00,1.18
2013.12.19 15:14:24.543,1.0691,1.06918,1.00,3.08
2013.12.19 15:14:25.313,1.0691,1.06918,1.00,1.15
2013.12.19 15:14:26.975,1.0691,1.0692,1.00,3.83
2013.12.19 15:14:31.102,1.06908,1.06919,1.18,3.00
2013.12.19 15:14:31.405,1.06907,1.06916,1.00,3.83
2013.12.19 15:14:31.913,1.06905,1.06916,2.70,3.83
2013.12.19 15:14:39.053,1.06909,1.06916,1.00,3.33
2013.12.19 15:14:39.156,1.0691,1.06918,1.00,3.08
2013.12.19 15:14:41.059,1.06909,1.06918,1.00,4.06
2013.12.19 15:14:41.163,1.06906,1.06916,1.00,3.70
2013.12.19 15:14:41.264,1.06906,1.06914,1.00,4.21
2013.12.19 15:14:41.568,1.06903,1.06911,2.25,4.10
2013.12.19 15:14:41.770,1.06905,1.06911,1.50,1.18
2013.12.19 15:14:41.871,1.06905,1.06914,1.50,1.15
2013.12.19 15:14:42.225,1.06905,1.06914,1.18,1.10
2013.12.19 15:14:44.243,1.06908,1.06914,1.00,1.10
2013.12.19 15:14:44.332,1.06905,1.06914,1.65,1.10
2013.12.19 15:14:44.484,1.06908,1.06914,1.00,1.10
2013.12.19 15:14:45.083,1.0691,1.06914,1.00,1.10
2013.12.19 15:14:45.389,1.0691,1.06917,1.00,1.10
2013.12.19 15:14:45.518,1.0691,1.06917,1.00,1.10
2013.12.19 15:14:50.283,1.06908,1.06917,2.40,2.58
2013.12.19 15:14:50.536,1.06905,1.06917,5.40,5.33
2013.12.19 15:14:51.985,1.06905,1.06916,1.18,4.28
2013.12.19 15:14:52.521,1.06905,1.06916,1.00,16.51
2013.12.19 15:14:56.566,1.06905,1.06916,1.38,10.51
2013.12.19 15:14:56.616,1.0691,1.06916,1.00,3.15
2013.12.19 15:14:56.891,1.0691,1.06919,1.00,5.33
2013.12.19 15:14:56.942,1.0691,1.06919,1.10,3.15
2013.12.19 15:14:57.297,1.0691,1.06919,1.10,2.65
2013.12.19 15:14:57.500,1.06907,1.06916,1.00,3.83
2013.12.19 15:14:57.702,1.06905,1.06916,1.58,3.83
2013.12.19 15:15:01.666,1.06905,1.06914,1.00,4.58
2013.12.19 15:15:06.102,1.06905,1.06914,1.10,1.65
2013.12.19 15:15:06.679,1.06905,1.06914,1.10,1.58
2013.12.19 15:15:12.579,1.0691,1.06914,1.00,1.10
2013.12.19 15:15:13.071,1.0691,1.06919,1.00,4.20
2013.12.19 15:15:13.121,1.06912,1.06919,1.35,3.45
2013.12.19 15:15:13.424,1.06913,1.06919,1.00,2.33
2013.12.19 15:15:13.526,1.06915,1.0692,1.00,3.83
2013.12.19 15:15:14.148,1.06914,1.0692,1.00,3.83
2013.12.19 15:15:15.145,1.06914,1.0692,1.00,3.75
2013.12.19 15:15:16.891,1.06914,1.0692,1.00,3.75
2013.12.19 15:15:17.323,1.06914,1.06922,1.00,6.53
2013.12.19 15:15:17.575,1.06912,1.06921,1.43,5.40
2013.12.19 15:15:17.677,1.06909,1.06919,2.93,6.38
2013.12.19 15:15:17.980,1.06909,1.06916,2.18,9.46
2013.12.19 15:15:18.031,1.06904,1.06916,1.28,11.70
2013.12.19 15:15:18.081,1.06908,1.06915,1.00,6.91
2013.12.19 15:15:18.385,1.06904,1.06914,1.28,2.78
2013.12.19 15:15:18.587,1.06904,1.06914,1.00,7.13
2013.12.19 15:15:19.818,1.06906,1.06914,1.50,5.63
2013.12.19 15:15:20.020,1.06908,1.06917,2.10,1.15
2013.12.19 15:15:20.526,1.06907,1.06917,1.10,1.10
2013.12.19 15:15:20.779,1.06904,1.06914,1.38,5.26
2013.12.19 15:15:21.310,1.06904,1.06914,1.00,5.26
2013.12.19 15:15:23.093,1.06902,1.06911,1.05,2.28
2013.12.19 15:15:23.195,1.06899,1.06911,3.38,4.96
2013.12.19 15:15:23.707,1.06899,1.06911,1.88,5.23
2013.12.19 15:15:26.050,1.06902,1.06911,2.10,6.35
2013.12.19 15:15:27.297,1.06902,1.06911,3.98,2.70
2013.12.19 15:15:27.399,1.06908,1.06913,1.00,1.10
2013.12.19 15:15:27.905,1.06903,1.06913,2.03,2.33
2013.12.19 15:15:28.057,1.06902,1.06913,1.50,7.18
2013.12.19 15:15:30.769,1.06902,1.06913,1.90,2.40
2013.12.19 15:15:36.302,1.06904,1.06914,1.30,1.18
2013.12.19 15:15:36.403,1.06905,1.06914,3.00,1.00
2013.12.19 15:15:36.928,1.06905,1.06915,7.50,1.10
2013.12.19 15:15:45.712,1.06905,1.06915,3.68,3.00
2013.12.19 15:15:45.864,1.06903,1.06915,1.58,5.33
2013.12.19 15:15:45.915,1.06902,1.06915,2.43,5.71
2013.12.19 15:15:46.268,1.06902,1.06914,1.23,6.76
2013.12.19 15:15:46.773,1.069,1.06911,3.08,4.96
2013.12.19 15:15:46.824,1.069,1.0691,1.50,4.58
2013.12.19 15:15:47.506,1.06898,1.0691,3.78,4.58
2013.12.19 15:15:49.932,1.06898,1.0691,1.48,7.13
2013.12.19 15:15:50.437,1.06898,1.06909,1.38,6.76
2013.12.19 15:15:50.538,1.06898,1.06909,1.53,2.40
2013.12.19 15:15:55.255,1.069,1.06909,3.83,2.68
2013.12.19 15:15:55.756,1.06898,1.06909,5.55,4.83
2013.12.19 15:15:56.580,1.06898,1.06909,1.80,4.83
2013.12.19 15:15:56.782,1.0689,1.06899,8.40,2.50
2013.12.19 15:15:56.898,1.0689,1.06899,8.33,2.78
2013.12.19 15:15:56.999,1.0689,1.06899,8.25,4.96
2013.12.19 15:15:57.372,1.06888,1.06899,1.10,4.96
2013.12.19 15:16:00.578,1.06891,1.06899,2.10,4.88
2013.12.19 15:16:00.730,1.06892,1.069,1.90,1.00
2013.12.19 15:16:00.781,1.06895,1.06903,1.00,1.65
2013.12.19 15:16:00.832,1.06895,1.06903,1.10,1.10
2013.12.19 15:16:01.448,1.06896,1.06903,3.75,1.10
2013.12.19 15:16:01.550,1.06898,1.06903,1.35,1.10
2013.12.19 15:16:01.803,1.069,1.06907,4.28,1.00
2013.12.19 15:16:03.341,1.06901,1.06907,3.83,2.50
2013.12.19 15:16:03.442,1.06896,1.06905,5.03,2.58
2013.12.19 15:16:03.493,1.06897,1.06905,1.10,2.58
2013.12.19 15:16:03.595,1.06893,1.06905,1.65,4.18
2013.12.19 15:16:03.645,1.06893,1.06903,1.00,5.26
2013.12.19 15:16:03.898,1.06894,1.06903,1.00,1.15
2013.12.19 15:16:04.000,1.06894,1.06903,4.65,1.10
2013.12.19 15:16:05.110,1.06898,1.06905,1.34,1.15
2013.12.19 15:16:05.255,1.06898,1.06907,8.95,1.00
2013.12.19 15:16:06.424,1.069,1.06907,3.75,1.18
2013.12.19 15:16:06.727,1.06898,1.06907,1.60,1.18
2013.12.19 15:16:09.319,1.06899,1.06908,1.00,1.15
2013.12.19 15:16:09.473,1.06899,1.06908,1.68,1.08
2013.12.19 15:16:09.995,1.06899,1.06908,1.75,1.00
2013.12.19 15:16:11.222,1.06899,1.06908,1.18,1.08
2013.12.19 15:16:11.747,1.06899,1.06908,1.10,1.18
2013.12.19 15:16:12.222,1.06899,1.06908,2.40,1.00
2013.12.19 15:16:20.547,1.069,1.06908,1.15,1.00
2013.12.19 15:16:21.178,1.069,1.06908,3.08,1.00
2013.12.19 15:16:21.795,1.069,1.06909,3.08,1.00
2013.12.19 15:16:22.104,1.06907,1.06913,1.35,1.45
2013.12.19 15:16:22.205,1.06908,1.06914,1.40,1.48
2013.12.19 15:16:22.711,1.06908,1.06916,1.40,6.15
2013.12.19 15:16:23.230,1.06908,1.06916,1.40,2.40
2013.12.19 15:16:23.752,1.06908,1.06917,1.90,4.65
2013.12.19 15:16:24.493,1.0691,1.06918,1.23,5.33
2013.12.19 15:16:24.544,1.0691,1.06918,1.30,5.25
2013.12.19 15:16:24.746,1.06911,1.06919,1.08,1.00
2013.12.19 15:16:29.802,1.06911,1.06919,1.08,1.08
2013.12.19 15:16:30.308,1.06911,1.06919,1.00,1.18
2013.12.19 15:16:30.611,1.06915,1.06921,1.00,2.33
2013.12.19 15:16:30.712,1.06915,1.06923,1.00,1.15
2013.12.19 15:16:30.864,1.06918,1.06924,1.00,2.70
2013.12.19 15:16:30.965,1.06918,1.06926,1.50,6.45
2013.12.19 15:16:33.320,1.0692,1.06928,1.00,3.08
2013.12.19 15:16:33.838,1.06918,1.06928,1.00,5.45
2013.12.19 15:16:33.989,1.06915,1.06927,1.08,14.33
2013.12.19 15:16:34.654,1.06915,1.06926,1.00,7.50
2013.12.19 15:16:39.597,1.06916,1.06925,1.35,5.60
2013.12.19 15:16:39.900,1.0692,1.06925,1.00,1.18
2013.12.19 15:16:41.050,1.06918,1.06925,1.00,1.65
2013.12.19 15:16:41.101,1.06916,1.06925,1.10,2.78
2013.12.19 15:16:41.202,1.06915,1.06925,1.18,3.40
2013.12.19 15:16:41.720,1.06915,1.06924,1.00,4.11
2013.12.19 15:16:51.795,1.06915,1.06924,1.10,6.03
2013.12.19 15:16:52.663,1.06915,1.06923,1.00,5.31
2013.12.19 15:16:54.780,1.06912,1.06922,1.10,1.50
2013.12.19 15:16:54.882,1.06905,1.06914,3.45,2.20
2013.12.19 15:16:55.085,1.0691,1.06914,1.00,1.10
2013.12.19 15:16:55.389,1.06912,1.06916,1.35,1.10
2013.12.19 15:16:55.541,1.06915,1.0692,1.00,1.00
2013.12.19 15:17:06.618,1.06915,1.0692,1.13,1.00
2013.12.19 15:17:06.669,1.06919,1.06925,1.00,5.78
2013.12.19 15:17:07.325,1.06918,1.06925,1.00,6.90
2013.12.19 15:17:07.375,1.06915,1.06925,2.40,7.90
2013.12.19 15:17:08.053,1.06915,1.06925,1.00,10.48
2013.12.19 15:17:08.392,1.06914,1.06923,1.00,3.33
2013.12.19 15:17:09.420,1.06914,1.06923,1.00,8.70
2013.12.19 15:17:09.723,1.06911,1.06919,1.00,7.50
2013.12.19 15:17:09.825,1.06909,1.06919,1.00,7.50
2013.12.19 15:17:10.027,1.06909,1.06919,1.18,3.15
2013.12.19 15:17:10.330,1.06912,1.06919,1.00,1.10
2013.12.19 15:17:10.640,1.06914,1.0692,1.00,1.10
2013.12.19 15:17:14.143,1.06913,1.0692,1.00,1.10
2013.12.19 15:17:23.692,1.06915,1.0692,1.00,1.10
2013.12.19 15:17:53.821,1.06913,1.0692,1.00,1.18
2013.12.19 15:17:54.333,1.06913,1.0692,1.00,1.15
2013.12.19 15:18:02.079,1.06914,1.0692,1.00,1.15
2013.12.19 15:18:03.951,1.06915,1.0692,1.00,1.08
2013.12.19 15:18:06.700,1.06915,1.0692,1.00,1.10
2013.12.19 15:18:09.679,1.06915,1.0692,1.00,1.18
2013.12.19 15:18:14.082,1.06915,1.0692,1.00,1.10
2013.12.19 15:18:35.808,1.06911,1.0692,2.25,2.33
2013.12.19 15:18:35.860,1.0691,1.0692,2.03,2.58
2013.12.19 15:18:36.187,1.0691,1.06919,1.13,4.11
2013.12.19 15:18:43.728,1.06908,1.06919,2.18,4.58
2013.12.19 15:18:44.267,1.06908,1.06918,2.10,6.01
2013.12.19 15:18:44.795,1.06908,1.06917,1.13,10.96
2013.12.19 15:18:44.897,1.06905,1.06915,1.18,2.65
2013.12.19 15:18:44.948,1.06904,1.06912,1.15,2.50
2013.12.19 15:18:45.050,1.06902,1.06912,2.48,5.58
2013.12.19 15:18:46.068,1.06902,1.06911,1.13,2.65
2013.12.19 15:18:46.635,1.06899,1.0691,1.42,5.33
2013.12.19 15:18:49.659,1.069,1.0691,1.30,6.08
2013.12.19 15:18:52.253,1.06898,1.06908,1.73,4.08
2013.12.19 15:18:52.937,1.06898,1.06908,1.73,4.08
2013.12.19 15:19:05.174,1.06899,1.06908,4.13,4.08
2013.12.19 15:19:07.048,1.06898,1.06908,1.50,4.08
2013.12.19 15:19:09.520,1.06898,1.06908,2.25,1.10
2013.12.19 15:19:10.877,1.06898,1.06907,2.25,2.58
2013.12.19 15:19:11.001,1.06898,1.06906,1.65,7.98
2013.12.19 15:19:11.519,1.06898,1.06905,1.50,5.78
2013.12.19 15:19:31.554,1.06898,1.06905,1.00,2.20
2013.12.19 15:19:31.756,1.0689,1.069,7.95,3.00
2013.12.19 15:19:32.317,1.06889,1.069,1.10,4.86
2013.12.19 15:19:32.822,1.06889,1.06899,1.10,4.08
2013.12.19 15:19:33.075,1.06886,1.06897,1.28,2.65
2013.12.19 15:19:33.579,1.06886,1.06896,1.00,5.61
2013.12.19 15:19:37.547,1.0689,1.06896,1.00,3.76
2013.12.19 15:19:37.749,1.0689,1.06897,1.00,1.15
2013.12.19 15:19:43.854,1.06888,1.06897,1.00,2.65
2013.12.19 15:19:43.905,1.0689,1.06896,3.75,2.58
2013.12.19 15:19:44.006,1.06887,1.06896,3.83,2.60
2013.12.19 15:19:44.158,1.06886,1.06896,5.33,3.05
2013.12.19 15:19:44.806,1.06887,1.06896,3.75,3.43
2013.12.19 15:19:46.165,1.06887,1.06895,3.75,2.65
2013.12.19 15:19:46.683,1.06886,1.06895,5.63,4.86
2013.12.19 15:19:49.174,1.06888,1.06897,1.00,1.15
2013.12.19 15:19:49.744,1.06889,1.06897,3.75,1.15
2013.12.19 15:19:50.999,1.06888,1.06897,4.50,1.15
2013.12.19 15:19:56.037,1.06888,1.06897,1.60,1.15
2013.12.19 15:19:56.269,1.06888,1.06897,5.25,1.00
2013.12.19 15:19:56.988,1.06889,1.06898,4.50,1.58
2013.12.19 15:19:57.702,1.06891,1.06898,3.83,1.10
2013.12.19 15:19:58.232,1.0689,1.06898,3.83,1.58
2013.12.19 15:20:00.466,1.06891,1.06898,3.75,1.10
2013.12.19 15:20:01.039,1.06892,1.06898,3.75,1.10
2013.12.19 15:20:02.330,1.06891,1.06898,3.75,1.10
2013.12.19 15:20:08.804,1.06891,1.06898,3.90,1.00
2013.12.19 15:20:09.056,1.06892,1.06898,1.50,1.00
2013.12.19 15:20:09.359,1.06893,1.06902,1.88,1.20
2013.12.19 15:20:09.461,1.06894,1.06903,1.00,4.58
2013.12.19 15:20:09.612,1.06894,1.06903,5.03,1.10
2013.12.19 15:20:10.144,1.06893,1.06903,3.90,1.00
2013.12.19 15:20:10.245,1.06892,1.06903,1.58,4.08
2013.12.19 15:20:19.811,1.06892,1.06901,1.00,4.08
2013.12.19 15:20:21.305,1.06892,1.06901,1.60,3.08
2013.12.19 15:20:21.608,1.06893,1.06902,2.93,1.00
2013.12.19 15:20:21.709,1.06892,1.06902,1.00,4.08
2013.12.19 15:20:22.571,1.06895,1.06902,1.00,4.83
2013.12.19 15:20:22.673,1.06897,1.06902,1.50,1.50
2013.12.19 15:20:22.976,1.06892,1.06902,1.08,3.75
2013.12.19 15:20:23.528,1.06892,1.06902,1.00,3.83
2013.12.19 15:20:24.046,1.06892,1.06902,1.60,3.83
2013.12.19 15:20:24.097,1.06895,1.06902,1.00,3.83
2013.12.19 15:20:24.199,1.06897,1.06902,1.50,1.00
2013.12.19 15:20:24.350,1.06892,1.06903,4.43,1.95
2013.12.19 15:20:24.401,1.06892,1.06903,1.15,2.98
2013.12.19 15:20:24.452,1.06892,1.06903,1.18,3.43
2013.12.19 15:20:24.554,1.06892,1.06902,1.00,5.63
2013.12.19 15:20:27.043,1.06895,1.06902,1.00,7.88
2013.12.19 15:20:27.195,1.06897,1.06904,1.50,1.18
2013.12.19 15:20:27.599,1.06893,1.06904,2.40,2.68
2013.12.19 15:20:27.751,1.06893,1.06903,1.10,2.41
2013.12.19 15:20:28.054,1.06892,1.06902,1.00,5.63
2013.12.19 15:20:28.590,1.06897,1.06902,1.00,1.13
2013.12.19 15:20:28.893,1.06893,1.06903,2.33,1.28
2013.12.19 15:20:29.246,1.06892,1.06903,1.00,8.26
2013.12.19 15:20:30.772,1.06892,1.06901,1.00,4.51
2013.12.19 15:20:33.046,1.06891,1.06899,1.35,5.26
2013.12.19 15:20:33.620,1.06892,1.06899,1.00,1.15
2013.12.19 15:20:46.061,1.06897,1.06901,1.00,2.18
2013.12.19 15:20:46.112,1.06897,1.06901,1.50,2.18
2013.12.19 15:20:46.213,1.06897,1.06902,1.50,2.63
2013.12.19 15:20:46.728,1.06897,1.06906,1.50,4.50
2013.12.19 15:20:50.302,1.06898,1.06906,3.75,1.18
2013.12.19 15:20:50.814,1.06899,1.06907,1.20,1.28
2013.12.19 15:20:50.871,1.06899,1.06907,1.48,1.10
2013.12.19 15:20:51.375,1.06899,1.06907,1.48,1.00
2013.12.19 15:20:51.925,1.06899,1.06907,1.20,1.10
2013.12.19 15:20:54.037,1.06899,1.06907,1.13,1.08
2013.12.19 15:20:56.824,1.06899,1.06907,1.00,1.58
2013.12.19 15:20:57.026,1.0689,1.069,2.40,3.45
2013.12.19 15:20:57.127,1.0689,1.06898,2.25,2.68
2013.12.19 15:20:57.380,1.06886,1.06895,2.40,2.50
2013.12.19 15:20:57.924,1.06886,1.06894,1.58,2.68
2013.12.19 15:20:58.026,1.06885,1.06894,1.00,1.18
2013.12.19 15:21:00.574,1.06884,1.06894,1.10,3.43
2013.12.19 15:21:04.550,1.06885,1.06894,3.75,1.65
2013.12.19 15:21:06.039,1.06886,1.06895,3.75,4.68
2013.12.19 15:21:06.407,1.06884,1.06895,5.33,4.93
2013.12.19 15:21:07.657,1.06884,1.06895,5.40,2.50
2013.12.19 15:21:11.456,1.06884,1.06895,4.95,2.78
2013.12.19 15:21:11.506,1.06884,1.06895,4.95,4.93
2013.12.19 15:21:11.557,1.06887,1.06895,1.00,4.83
2013.12.19 15:21:11.658,1.06888,1.06895,1.13,1.08
2013.12.19 15:21:11.759,1.06888,1.06897,1.20,1.65
2013.12.19 15:21:15.034,1.06888,1.06897,4.58,3.40
2013.12.19 15:21:15.388,1.06886,1.06895,4.50,4.75
2013.12.19 15:21:15.913,1.06885,1.06895,1.10,3.25
2013.12.19 15:21:17.358,1.06888,1.06895,1.00,2.40
2013.12.19 15:21:19.587,1.06886,1.06895,4.58,3.18
2013.12.19 15:21:19.739,1.06885,1.06893,1.10,4.40
2013.12.19 15:21:19.891,1.06882,1.06893,5.18,1.20
2013.12.19 15:21:22.511,1.06886,1.06895,1.10,1.21
2013.12.19 15:21:22.612,1.06886,1.06895,1.18,1.23
2013.12.19 15:21:24.257,1.06886,1.06895,1.08,1.31
2013.12.19 15:21:24.714,1.06885,1.06895,1.10,3.25
2013.12.19 15:21:34.547,1.06882,1.06893,2.33,8.63
2013.12.19 15:21:34.598,1.06882,1.06892,2.25,4.75
2013.12.19 15:21:35.099,1.0688,1.06891,1.55,6.48
2013.12.19 15:21:35.251,1.0688,1.0689,1.00,7.93
2013.12.19 15:21:39.843,1.0688,1.0689,6.38,1.10
2013.12.19 15:21:40.263,1.06881,1.0689,1.00,3.43
2013.12.19 15:21:47.619,1.0688,1.0689,1.50,7.08
2013.12.19 15:21:56.677,1.0688,1.0689,1.88,7.58
2013.12.19 15:21:58.794,1.0688,1.0689,1.00,8.58
2013.12.19 15:22:05.800,1.0688,1.06888,1.00,4.51
2013.12.19 15:22:07.129,1.0688,1.06888,1.00,4.65
2013.12.19 15:22:07.533,1.06878,1.06885,1.50,9.01
2013.12.19 15:22:07.583,1.06875,1.06883,1.50,4.51
2013.12.19 15:22:08.189,1.06875,1.06883,1.00,1.58
2013.12.19 15:22:12.545,1.06875,1.06884,1.13,2.70
2013.12.19 15:22:12.747,1.06873,1.0688,1.10,2.88
2013.12.19 15:22:16.793,1.06872,1.0688,1.55,1.88
2013.12.19 15:22:16.894,1.06878,1.06885,2.50,7.58
2013.12.19 15:22:17.096,1.0688,1.06887,1.00,1.65
2013.12.19 15:22:22.187,1.06878,1.06886,1.50,4.51
2013.12.19 15:22:23.582,1.06877,1.06885,1.00,3.83
2013.12.19 15:22:23.633,1.06876,1.06885,1.50,8.33
2013.12.19 15:22:23.735,1.06876,1.06885,1.00,9.08
2013.12.19 15:22:24.240,1.06875,1.06885,1.00,9.83
2013.12.19 15:22:24.505,1.06873,1.06882,1.58,1.00
2013.12.19 15:22:24.657,1.0687,1.06879,1.10,2.65
2013.12.19 15:22:25.163,1.0687,1.06878,1.00,6.15
2013.12.19 15:22:29.663,1.0687,1.06878,1.00,4.28
2013.12.19 15:22:29.868,1.06868,1.06877,1.10,7.13
2013.12.19 15:22:30.019,1.06865,1.06877,2.40,11.55
2013.12.19 15:22:30.070,1.06865,1.06875,1.58,4.83
2013.12.19 15:22:32.274,1.06868,1.06875,1.00,4.58
2013.12.19 15:22:32.376,1.0687,1.06875,1.00,1.58
2013.12.19 15:22:32.729,1.06873,1.06877,1.00,1.10
2013.12.19 15:22:33.970,1.06873,1.06878,1.00,1.10
2013.12.19 15:22:34.525,1.06873,1.06879,1.60,1.58
2013.12.19 15:22:34.830,1.06872,1.06879,5.93,1.00
2013.12.19 15:22:34.982,1.06873,1.06879,1.00,1.00
2013.12.19 15:22:35.538,1.06872,1.06879,1.00,1.00
2013.12.19 15:22:36.368,1.0687,1.06877,1.08,2.63
2013.12.19 15:22:36.522,1.06867,1.06875,1.00,2.65
2013.12.19 15:22:37.079,1.06865,1.06875,1.38,3.40
2013.12.19 15:22:40.862,1.06868,1.06875,1.00,1.13
2013.12.19 15:22:41.064,1.06868,1.06877,1.10,1.55
2013.12.19 15:22:41.115,1.06866,1.06875,1.15,2.88
2013.12.19 15:22:41.318,1.06866,1.06875,1.00,5.61
2013.12.19 15:22:41.420,1.06864,1.06875,1.58,6.36
2013.12.19 15:22:41.947,1.06864,1.06875,1.65,6.36
2013.12.19 15:22:53.275,1.06863,1.06875,1.18,7.21
2013.12.19 15:22:57.654,1.06863,1.06873,1.65,3.53
2013.12.19 15:22:57.984,1.06862,1.0687,1.00,5.78
2013.12.19 15:22:58.037,1.06857,1.06869,1.15,3.53
2013.12.19 15:22:58.577,1.06858,1.06869,1.15,5.03
2013.12.19 15:22:59.381,1.0686,1.06869,1.13,3.83
2013.12.19 15:22:59.431,1.06862,1.06869,1.10,1.00
2013.12.19 15:22:59.482,1.06862,1.06872,1.08,2.03
2013.12.19 15:22:59.785,1.0686,1.06869,1.00,2.68
2013.12.19 15:23:00.290,1.06858,1.06869,6.15,2.68
2013.12.19 15:23:00.593,1.06862,1.06869,1.00,1.00
2013.12.19 15:23:05.730,1.06861,1.06869,1.10,1.00
2013.12.19 15:23:07.032,1.06861,1.06869,1.00,2.78
2013.12.19 15:23:07.301,1.06859,1.06869,1.10,3.53
2013.12.19 15:23:09.344,1.06858,1.06868,1.18,9.00
2013.12.19 15:23:09.648,1.06857,1.06865,1.00,4.53
2013.12.19 15:23:10.168,1.06856,1.06865,1.58,3.53
2013.12.19 15:23:10.572,1.06858,1.06865,1.00,2.78
2013.12.19 15:23:20.157,1.06858,1.06867,1.28,1.65
2013.12.19 15:23:20.460,1.0686,1.06868,1.60,1.15
2013.12.19 15:23:20.561,1.0686,1.06869,1.75,2.25
2013.12.19 15:23:21.424,1.0686,1.06869,1.75,1.00
2013.12.19 15:23:23.166,1.0686,1.06869,1.75,1.00
2013.12.19 15:23:24.048,1.0686,1.06869,1.75,1.00
2013.12.19 15:23:26.250,1.0686,1.06869,1.75,2.13
2013.12.19 15:23:26.754,1.06859,1.06869,7.58,1.00
2013.12.19 15:23:27.519,1.0686,1.06869,1.15,2.13
2013.12.19 15:23:27.620,1.06859,1.06869,1.18,2.28
2013.12.19 15:23:28.137,1.06858,1.06869,5.85,1.95
2013.12.19 15:23:29.329,1.06858,1.06869,3.60,2.28
2013.12.19 15:23:30.478,1.06858,1.06868,1.28,6.91
2013.12.19 15:23:33.770,1.0686,1.06868,1.00,8.03
2013.12.19 15:23:44.303,1.06858,1.06868,1.10,3.91
2013.12.19 15:23:45.536,1.06859,1.06868,1.30,3.91
2013.12.19 15:23:45.587,1.0686,1.06868,1.10,3.08
2013.12.19 15:23:45.638,1.0686,1.06868,1.80,3.08
2013.12.19 15:23:45.941,1.06863,1.06869,4.35,1.18
2013.12.19 15:23:46.193,1.06867,1.06873,1.10,1.00
2013.12.19 15:23:46.710,1.06867,1.06874,1.10,1.00
2013.12.19 15:23:47.468,1.06867,1.06874,1.10,1.00
2013.12.19 15:23:50.083,1.06867,1.06874,1.10,1.00
2013.12.19 15:23:51.196,1.06867,1.06874,1.00,1.10
2013.12.19 15:23:51.745,1.06867,1.06874,1.10,1.00
2013.12.19 15:23:52.583,1.0687,1.06877,1.00,1.65
2013.12.19 15:23:52.684,1.0687,1.06877,1.00,2.03
2013.12.19 15:24:12.184,1.0687,1.06877,1.00,1.15
2013.12.19 15:24:16.578,1.06872,1.06879,1.50,1.65
2013.12.19 15:24:16.882,1.06878,1.06882,1.10,2.93
2013.12.19 15:24:17.186,1.0688,1.06887,1.00,1.18
2013.12.19 15:24:19.585,1.06882,1.06887,1.50,1.18
2013.12.19 15:24:19.787,1.06884,1.0689,1.00,1.15
2013.12.19 15:24:20.853,1.06884,1.0689,1.00,1.10
2013.12.19 15:24:21.158,1.06884,1.06893,2.03,1.00
2013.12.19 15:24:21.309,1.06884,1.06893,1.95,1.10
2013.12.19 15:24:23.095,1.06886,1.06894,1.10,1.10
2013.12.19 15:24:24.321,1.06886,1.06894,1.10,1.00
2013.12.19 15:24:26.398,1.06886,1.06894,1.10,1.00
2013.12.19 15:24:27.328,1.06886,1.06894,1.10,1.73
2013.12.19 15:24:27.841,1.06886,1.06893,1.00,4.13
2013.12.19 15:24:28.142,1.06883,1.0689,2.70,2.13
2013.12.19 15:24:29.611,1.06883,1.0689,1.10,2.13
2013.12.19 15:24:31.025,1.06883,1.0689,1.00,3.03
2013.12.19 15:24:31.278,1.0688,1.06889,1.50,2.53
2013.12.19 15:24:32.083,1.06881,1.06889,1.00,1.10
2013.12.19 15:24:36.805,1.06882,1.06889,1.88,1.65
2013.12.19 15:24:37.008,1.0689,1.06897,1.00,1.65
2013.12.19 15:24:55.081,1.0689,1.06897,1.00,8.40
2013.12.19 15:24:55.183,1.06885,1.06895,3.83,3.85
2013.12.19 15:24:55.284,1.06885,1.06895,1.58,5.13
2013.12.19 15:24:56.381,1.06885,1.06894,1.50,3.36
2013.12.19 15:24:58.604,1.06885,1.06894,1.10,2.13
2013.12.19 15:24:58.990,1.06885,1.06892,1.00,6.90
2013.12.19 15:24:59.369,1.06888,1.06892,1.50,1.10
2013.12.19 15:24:59.571,1.06888,1.06893,1.00,3.83
2013.12.19 15:24:59.622,1.06885,1.06893,1.00,3.90
2013.12.19 15:24:59.825,1.06888,1.06893,1.00,1.10
2013.12.19 15:24:59.976,1.0689,1.06895,1.00,1.10
2013.12.19 15:25:00.128,1.06888,1.06895,1.10,1.35
2013.12.19 15:25:00.179,1.06886,1.06895,1.15,3.10
2013.12.19 15:25:00.330,1.06885,1.06895,1.58,4.00
2013.12.19 15:25:06.504,1.06885,1.06892,1.10,3.38
2013.12.19 15:25:07.604,1.06883,1.0689,1.00,2.50
2013.12.19 15:25:07.756,1.06882,1.0689,1.10,4.45
2013.12.19 15:25:08.261,1.06881,1.0689,1.00,4.53
2013.12.19 15:25:08.785,1.0688,1.0689,1.10,4.53
2013.12.19 15:25:13.832,1.06884,1.0689,1.00,4.85
2013.12.19 15:25:14.136,1.06886,1.06894,2.50,2.18
2013.12.19 15:25:14.187,1.06886,1.06894,1.10,1.00
2013.12.19 15:25:14.288,1.06888,1.06894,1.50,1.20
2013.12.19 15:25:17.884,1.06885,1.06894,2.40,1.00
2013.12.19 15:25:18.188,1.0689,1.06895,1.00,3.00
2013.12.19 15:25:18.440,1.0689,1.06896,1.00,4.65
2013.12.19 15:25:20.026,1.06888,1.06895,1.00,5.16
2013.12.19 15:25:20.430,1.06884,1.06895,1.18,3.75
2013.12.19 15:25:20.965,1.06884,1.06894,1.00,6.36
2013.12.19 15:25:21.067,1.06884,1.06893,1.00,4.21
2013.12.19 15:25:22.076,1.06884,1.06893,1.00,1.18
2013.12.19 15:25:24.125,1.06885,1.06893,1.00,1.18
2013.12.19 15:25:26.083,1.06888,1.06893,1.00,1.10
2013.12.19 15:25:26.336,1.0689,1.06897,1.00,9.08
2013.12.19 15:25:31.606,1.0689,1.06897,1.00,5.40
2013.12.19 15:25:41.595,1.06888,1.06895,1.10,3.00
2013.12.19 15:25:41.646,1.06885,1.0689,2.93,2.13
2013.12.19 15:25:41.747,1.06883,1.0689,1.65,2.13
2013.12.19 15:25:41.848,1.06882,1.06889,6.75,2.43
2013.12.19 15:25:42.252,1.06878,1.06888,2.80,2.30
2013.12.19 15:25:43.834,1.06878,1.06888,1.58,1.58
2013.12.19 15:25:44.087,1.06882,1.06888,1.40,4.20
2013.12.19 15:25:44.289,1.06883,1.0689,1.40,1.10
2013.12.19 15:25:44.390,1.06887,1.06892,1.50,1.50
2013.12.19 15:25:44.441,1.06888,1.06892,1.50,1.50
2013.12.19 15:25:44.492,1.06888,1.06896,1.50,5.40
2013.12.19 15:25:45.133,1.06885,1.06896,1.30,8.25
2013.12.19 15:25:45.234,1.06885,1.06896,1.15,8.11
2013.12.19 15:25:51.870,1.06888,1.06896,1.90,1.15
2013.12.19 15:25:51.971,1.06888,1.06896,1.98,1.10
2013.12.19 15:25:52.641,1.06885,1.06896,4.23,1.50
2013.12.19 15:25:52.742,1.06885,1.06895,1.30,2.68
2013.12.19 15:25:53.320,1.06885,1.06895,1.30,2.65
2013.12.19 15:25:55.104,1.06885,1.06895,2.05,2.40
2013.12.19 15:25:55.256,1.06885,1.06895,4.23,1.58
2013.12.19 15:25:58.373,1.0689,1.06896,1.15,1.58
2013.12.19 15:26:00.098,1.0689,1.06896,1.15,1.00
2013.12.19 15:26:00.553,1.0689,1.06897,1.23,1.50
2013.12.19 15:26:05.635,1.06888,1.06897,3.48,1.18
2013.12.19 15:26:11.966,1.06889,1.06899,1.58,1.65
2013.12.19 15:26:13.253,1.06889,1.06899,1.40,10.13
2013.12.19 15:26:14.421,1.06888,1.06899,3.55,3.05
2013.12.19 15:26:21.995,1.06889,1.06899,4.30,2.70
2013.12.19 15:26:22.925,1.0689,1.06899,4.30,1.10
2013.12.19 15:26:22.976,1.06891,1.06899,5.25,1.00
2013.12.19 15:26:23.279,1.06895,1.06899,1.00,1.00
2013.12.19 15:26:23.380,1.06895,1.06902,1.15,1.18
2013.12.19 15:26:23.532,1.06895,1.06904,2.05,1.00
2013.12.19 15:26:23.582,1.06895,1.06904,5.33,1.00
2013.12.19 15:26:23.633,1.06895,1.06901,4.95,2.13
2013.12.19 15:26:24.037,1.06896,1.06904,1.00,1.18
2013.12.19 15:26:24.212,1.06896,1.06905,1.18,2.33
2013.12.19 15:26:25.323,1.06896,1.06905,1.10,4.08
2013.12.19 15:26:25.728,1.0689,1.069,3.55,3.18
2013.12.19 15:26:26.005,1.0689,1.069,2.73,3.25
2013.12.19 15:26:26.157,1.06889,1.06899,5.80,2.65
2013.12.19 15:26:27.105,1.06889,1.06897,1.18,3.00
2013.12.19 15:26:27.258,1.06885,1.06897,1.68,4.51
2013.12.19 15:26:29.352,1.06885,1.06895,1.68,2.58
2013.12.19 15:26:29.454,1.06885,1.06895,1.60,2.68
2013.12.19 15:26:29.975,1.06885,1.06895,1.23,2.65
2013.12.19 15:26:30.486,1.06885,1.06895,1.23,2.68
2013.12.19 15:26:30.691,1.06885,1.06895,1.23,2.68
2013.12.19 15:26:31.281,1.06885,1.06895,1.30,1.58
2013.12.19 15:26:32.834,1.06885,1.06895,1.98,1.65
2013.12.19 15:26:33.390,1.06886,1.06895,1.00,1.65
2013.12.19 15:26:34.890,1.06885,1.06895,2.35,1.65
2013.12.19 15:26:36.781,1.06888,1.06895,1.00,1.15
2013.12.19 15:26:37.084,1.06888,1.06897,3.40,1.15
2013.12.19 15:26:43.228,1.0689,1.06897,1.00,1.65
2013.12.19 15:26:43.743,1.0689,1.06897,1.00,1.10
2013.12.19 15:26:44.047,1.06887,1.06897,1.10,3.01
2013.12.19 15:26:50.803,1.06888,1.06897,3.75,3.01
2013.12.19 15:26:54.657,1.0689,1.06898,1.00,4.20
2013.12.19 15:26:54.758,1.0689,1.06898,1.00,1.65
2013.12.19 15:26:59.489,1.06891,1.06899,3.75,1.65
2013.12.19 15:27:01.366,1.06892,1.06899,3.75,1.65
2013.12.19 15:27:01.821,1.06893,1.06899,1.00,1.10
2013.12.19 15:27:02.275,1.06895,1.06899,1.00,1.00
2013.12.19 15:27:02.478,1.06897,1.06903,3.75,1.00
2013.12.19 15:27:03.017,1.06897,1.06905,4.50,1.65
2013.12.19 15:27:03.461,1.06896,1.06905,1.00,8.03
2013.12.19 15:27:03.764,1.0689,1.069,4.65,2.58
2013.12.19 15:27:04.121,1.0689,1.069,1.58,3.28
2013.12.19 15:27:04.405,1.0689,1.06898,1.00,2.21
2013.12.19 15:27:12.812,1.0689,1.06898,1.38,1.15
2013.12.19 15:27:13.116,1.06898,1.06905,1.00,4.28
2013.12.19 15:27:13.218,1.06898,1.06905,1.00,1.65
2013.12.19 15:27:13.322,1.069,1.06905,1.00,1.18
2013.12.19 15:27:13.695,1.069,1.06908,1.00,1.18
2013.12.19 15:27:14.276,1.06898,1.06908,3.90,2.10
2013.12.19 15:27:14.579,1.06891,1.06901,3.53,2.58
2013.12.19 15:27:16.792,1.0689,1.069,1.10,4.13
2013.12.19 15:27:20.221,1.06891,1.069,1.00,1.65
2013.12.19 15:27:24.216,1.0689,1.069,1.10,3.38
2013.12.19 15:27:37.055,1.0689,1.069,1.18,7.28
2013.12.19 15:27:43.454,1.0689,1.069,3.83,3.25
2013.12.19 15:27:51.751,1.0689,1.069,1.65,4.13
2013.12.19 15:27:58.476,1.0689,1.069,3.83,3.45
2013.12.19 15:28:02.650,1.06892,1.069,1.00,3.90
2013.12.19 15:28:03.159,1.06891,1.069,1.00,4.68
2013.12.19 15:28:03.677,1.06891,1.069,1.18,2.58
2013.12.19 15:28:14.321,1.06891,1.06901,1.18,1.18
2013.12.19 15:28:19.088,1.06895,1.06901,1.00,1.13
2013.12.19 15:28:19.290,1.06895,1.06905,2.70,1.65
2013.12.19 15:28:19.392,1.069,1.06906,1.00,2.33
2013.12.19 15:28:19.494,1.069,1.06909,1.10,1.18
2013.12.19 15:28:21.595,1.06897,1.06905,3.30,2.73
2013.12.19 15:28:21.746,1.06898,1.06905,1.00,5.50
2013.12.19 15:28:21.802,1.06895,1.06905,1.58,8.63
2013.12.19 15:28:21.903,1.06895,1.06904,1.00,4.51
2013.12.19 15:28:22.004,1.06895,1.06904,1.00,1.15
2013.12.19 15:28:26.235,1.06895,1.06905,6.08,1.65
2013.12.19 15:28:26.336,1.069,1.06907,1.00,3.08
2013.12.19 15:28:26.538,1.069,1.06909,1.50,2.33
2013.12.19 15:28:26.640,1.06905,1.06909,1.00,2.25
2013.12.19 15:28:26.842,1.06905,1.06911,1.00,1.10
2013.12.19 15:28:33.617,1.06905,1.06913,1.58,1.18
2013.12.19 15:28:33.718,1.06907,1.06915,1.00,1.65
2013.12.19 15:28:34.022,1.06912,1.06919,1.00,2.70
2013.12.19 15:28:34.072,1.06912,1.0692,1.00,2.40
2013.12.19 15:28:34.628,1.06915,1.06922,1.00,2.33
2013.12.19 15:28:34.780,1.06915,1.06923,1.00,1.65
2013.12.19 15:28:39.908,1.06916,1.06924,1.00,2.70
2013.12.19 15:28:41.564,1.06915,1.06924,1.50,2.33
2013.12.19 15:28:43.443,1.06915,1.06924,1.50,4.88
2013.12.19 15:28:43.971,1.06915,1.06923,1.50,5.26
2013.12.19 15:28:45.311,1.06915,1.06923,1.50,3.08
2013.12.19 15:28:47.819,1.06919,1.06924,1.00,2.55
2013.12.19 15:28:48.358,1.0692,1.06927,1.00,6.08
2013.12.19 15:28:49.574,1.06918,1.06926,1.00,4.93
2013.12.19 15:28:49.676,1.06915,1.06926,2.33,10.58
2013.12.19 15:28:49.878,1.06918,1.06925,1.00,5.58
2013.12.19 15:28:50.181,1.0692,1.06925,1.00,1.18
2013.12.19 15:28:51.529,1.06918,1.06925,1.00,1.18
2013.12.19 15:28:51.630,1.06916,1.06925,1.10,2.40
2013.12.19 15:28:51.732,1.06915,1.06925,1.50,5.33
2013.12.19 15:28:56.581,1.06918,1.06925,1.00,6.36
2013.12.19 15:28:56.902,1.0692,1.06925,1.00,1.65
2013.12.19 15:28:57.378,1.06916,1.06925,1.10,3.15
2013.12.19 15:28:57.922,1.06915,1.06925,1.18,5.28
2013.12.19 15:28:59.539,1.06918,1.06925,1.00,4.53
2013.12.19 15:28:59.792,1.0692,1.06929,1.00,5.33
2013.12.19 15:28:59.994,1.0692,1.06929,2.18,3.15
2013.12.19 15:29:00.499,1.0692,1.06929,1.10,1.18
2013.12.19 15:29:00.550,1.0692,1.06929,1.00,3.08
2013.12.19 15:29:04.779,1.0692,1.06929,1.20,1.18
2013.12.19 15:29:06.592,1.06924,1.0693,1.68,1.50
2013.12.19 15:29:06.643,1.06925,1.0693,1.88,1.00
2013.12.19 15:29:06.845,1.06926,1.06933,1.43,1.75
2013.12.19 15:29:06.896,1.06926,1.06934,1.43,1.10
2013.12.19 15:29:06.947,1.06925,1.06934,1.60,1.15
2013.12.19 15:29:07.250,1.0693,1.06934,1.00,1.10
2013.12.19 15:29:07.610,1.06926,1.06935,1.20,1.65
2013.12.19 15:29:07.711,1.06925,1.06935,4.50,4.83
2013.12.19 15:29:08.014,1.0693,1.06937,1.00,3.45
2013.12.19 15:29:08.583,1.06926,1.06937,1.20,9.45
2013.12.19 15:29:08.685,1.06925,1.06935,2.25,4.83
2013.12.19 15:29:10.057,1.06925,1.06935,1.00,5.96
2013.12.19 15:29:10.260,1.06922,1.06931,2.33,2.28
2013.12.19 15:29:11.197,1.06923,1.06931,3.75,2.28
2013.12.19 15:29:11.808,1.06922,1.06931,5.33,2.28
2013.12.19 15:29:13.846,1.06922,1.06931,7.05,1.10
2013.12.19 15:29:13.898,1.06925,1.06933,1.00,2.33
2013.12.19 15:29:14.050,1.06925,1.06935,1.20,1.65
2013.12.19 15:29:16.809,1.06925,1.06935,1.13,3.83
2013.12.19 15:29:17.112,1.06928,1.06935,1.00,1.65
2013.12.19 15:29:17.415,1.0693,1.06936,1.00,2.33
2013.12.19 15:29:20.868,1.06927,1.06936,1.00,3.33
2013.12.19 15:29:21.172,1.06925,1.06935,1.10,3.43
2013.12.19 15:29:22.189,1.06925,1.06934,1.10,4.08
2013.12.19 15:29:22.290,1.06923,1.06932,1.00,3.43
2013.12.19 15:29:22.392,1.0692,1.0693,3.90,2.58
2013.12.19 15:29:22.544,1.0692,1.0693,1.00,4.86
2013.12.19 15:29:23.697,1.06923,1.0693,1.00,3.08
2013.12.19 15:29:24.155,1.06925,1.06932,1.00,3.08
2013.12.19 15:29:25.168,1.06925,1.06932,1.00,1.18
2013.12.19 15:29:29.408,1.06923,1.0693,1.48,2.60
2013.12.19 15:29:29.560,1.0692,1.0693,1.10,2.68
2013.12.19 15:29:30.194,1.0692,1.06929,1.10,3.83
2013.12.19 15:29:30.724,1.0692,1.06928,1.00,4.51
2013.12.19 15:29:31.762,1.06918,1.06927,1.00,4.20
2013.12.19 15:29:31.817,1.06917,1.06926,1.50,6.38
2013.12.19 15:29:31.969,1.06915,1.06924,1.50,4.95
2013.12.19 15:29:35.712,1.06915,1.06923,1.00,4.95
2013.12.19 15:29:36.851,1.06915,1.06922,1.00,3.00
2013.12.19 15:29:36.902,1.0691,1.06921,5.40,2.78
2013.12.19 15:29:37.054,1.0691,1.0692,1.00,4.58
2013.12.19 15:29:37.370,1.0691,1.0692,1.15,1.50
2013.12.19 15:29:37.808,1.06915,1.0692,1.00,1.50
2013.12.19 15:29:38.111,1.06915,1.06922,1.00,1.58
2013.12.19 15:29:38.952,1.06915,1.06922,1.00,1.18
2013.12.19 15:29:39.463,1.06915,1.06922,1.00,1.08
2013.12.19 15:29:39.564,1.06915,1.06922,1.58,1.10
2013.12.19 15:29:39.615,1.06919,1.06924,1.00,1.88
2013.12.19 15:29:39.666,1.0692,1.06924,1.00,1.50
2013.12.19 15:29:40.235,1.0692,1.06927,1.00,1.15
2013.12.19 15:29:44.927,1.0692,1.06927,1.00,1.18
2013.12.19 15:29:45.231,1.06921,1.06929,1.20,1.18
2013.12.19 15:29:45.332,1.06925,1.06931,1.00,1.15
2013.12.19 15:29:45.635,1.06925,1.06933,1.00,1.15
2013.12.19 15:29:45.736,1.06925,1.06933,1.10,1.10
2013.12.19 15:29:47.043,1.06925,1.06933,1.10,1.18
2013.12.19 15:29:47.145,1.06925,1.06933,1.00,3.08
2013.12.19 15:29:47.747,1.06925,1.06933,1.00,5.26
2013.12.19 15:29:49.725,1.06925,1.06933,1.00,1.18
2013.12.19 15:29:50.579,1.06928,1.06933,1.00,1.10
2013.12.19 15:29:50.730,1.06929,1.06936,1.00,3.83
2013.12.19 15:29:50.866,1.0693,1.06938,1.00,2.33
2013.12.19 15:29:51.021,1.06933,1.06939,1.00,1.18
2013.12.19 15:29:52.127,1.06936,1.06942,2.48,2.18
2013.12.19 15:29:52.380,1.0694,1.06945,1.00,4.28
2013.12.19 15:29:54.556,1.06941,1.06947,1.00,2.33
2013.12.19 15:29:54.707,1.06942,1.06949,1.00,3.08
2013.12.19 15:29:54.808,1.06943,1.06949,1.00,1.00
2013.12.19 15:29:54.910,1.06945,1.0695,1.00,1.10
2013.12.19 15:29:55.062,1.06945,1.06954,1.15,4.13
2013.12.19 15:29:55.574,1.06945,1.06955,1.15,1.58
2013.12.19 15:29:55.731,1.06945,1.06955,1.58,1.65
2013.12.19 15:29:56.034,1.06945,1.06955,1.50,6.01
2013.12.19 15:29:56.289,1.06945,1.06955,1.58,1.65
2013.12.19 15:29:56.491,1.06945,1.06955,1.65,1.58
2013.12.19 15:29:57.088,1.06945,1.06955,1.58,1.65
2013.12.19 15:29:57.139,1.06945,1.06955,1.58,1.65
2013.12.19 15:30:00.932,1.06945,1.06955,1.00,4.58
2013.12.19 15:30:01.084,1.06945,1.06955,1.00,9.08
2013.12.19 15:30:01.426,1.06945,1.06954,1.00,4.51
2013.12.19 15:30:01.780,1.06943,1.06952,2.25,4.51
2013.12.19 15:30:02.335,1.06945,1.06953,1.00,2.33
2013.12.19 15:30:04.954,1.06945,1.06954,1.08,2.33
2013.12.19 15:30:05.005,1.06945,1.06955,1.18,2.40
2013.12.19 15:30:05.279,1.06945,1.06955,1.10,4.58
2013.12.19 15:30:06.097,1.06949,1.06955,1.00,4.58
2013.12.19 15:30:06.198,1.0695,1.06955,1.50,1.18
2013.12.19 15:30:06.501,1.06945,1.06955,1.18,1.65
2013.12.19 15:30:06.602,1.06945,1.06955,1.00,6.01
2013.12.19 15:30:06.906,1.06944,1.06953,1.50,4.51
2013.12.19 15:30:08.939,1.06944,1.06951,1.00,3.46
2013.12.19 15:30:09.192,1.06935,1.06944,2.63,8.26
2013.12.19 15:30:09.344,1.06937,1.06944,1.00,7.43
2013.12.19 15:30:09.446,1.06937,1.06944,1.00,1.18
2013.12.19 15:30:10.032,1.06937,1.06947,1.50,3.08
2013.12.19 15:30:10.868,1.06937,1.06947,3.75,1.08
2013.12.19 15:30:10.919,1.06937,1.06947,3.83,1.00
2013.12.19 15:30:11.627,1.06938,1.06947,1.00,5.26
2013.12.19 15:30:12.585,1.06937,1.06945,1.00,5.68
2013.12.19 15:30:12.636,1.06934,1.06945,1.18,7.93
2013.12.19 15:30:12.737,1.06934,1.06942,1.18,3.38
2013.12.19 15:30:13.040,1.06934,1.0694,1.10,3.25
2013.12.19 15:30:13.091,1.06932,1.0694,1.13,6.76
2013.12.19 15:30:13.243,1.06935,1.0694,1.00,3.18
2013.12.19 15:30:13.293,1.06935,1.0694,1.00,1.00
2013.12.19 15:30:13.725,1.06932,1.0694,1.50,5.26
2013.12.19 15:30:13.927,1.0693,1.06939,1.38,4.58
2013.12.19 15:30:14.299,1.06932,1.06939,2.25,1.10
2013.12.19 15:30:14.400,1.06938,1.06944,2.10,1.18
2013.12.19 15:30:14.904,1.06934,1.06944,1.15,1.00
2013.12.19 15:30:14.955,1.06933,1.06944,1.20,4.01
2013.12.19 15:30:15.258,1.0693,1.06939,1.00,4.86
2013.12.19 15:30:15.579,1.0693,1.06939,1.88,4.11
2013.12.19 15:30:15.887,1.0693,1.06938,1.50,3.33
2013.12.19 15:30:15.988,1.0693,1.06938,1.50,1.10
2013.12.19 15:30:16.537,1.0693,1.06938,1.88,1.10
2013.12.19 15:30:17.070,1.0693,1.06938,1.50,1.10
2013.12.19 15:30:17.247,1.0693,1.06938,1.50,3.33
2013.12.19 15:30:18.293,1.0693,1.06938,1.73,7.08
2013.12.19 15:30:18.596,1.06931,1.06939,1.45,3.68
2013.12.19 15:30:18.646,1.06931,1.06939,1.55,1.00
2013.12.19 15:30:18.950,1.06931,1.06939,1.55,1.50
2013.12.19 15:30:19.428,1.06931,1.06939,1.55,1.00
2013.12.19 15:30:19.733,1.06931,1.06939,1.55,1.50
2013.12.19 15:30:22.404,1.06931,1.06939,1.55,1.50
2013.12.19 15:30:23.192,1.06932,1.06939,1.48,1.50
2013.12.19 15:30:25.024,1.06931,1.06939,1.28,1.50
2013.12.19 15:30:25.529,1.06931,1.06939,1.28,1.00
2013.12.19 15:30:26.134,1.06931,1.06939,1.55,1.00
2013.12.19 15:30:26.643,1.06935,1.0694,1.00,1.00
2013.12.19 15:30:29.770,1.06933,1.0694,1.00,1.10
2013.12.19 15:30:29.821,1.06933,1.0694,1.00,2.95
2013.12.19 15:30:29.923,1.0693,1.06937,3.83,3.60
2013.12.19 15:30:29.974,1.06928,1.06934,1.50,3.76
2013.12.19 15:30:30.025,1.06925,1.06933,1.00,4.51
2013.12.19 15:30:30.480,1.06925,1.06933,1.00,2.68
2013.12.19 15:30:30.599,1.06928,1.06934,1.00,2.93
2013.12.19 15:30:30.953,1.0693,1.06938,1.88,2.33
2013.12.19 15:30:31.054,1.0693,1.06939,2.63,4.65
2013.12.19 15:30:31.206,1.0693,1.0694,2.63,6.08
2013.12.19 15:30:31.444,1.0693,1.0694,2.63,5.33
2013.12.19 15:30:31.646,1.0693,1.0694,2.63,4.58
2013.12.19 15:30:31.798,1.06933,1.0694,1.13,1.65
2013.12.19 15:30:32.304,1.06932,1.0694,1.88,1.18
2013.12.19 15:30:32.825,1.06933,1.0694,1.00,1.18
2013.12.19 15:30:35.589,1.06932,1.0694,1.88,1.18
2013.12.19 15:30:36.599,1.0693,1.0694,2.40,11.30
2013.12.19 15:30:36.701,1.0693,1.0694,2.25,13.20
2013.12.19 15:30:37.003,1.06931,1.0694,1.10,2.40
2013.12.19 15:30:37.508,1.06932,1.0694,1.00,1.65
2013.12.19 15:30:37.710,1.06933,1.0694,1.38,1.58
2013.12.19 15:30:38.274,1.06933,1.0694,1.95,1.00
2013.12.19 15:30:38.860,1.06933,1.0694,1.58,1.00
2013.12.19 15:30:39.365,1.06933,1.0694,1.58,1.00
2013.12.19 15:30:47.769,1.06933,1.0694,1.95,1.00
2013.12.19 15:30:48.337,1.06933,1.0694,1.58,1.00
2013.12.19 15:30:48.859,1.06933,1.0694,1.95,1.00
2013.12.19 15:30:49.456,1.06933,1.0694,1.65,1.00
2013.12.19 15:30:51.328,1.06932,1.0694,1.00,3.05
2013.12.19 15:30:51.830,1.0693,1.0694,1.65,9.05
2013.12.19 15:30:52.285,1.06932,1.0694,1.18,1.00
2013.12.19 15:30:52.588,1.06933,1.0694,1.65,1.00
2013.12.19 15:30:54.225,1.06936,1.0694,1.00,1.00
2013.12.19 15:30:54.528,1.0694,1.06948,1.00,5.03
2013.12.19 15:30:57.185,1.06938,1.06947,1.10,3.25
2013.12.19 15:31:03.665,1.06936,1.06946,1.08,8.63
2013.12.19 15:31:04.205,1.06936,1.06946,1.00,8.70
2013.12.19 15:31:06.486,1.06937,1.06946,1.00,4.95
2013.12.19 15:31:06.992,1.06938,1.06946,1.50,1.18
2013.12.19 15:31:07.534,1.06938,1.06946,1.50,1.10
2013.12.19 15:31:13.662,1.06938,1.06946,1.50,3.33
2013.12.19 15:31:17.981,1.06938,1.06946,1.00,1.10
2013.12.19 15:31:23.917,1.06937,1.06946,1.10,1.10
2013.12.19 15:31:24.451,1.06938,1.06946,1.13,2.30
2013.12.19 15:31:24.552,1.0694,1.06947,1.00,1.10
2013.12.19 15:31:24.805,1.06943,1.06951,2.33,1.10
2013.12.19 15:31:31.495,1.06944,1.06953,2.33,3.00
2013.12.19 15:31:31.748,1.06948,1.06957,1.65,2.63
2013.12.19 15:31:31.799,1.06952,1.06957,1.00,1.00
2013.12.19 15:31:31.900,1.06952,1.06959,1.00,1.00
2013.12.19 15:31:32.052,1.06952,1.0696,3.08,1.13
2013.12.19 15:31:32.355,1.0695,1.0696,2.33,6.10
2013.12.19 15:31:33.526,1.0695,1.0696,2.33,5.11
2013.12.19 15:31:34.089,1.06954,1.0696,1.35,3.00
2013.12.19 15:31:34.182,1.06957,1.06961,1.00,1.00
2013.12.19 15:31:34.285,1.0696,1.06967,2.33,1.00
2013.12.19 15:31:38.307,1.06958,1.06967,3.83,1.00
2013.12.19 15:31:39.824,1.06961,1.0697,2.33,1.50
2013.12.19 15:31:39.976,1.06968,1.06973,1.18,1.00
2013.12.19 15:31:40.027,1.06968,1.06975,1.18,1.35
2013.12.19 15:31:40.531,1.06968,1.06975,1.00,2.18
2013.12.19 15:31:40.582,1.06968,1.06975,1.00,1.65
2013.12.19 15:31:40.835,1.06968,1.06975,1.18,1.00
2013.12.19 15:31:40.936,1.06967,1.06975,1.50,1.18
2013.12.19 15:31:41.467,1.06968,1.06975,1.10,1.00
2013.12.19 15:31:43.890,1.06968,1.06979,1.58,4.43
2013.12.19 15:31:45.362,1.06968,1.06976,1.10,2.58
2013.12.19 15:31:45.665,1.0697,1.06975,1.00,2.88
2013.12.19 15:31:45.817,1.06968,1.06976,1.10,1.95
2013.12.19 15:31:46.070,1.06967,1.06975,1.10,3.76
2013.12.19 15:31:46.272,1.06963,1.06972,1.00,3.46
2013.12.19 15:31:46.416,1.06962,1.0697,1.00,2.28
2013.12.19 15:31:46.469,1.06958,1.0697,1.28,5.71
2013.12.19 15:31:52.354,1.06962,1.0697,1.00,5.98
2013.12.19 15:31:52.557,1.06962,1.06971,1.18,3.08
2013.12.19 15:31:54.649,1.06961,1.06971,1.08,1.20
2013.12.19 15:31:54.700,1.06961,1.06971,1.00,5.33
2013.12.19 15:31:54.852,1.06961,1.0697,1.00,4.58
2013.12.19 15:31:54.903,1.06958,1.06965,1.00,2.58
2013.12.19 15:31:55.055,1.06958,1.06965,1.00,3.80
2013.12.19 15:31:55.106,1.06959,1.06965,1.00,2.78
2013.12.19 15:31:55.380,1.06961,1.06965,1.00,1.00
2013.12.19 15:31:55.582,1.06962,1.06967,1.10,1.50
2013.12.19 15:31:55.745,1.06962,1.06971,1.10,3.90
2013.12.19 15:31:57.233,1.06963,1.06971,1.15,1.00
2013.12.19 15:31:57.538,1.06973,1.06982,2.40,5.25
2013.12.19 15:31:57.842,1.06977,1.06982,1.00,1.88
2013.12.19 15:31:58.358,1.06973,1.06982,3.08,1.88
2013.12.19 15:31:58.560,1.06973,1.06982,1.10,1.00
2013.12.19 15:31:58.828,1.06973,1.0698,1.10,2.13
2013.12.19 15:31:58.980,1.06968,1.06979,4.58,2.43
2013.12.19 15:31:59.082,1.06968,1.06979,1.18,2.53
2013.12.19 15:31:59.563,1.06968,1.06977,1.10,3.38
2013.12.19 15:31:59.766,1.06962,1.06971,1.50,3.16
2013.12.19 15:32:03.748,1.06963,1.06971,3.00,1.10
2013.12.19 15:32:04.051,1.06968,1.06976,1.10,1.80
2013.12.19 15:32:04.254,1.06965,1.06976,1.18,2.03
2013.12.19 15:32:04.306,1.06967,1.06976,1.00,2.28
2013.12.19 15:32:04.814,1.06968,1.06975,1.00,2.58
2013.12.19 15:32:05.067,1.06968,1.06976,1.00,1.18
2013.12.19 15:32:05.522,1.06968,1.06976,1.00,2.13
2013.12.19 15:32:06.028,1.06968,1.06976,1.00,1.50
2013.12.19 15:32:06.281,1.06968,1.06976,1.00,1.00
2013.12.19 15:32:06.584,1.06966,1.06976,1.18,3.00
2013.12.19 15:32:06.786,1.06966,1.06975,1.00,6.08
2013.12.19 15:32:07.089,1.06965,1.06974,1.50,5.78
2013.12.19 15:32:07.241,1.0696,1.06972,2.48,4.66
2013.12.19 15:32:07.594,1.06963,1.06972,1.18,1.13
2013.12.19 15:32:08.525,1.06963,1.06972,1.65,1.48
2013.12.19 15:32:09.030,1.06963,1.06972,1.65,1.48
2013.12.19 15:32:09.232,1.0696,1.06972,1.18,7.48
2013.12.19 15:32:09.790,1.0696,1.06971,4.65,2.80
2013.12.19 15:32:12.384,1.06963,1.06971,1.00,2.03
2013.12.19 15:32:12.485,1.06963,1.06971,1.28,1.88
2013.12.19 15:32:12.536,1.06966,1.06972,1.00,1.48
2013.12.19 15:32:12.789,1.06968,1.06977,1.18,1.95
2013.12.19 15:32:18.274,1.06967,1.06977,1.15,2.55
2013.12.19 15:32:18.477,1.06963,1.06973,6.15,2.96
2013.12.19 15:32:18.787,1.06963,1.06973,1.00,5.21
2013.12.19 15:32:18.889,1.06963,1.06972,1.00,3.03
2013.12.19 15:32:19.042,1.06959,1.06969,3.90,3.43
2013.12.19 15:32:20.259,1.06958,1.06969,1.18,5.58
2013.12.19 15:32:20.807,1.06958,1.06969,1.10,5.61
2013.12.19 15:32:21.524,1.06958,1.06969,1.10,5.60
2013.12.19 15:32:21.827,1.06958,1.06964,1.00,2.70
2013.12.19 15:32:21.878,1.06958,1.06964,1.00,1.50
2013.12.19 15:32:22.080,1.06957,1.06966,1.18,1.10
2013.12.19 15:32:23.077,1.06956,1.06966,4.58,1.88
2013.12.19 15:32:23.180,1.06956,1.06963,4.58,2.63
2013.12.19 15:32:23.534,1.06957,1.06966,1.10,1.08
2013.12.19 15:32:23.788,1.06957,1.06967,1.18,1.18
2013.12.19 15:32:28.818,1.06961,1.06967,1.50,1.10
2013.12.19 15:32:28.970,1.06966,1.06971,3.08,2.25
2013.12.19 15:32:29.071,1.06962,1.06971,3.38,2.33
2013.12.19 15:32:29.172,1.06964,1.06974,2.33,3.38
2013.12.19 15:32:29.476,1.06965,1.06973,1.00,7.11
2013.12.19 15:32:29.749,1.06964,1.06973,1.00,10.78
2013.12.19 15:32:29.852,1.06961,1.06971,1.10,2.31
2013.12.19 15:32:30.682,1.06961,1.06971,1.00,4.96
2013.12.19 15:32:31.809,1.06963,1.06971,1.00,6.23
2013.12.19 15:32:32.012,1.06967,1.06971,1.50,2.18
2013.12.19 15:32:32.063,1.06967,1.06971,1.00,2.18
2013.12.19 15:32:32.114,1.06965,1.06972,2.33,1.00
2013.12.19 15:32:32.216,1.06966,1.06972,1.10,1.50
2013.12.19 15:32:32.318,1.06963,1.06972,1.65,6.83
2013.12.19 15:32:33.065,1.06961,1.06972,2.33,5.20
2013.12.19 15:32:33.820,1.06965,1.06975,3.00,3.38
2013.12.19 15:32:34.023,1.06969,1.06975,1.00,9.91
2013.12.19 15:32:34.124,1.06963,1.06974,3.45,4.83
2013.12.19 15:32:34.175,1.06963,1.06973,1.20,4.01
2013.12.19 15:32:34.492,1.06962,1.0697,1.00,4.08
2013.12.19 15:32:34.543,1.0696,1.0697,1.00,4.83
2013.12.19 15:32:35.288,1.06963,1.0697,1.00,3.93
2013.12.19 15:32:35.491,1.06965,1.06973,1.13,1.15
2013.12.19 15:32:35.642,1.06962,1.06971,1.18,2.05
2013.12.19 15:32:35.794,1.06961,1.06971,1.10,1.18
2013.12.19 15:32:35.845,1.06965,1.06972,1.00,5.33
2013.12.19 15:32:36.098,1.06962,1.06972,1.18,3.40
2013.12.19 15:32:36.552,1.0696,1.06971,1.18,3.80
2013.12.19 15:32:37.805,1.06964,1.06971,1.68,2.68
2013.12.19 15:32:38.058,1.06966,1.06975,1.08,1.20
2013.12.19 15:32:38.361,1.06966,1.06975,1.10,2.63
2013.12.19 15:32:39.036,1.06965,1.06974,1.65,3.55
2013.12.19 15:32:39.339,1.06962,1.06972,1.18,2.65
2013.12.19 15:32:39.390,1.06966,1.06974,1.00,3.08
2013.12.19 15:32:39.542,1.06967,1.06974,1.00,1.18
2013.12.19 15:32:39.693,1.06965,1.06974,2.33,1.28
2013.12.19 15:32:39.845,1.06965,1.06974,1.10,3.03
2013.12.19 15:32:39.997,1.06962,1.06974,1.18,5.70
2013.12.19 15:32:40.048,1.06965,1.06974,1.00,4.45
2013.12.19 15:32:40.403,1.06963,1.06974,1.58,5.20
2013.12.19 15:32:40.606,1.06965,1.06974,1.50,3.70
2013.12.19 15:32:40.909,1.0696,1.06972,8.33,3.40
2013.12.19 15:32:45.376,1.06962,1.06972,1.10,4.85
2013.12.19 15:32:45.893,1.0696,1.06971,1.65,2.68
2013.12.19 15:32:50.618,1.06962,1.06971,1.00,1.58
2013.12.19 15:32:54.303,1.06962,1.06971,1.38,1.58
2013.12.19 15:32:54.456,1.06968,1.06977,2.25,3.45
2013.12.19 15:32:54.507,1.06968,1.06977,2.33,1.28
2013.12.19 15:32:54.609,1.06968,1.06977,2.40,1.00
2013.12.19 15:32:55.114,1.06968,1.06977,2.40,1.38
2013.12.19 15:32:55.700,1.06968,1.06977,2.40,1.38
2013.12.19 15:32:59.746,1.0697,1.06977,1.00,5.03
2013.12.19 15:33:00.275,1.0697,1.06977,1.00,5.03
2013.12.19 15:33:01.605,1.0697,1.06977,1.00,5.03
2013.12.19 15:33:02.347,1.0697,1.06977,1.00,4.20
2013.12.19 15:33:03.456,1.0697,1.06977,1.00,4.20
2013.12.19 15:33:04.035,1.0697,1.06977,1.00,5.03
2013.12.19 15:33:04.547,1.06971,1.06977,1.00,1.28
2013.12.19 15:33:04.887,1.06967,1.06974,1.00,7.95
2013.12.19 15:33:05.413,1.06968,1.06973,1.00,4.83
2013.12.19 15:33:06.089,1.06968,1.06973,1.10,4.75
2013.12.19 15:33:06.493,1.0697,1.06976,1.00,4.20
2013.12.19 15:33:10.162,1.0697,1.06977,1.00,2.03
2013.12.19 15:33:10.842,1.06968,1.06974,1.00,6.08
2013.12.19 15:33:11.758,1.06968,1.06973,1.00,4.75
2013.12.19 15:33:12.295,1.06968,1.06973,1.00,3.75
2013.12.19 15:33:12.848,1.0697,1.06974,1.00,2.70
2013.12.19 15:33:13.266,1.06968,1.06974,1.00,3.70
2013.12.19 15:33:13.943,1.06968,1.06974,1.00,6.45
2013.12.19 15:33:15.296,1.06968,1.06974,1.10,6.63
2013.12.19 15:33:15.397,1.06965,1.06974,1.65,7.75
2013.12.19 15:33:15.904,1.06965,1.06973,1.58,7.20
2013.12.19 15:33:16.157,1.06962,1.06972,2.33,4.00
2013.12.19 15:33:16.463,1.06962,1.06969,2.25,2.50
2013.12.19 15:33:16.663,1.0696,1.06969,1.18,2.58
2013.12.19 15:33:20.979,1.0696,1.06969,1.18,5.70
2013.12.19 15:33:21.081,1.0696,1.06968,1.18,4.00
2013.12.19 15:33:21.963,1.0696,1.06968,1.00,4.15
2013.12.19 15:33:24.080,1.0696,1.06968,1.58,2.33
2013.12.19 15:33:24.599,1.0696,1.06968,1.65,1.00
2013.12.19 15:33:25.476,1.0696,1.06968,1.50,1.18
2013.12.19 15:33:36.732,1.0696,1.06968,1.65,1.00
2013.12.19 15:33:39.271,1.0696,1.06969,1.65,1.10
2013.12.19 15:33:46.574,1.0696,1.06968,1.18,2.50
2013.12.19 15:33:46.777,1.06957,1.06968,1.65,3.40
2013.12.19 15:33:53.814,1.06957,1.06965,1.18,2.50
2013.12.19 15:33:54.196,1.06952,1.06961,2.33,2.68
2013.12.19 15:33:54.246,1.06952,1.06961,1.58,2.65
2013.12.19 15:33:54.855,1.06951,1.0696,1.00,2.30
2013.12.19 15:33:58.119,1.06955,1.06962,1.00,1.65
2013.12.19 15:33:58.271,1.06955,1.06962,1.50,1.18
2013.12.19 15:33:58.321,1.06955,1.06962,5.40,1.00
2013.12.19 15:33:58.424,1.06957,1.06965,1.10,1.10
2013.12.19 15:33:58.576,1.06961,1.06967,1.00,1.15
2013.12.19 15:33:58.778,1.06961,1.06969,1.58,1.10
2013.12.19 15:33:58.879,1.06961,1.06968,1.10,2.50
2013.12.19 15:33:58.980,1.06957,1.06968,5.40,2.65
2013.12.19 15:34:05.969,1.06959,1.06968,1.58,2.65
2013.12.19 15:34:09.045,1.0696,1.06968,1.50,2.65
2013.12.19 15:34:26.608,1.06959,1.06967,1.65,2.50
2013.12.19 15:34:28.596,1.06956,1.06962,3.68,2.88
2013.12.19 15:34:28.950,1.06954,1.06962,3.00,3.05
2013.12.19 15:34:29.299,1.06955,1.06962,2.33,1.08
2013.12.19 15:34:29.351,1.06955,1.06964,2.40,1.10
2013.12.19 15:34:30.503,1.06955,1.06964,2.40,1.13
2013.12.19 15:34:30.555,1.06955,1.06964,1.58,1.58
2013.12.19 15:34:30.656,1.06952,1.06962,1.28,3.70
2013.12.19 15:34:30.859,1.06952,1.06961,1.20,2.30
2013.12.19 15:34:31.691,1.06951,1.06961,3.08,4.46
2013.12.19 15:34:32.386,1.06951,1.06961,1.50,4.45
2013.12.19 15:35:10.993,1.06951,1.0696,1.18,2.20
2013.12.19 15:35:25.540,1.06951,1.0696,1.10,10.51
2013.12.19 15:35:26.769,1.06951,1.06959,1.10,6.45
2013.12.19 15:35:31.210,1.06948,1.06959,3.30,5.95
2013.12.19 15:35:31.721,1.06948,1.06959,3.30,5.95
2013.12.19 15:35:33.324,1.06948,1.06959,1.88,4.65
2013.12.19 15:35:35.193,1.06947,1.06959,3.15,6.53
2013.12.19 15:35:36.507,1.06947,1.06959,2.40,6.53
2013.12.19 15:35:37.491,1.06947,1.06959,2.40,6.53
2013.12.19 15:35:37.793,1.06947,1.06958,2.33,6.83
2013.12.19 15:35:39.417,1.06946,1.06957,1.58,9.36
2013.12.19 15:35:39.931,1.06946,1.06956,1.00,7.83
2013.12.19 15:35:45.626,1.06946,1.06956,1.18,1.10
2013.12.19 15:35:47.282,1.06946,1.06956,1.10,1.48
2013.12.19 15:35:47.436,1.06943,1.06952,1.15,2.63
2013.12.19 15:35:47.638,1.06948,1.06953,1.00,1.10
2013.12.19 15:35:51.134,1.06948,1.06953,1.00,1.50
2013.12.19 15:35:51.235,1.06943,1.06952,1.65,2.63
2013.12.19 15:35:51.387,1.06945,1.06954,1.58,1.28
2013.12.19 15:35:51.489,1.06947,1.06955,1.00,1.15
2013.12.19 15:35:53.587,1.06945,1.06955,1.58,2.78
2013.12.19 15:35:53.739,1.06943,1.06952,1.65,2.63
2013.12.19 15:35:55.413,1.06947,1.06955,1.00,2.03
2013.12.19 15:35:56.933,1.06948,1.06955,1.00,1.15
2013.12.19 15:35:58.642,1.06947,1.06955,1.50,1.15
2013.12.19 15:36:01.831,1.06945,1.06955,2.33,3.43
2013.12.19 15:36:01.982,1.06944,1.06952,1.18,2.63
2013.12.19 15:36:05.525,1.06946,1.06952,1.00,2.63
2013.12.19 15:36:05.626,1.06946,1.06955,1.00,2.78
2013.12.19 15:36:05.727,1.06946,1.06955,1.18,2.70
2013.12.19 15:36:05.778,1.06949,1.06955,1.00,2.70
2013.12.19 15:36:05.879,1.06947,1.06955,1.10,1.95
2013.12.19 15:36:07.033,1.06946,1.06955,1.18,1.70
2013.12.19 15:36:07.084,1.06946,1.06954,1.00,2.63
2013.12.19 15:36:07.337,1.06943,1.06952,1.10,2.78
2013.12.19 15:36:14.767,1.06944,1.06952,1.00,2.78
2013.12.19 15:36:15.656,1.06945,1.06953,1.50,1.15
2013.12.19 15:36:15.808,1.06946,1.06954,1.08,2.25
2013.12.19 15:36:15.859,1.06946,1.06955,1.15,1.00
2013.12.19 15:36:20.345,1.06946,1.06955,1.15,2.85
2013.12.19 15:36:20.649,1.06942,1.06951,3.75,3.53
2013.12.19 15:36:20.800,1.06941,1.06951,1.00,13.88
2013.12.19 15:36:41.351,1.06941,1.0695,1.00,8.63
2013.12.19 15:36:54.525,1.06941,1.0695,1.65,2.25
2013.12.19 15:36:54.626,1.06945,1.06951,1.50,2.33
2013.12.19 15:36:54.929,1.06946,1.06954,1.08,2.25
2013.12.19 15:36:54.980,1.06946,1.06955,1.18,1.10
2013.12.19 15:36:55.346,1.06947,1.06955,1.00,1.08
2013.12.19 15:36:56.783,1.06947,1.06955,1.10,1.18
2013.12.19 15:36:57.343,1.06947,1.06955,1.10,1.10
2013.12.19 15:37:09.548,1.06947,1.06955,1.00,1.15
2013.12.19 15:37:13.174,1.06947,1.06955,1.10,1.10
2013.12.19 15:37:14.220,1.06947,1.06955,1.10,1.00
2013.12.19 15:37:16.058,1.06946,1.06955,1.10,1.38
2013.12.19 15:37:16.315,1.06943,1.06953,2.18,6.63
2013.12.19 15:37:16.770,1.06946,1.06953,1.00,3.08
2013.12.19 15:37:16.871,1.06946,1.06953,1.00,1.10
2013.12.19 15:37:18.609,1.06946,1.06952,1.00,2.63
2013.12.19 15:37:18.760,1.06943,1.0695,1.10,2.13
2013.12.19 15:37:18.861,1.06945,1.06953,1.00,3.90
2013.12.19 15:37:18.963,1.06945,1.06953,1.00,6.76
2013.12.19 15:37:19.266,1.06947,1.06953,1.00,2.18
2013.12.19 15:37:19.368,1.06947,1.06953,1.00,1.10
2013.12.19 15:37:32.419,1.06945,1.06953,1.58,1.10
2013.12.19 15:37:41.394,1.06948,1.06953,1.00,1.10
2013.12.19 15:37:41.956,1.06945,1.06953,1.10,1.10
2013.12.19 15:37:59.150,1.06945,1.06953,1.08,1.00
2013.12.19 15:38:04.276,1.06945,1.06953,1.10,1.08
2013.12.19 15:38:18.842,1.06944,1.06955,1.43,4.20
2013.12.19 15:38:25.204,1.06944,1.06955,1.08,1.65
2013.12.19 15:38:33.384,1.06944,1.06955,1.58,8.71
2013.12.19 15:38:33.888,1.06944,1.06955,1.50,10.88
2013.12.19 15:38:36.495,1.06944,1.06955,1.50,11.14
2013.12.19 15:38:37.154,1.06944,1.06954,1.50,9.97
2013.12.19 15:38:37.414,1.06942,1.06951,1.00,8.06
2013.12.19 15:38:37.465,1.06942,1.0695,1.00,4.59
2013.12.19 15:38:38.182,1.06941,1.06949,1.00,8.03
2013.12.19 15:38:42.644,1.06939,1.06947,1.10,5.95
2013.12.19 15:38:42.896,1.06937,1.06946,1.65,6.25
2013.12.19 15:38:42.947,1.06937,1.06946,1.58,6.40
2013.12.19 15:38:47.186,1.06935,1.06945,1.10,3.15
2013.12.19 15:38:53.419,1.06934,1.06944,1.58,8.33
2013.12.19 15:39:00.416,1.06934,1.06944,2.33,1.18
2013.12.19 15:39:00.467,1.06937,1.06944,1.00,1.10
2013.12.19 15:39:01.813,1.06934,1.06944,1.65,1.45
2013.12.19 15:39:02.016,1.06933,1.06941,1.18,2.63
2013.12.19 15:39:04.430,1.06934,1.06943,1.58,1.65
2013.12.19 15:39:04.531,1.06936,1.06944,1.00,1.20
2013.12.19 15:39:04.633,1.06936,1.06944,1.10,1.20
2013.12.19 15:39:06.577,1.06936,1.06944,1.00,2.68
2013.12.19 15:39:06.628,1.06934,1.06944,2.33,2.68
2013.12.19 15:39:06.944,1.06934,1.06944,2.40,1.58
2013.12.19 15:39:15.021,1.06936,1.06944,1.00,1.65
2013.12.19 15:39:31.596,1.06936,1.06944,1.00,2.47
2013.12.19 15:39:31.849,1.06934,1.06941,1.00,14.41
2013.12.19 15:39:31.900,1.06931,1.06941,1.10,15.91
2013.12.19 15:39:31.954,1.06931,1.06941,1.10,18.08
2013.12.19 15:39:32.506,1.0693,1.06939,1.50,7.58
2013.12.19 15:39:34.992,1.06929,1.06939,1.50,9.83
2013.12.19 15:39:43.423,1.0693,1.06939,1.00,10.72
2013.12.19 15:39:50.578,1.06932,1.06939,1.00,5.33
2013.12.19 15:39:50.730,1.06932,1.06939,1.00,1.95
2013.12.19 15:39:50.932,1.06935,1.06939,1.00,1.20
2013.12.19 15:40:12.798,1.06936,1.06941,1.00,1.58
2013.12.19 15:40:12.900,1.06936,1.06943,1.00,1.65
2013.12.19 15:40:12.951,1.06936,1.06943,1.18,1.00
2013.12.19 15:40:13.456,1.06936,1.06944,1.00,1.18
2013.12.19 15:40:15.574,1.06936,1.06944,1.00,2.70
2013.12.19 15:40:16.078,1.06933,1.06942,1.43,2.78
2013.12.19 15:40:17.333,1.0693,1.0694,2.40,5.41
2013.12.19 15:40:17.636,1.06933,1.0694,1.00,1.65
2013.12.19 15:40:18.493,1.06932,1.0694,1.00,1.65
2013.12.19 15:40:20.669,1.06932,1.0694,1.00,3.83
2013.12.19 15:40:21.228,1.06931,1.0694,1.00,3.83
2013.12.19 15:40:22.573,1.0693,1.0694,1.00,10.20
2013.12.19 15:40:30.322,1.0693,1.06939,1.00,9.45
2013.12.19 15:40:56.080,1.0693,1.06937,1.00,5.40
2013.12.19 15:40:56.501,1.06925,1.06932,1.65,7.01
2013.12.19 15:40:56.755,1.06925,1.0693,1.50,6.30
2013.12.19 15:40:56.856,1.06922,1.06929,2.25,6.30
2013.12.19 15:40:57.159,1.06919,1.06925,2.18,3.33
2013.12.19 15:40:57.260,1.06915,1.06923,1.00,5.33
2013.12.19 15:41:00.176,1.06919,1.06924,1.00,1.50
2013.12.19 15:41:00.531,1.0692,1.06927,1.50,4.95
2013.12.19 15:41:01.324,1.0692,1.06927,1.00,3.33
2013.12.19 15:41:01.628,1.06916,1.06923,3.08,2.13
2013.12.19 15:41:01.831,1.06916,1.06923,1.00,1.88
2013.12.19 15:41:04.576,1.06915,1.06923,1.10,1.88
2013.12.19 15:41:05.277,1.06918,1.06924,1.00,1.10
2013.12.19 15:41:05.805,1.0692,1.06926,1.00,2.70
2013.12.19 15:41:06.600,1.0692,1.06927,1.00,1.53
2013.12.19 15:41:06.954,1.0692,1.06927,1.50,1.20
2013.12.19 15:41:08.109,1.0692,1.06927,1.00,2.95
2013.12.19 15:41:08.627,1.06916,1.06927,3.83,3.71
2013.12.19 15:41:09.678,1.06916,1.06927,2.40,3.53
2013.12.19 15:41:10.005,1.06915,1.06925,1.10,3.25
2013.12.19 15:41:12.331,1.06915,1.06922,1.10,3.75
2013.12.19 15:41:12.433,1.06912,1.06921,1.10,3.15
2013.12.19 15:41:12.836,1.06915,1.06921,1.00,4.28
2013.12.19 15:41:13.342,1.06915,1.06922,1.00,1.95
2013.12.19 15:41:14.598,1.06918,1.06924,1.00,1.95
2013.12.19 15:41:14.901,1.06916,1.06924,1.20,1.80
2013.12.19 15:41:15.412,1.06915,1.06924,1.58,2.63
2013.12.19 15:41:16.829,1.06915,1.06924,2.25,5.56
2013.12.19 15:41:16.880,1.06918,1.06924,1.00,7.05
2013.12.19 15:41:17.032,1.06918,1.06926,1.00,5.03
2013.12.19 15:41:20.638,1.06915,1.06926,1.18,7.13
2013.12.19 15:41:21.143,1.06915,1.06925,1.00,10.43
2013.12.19 15:41:30.778,1.06915,1.06923,1.00,4.28
2013.12.19 15:41:31.474,1.06915,1.06923,1.00,4.96
2013.12.19 15:41:44.914,1.06915,1.06923,1.00,2.78
2013.12.19 15:41:45.474,1.06915,1.06923,1.00,2.70
2013.12.19 15:41:47.237,1.06915,1.06922,1.00,4.45
2013.12.19 15:41:47.783,1.06915,1.06922,1.00,1.58
