2009.07.10 09:00:30.839,1.16355,1.1638,14.60,3.40
2009.07.10 09:00:31.249,1.16355,1.1638,23.40,3.40
2009.07.10 09:00:34.428,1.1636,1.16375,1.60,1.00
2009.07.10 09:00:36.158,1.1636,1.16375,2.00,1.00
2009.07.10 09:00:36.558,1.1636,1.16375,1.60,1.00
2009.07.10 09:00:36.787,1.1636,1.16375,1.80,1.00
2009.07.10 09:00:38.437,1.1636,1.16375,1.60,1.00
2009.07.10 09:00:39.457,1.1636,1.16375,1.60,1.00
2009.07.10 09:00:39.797,1.1636,1.16375,1.40,1.00
2009.07.10 09:00:41.007,1.1636,1.16375,1.60,1.00
2009.07.10 09:00:42.676,1.1636,1.16375,1.40,1.00
2009.07.10 09:00:43.526,1.1636,1.16375,1.60,1.00
2009.07.10 09:00:45.146,1.1636,1.16375,1.60,1.00
2009.07.10 09:00:45.486,1.1636,1.16375,1.60,1.00
2009.07.10 09:00:47.585,1.1636,1.16375,1.40,1.00
2009.07.10 09:00:52.404,1.1636,1.16375,1.80,1.00
2009.07.10 09:00:52.754,1.1636,1.16375,1.60,1.00
2009.07.10 09:00:53.103,1.1636,1.16375,2.00,1.00
2009.07.10 09:00:53.663,1.1636,1.16375,1.80,1.00
2009.07.10 09:00:53.833,1.1636,1.16375,1.60,1.00
2009.07.10 09:00:58.722,1.1636,1.16375,1.60,1.00
2009.07.10 09:00:59.512,1.1636,1.1638,1.40,3.40
2009.07.10 09:00:59.922,1.1636,1.1638,4.00,2.20
2009.07.10 09:01:00.322,1.16365,1.1638,3.20,1.80
2009.07.10 09:01:06.460,1.1636,1.1638,10.60,3.40
2009.07.10 09:01:06.680,1.16365,1.16375,3.20,7.40
2009.07.10 09:01:07.080,1.16365,1.1638,3.20,5.00
2009.07.10 09:01:21.397,1.1636,1.1638,6.00,3.40
2009.07.10 09:01:21.977,1.1636,1.1638,5.20,3.40
2009.07.10 09:01:22.447,1.1636,1.1638,4.80,3.40
2009.07.10 09:01:22.927,1.1636,1.1638,4.60,3.40
2009.07.10 09:01:23.836,1.16355,1.16375,18.60,1.00
2009.07.10 09:01:24.006,1.16355,1.16375,13.80,1.00
2009.07.10 09:01:40.882,1.16355,1.16375,13.00,1.00
2009.07.10 09:01:41.422,1.16355,1.16375,11.40,1.00
2009.07.10 09:01:42.902,1.16355,1.1638,11.40,3.40
2009.07.10 09:01:43.192,1.1636,1.1638,3.20,5.40
2009.07.10 09:01:43.302,1.1636,1.1638,5.40,5.00
2009.07.10 09:01:44.181,1.16365,1.1638,3.20,5.00
2009.07.10 09:01:51.270,1.1636,1.1638,5.80,5.00
2009.07.10 09:01:51.670,1.1636,1.1638,5.40,5.00
2009.07.10 09:01:58.928,1.1636,1.1638,5.20,5.00
2009.07.10 09:02:00.008,1.1636,1.1638,5.40,5.00
2009.07.10 09:02:00.697,1.1636,1.16385,5.40,5.00
2009.07.10 09:02:00.877,1.16365,1.1638,6.40,3.20
2009.07.10 09:02:01.287,1.16365,1.16385,6.40,5.00
2009.07.10 09:02:05.376,1.16365,1.1638,6.40,1.00
2009.07.10 09:02:05.546,1.16365,1.1637,6.40,1.00
2009.07.10 09:02:05.996,1.16365,1.1637,1.60,1.00
2009.07.10 09:02:06.216,1.1636,1.1637,3.20,1.00
2009.07.10 09:02:10.805,1.16355,1.1637,9.60,2.20
2009.07.10 09:02:10.855,1.16355,1.1637,8.00,2.20
2009.07.10 09:02:11.325,1.16355,1.1637,4.80,1.00
2009.07.10 09:02:14.444,1.16355,1.1637,6.40,3.20
2009.07.10 09:02:14.494,1.16355,1.1637,9.60,2.20
2009.07.10 09:02:14.854,1.16355,1.1637,3.20,3.20
2009.07.10 09:02:17.193,1.16355,1.1637,3.20,3.40
2009.07.10 09:02:20.073,1.1635,1.16365,8.80,6.40
2009.07.10 09:02:20.363,1.1635,1.1636,8.80,3.20
2009.07.10 09:02:21.342,1.1635,1.1636,8.80,3.40
2009.07.10 09:02:23.182,1.1635,1.1636,10.40,3.40
2009.07.10 09:02:23.772,1.1635,1.1636,10.20,3.40
2009.07.10 09:02:24.692,1.1635,1.1636,10.40,3.40
2009.07.10 09:02:38.168,1.1635,1.1636,10.60,3.40
2009.07.10 09:02:38.398,1.1635,1.1636,10.80,3.40
2009.07.10 09:02:41.188,1.1635,1.16365,9.00,7.40
2009.07.10 09:02:41.658,1.16355,1.1637,1.60,3.40
2009.07.10 09:02:41.897,1.16355,1.1637,1.60,5.60
2009.07.10 09:02:57.064,1.1635,1.1637,11.40,5.60
2009.07.10 09:02:58.643,1.1636,1.1637,1.60,5.40
2009.07.10 09:02:58.814,1.16365,1.1637,3.20,3.80
2009.07.10 09:02:59.103,1.16365,1.1637,1.60,3.20
2009.07.10 09:02:59.273,1.16345,1.1637,8.20,3.20
2009.07.10 09:03:00.263,1.16345,1.1637,13.00,3.20
2009.07.10 09:03:00.443,1.1636,1.1637,1.60,1.00
2009.07.10 09:03:00.723,1.1636,1.1637,1.60,3.20
2009.07.10 09:03:01.293,1.16345,1.1637,8.20,3.20
2009.07.10 09:03:01.943,1.16345,1.1637,8.60,3.20
2009.07.10 09:03:05.492,1.1635,1.1637,8.60,3.40
2009.07.10 09:03:08.871,1.1636,1.1637,1.60,1.00
2009.07.10 09:03:09.221,1.1636,1.1637,1.60,3.20
2009.07.10 09:03:09.341,1.16355,1.16375,1.60,6.60
2009.07.10 09:03:09.571,1.16345,1.16375,8.60,6.60
2009.07.10 09:03:09.741,1.16345,1.1637,8.60,3.20
2009.07.10 09:03:11.231,1.1636,1.1637,1.60,1.00
2009.07.10 09:03:11.350,1.1636,1.1637,3.20,3.20
2009.07.10 09:03:11.470,1.1636,1.1637,1.60,3.20
2009.07.10 09:03:11.760,1.16345,1.1637,4.20,3.20
2009.07.10 09:03:11.880,1.1634,1.1637,3.40,3.20
2009.07.10 09:03:12.050,1.1634,1.1637,3.20,3.20
2009.07.10 09:03:16.360,1.16345,1.1637,3.20,3.40
2009.07.10 09:03:22.428,1.1633,1.1635,3.20,3.20
2009.07.10 09:03:22.938,1.1631,1.16345,9.80,3.20
2009.07.10 09:03:23.457,1.1631,1.1634,3.20,3.20
2009.07.10 09:03:23.678,1.16315,1.16345,3.20,12.40
2009.07.10 09:03:24.077,1.1632,1.16345,3.20,13.00
2009.07.10 09:03:24.497,1.16315,1.1634,3.20,3.20
2009.07.10 09:03:34.385,1.1632,1.16345,3.20,12.40
2009.07.10 09:03:35.205,1.1633,1.16345,1.00,12.40
2009.07.10 09:03:35.485,1.1633,1.1635,6.00,9.40
2009.07.10 09:03:35.825,1.1633,1.1635,6.00,3.00
2009.07.10 09:03:36.114,1.1633,1.1635,6.40,3.00
2009.07.10 09:03:36.385,1.1633,1.1635,4.80,5.00
2009.07.10 09:03:36.824,1.1633,1.1635,3.20,9.40
2009.07.10 09:03:38.214,1.16325,1.1635,3.20,12.60
2009.07.10 09:03:38.774,1.1632,1.1634,3.60,2.80
2009.07.10 09:03:38.944,1.1632,1.16345,4.00,12.40
2009.07.10 09:03:43.943,1.1632,1.16345,3.60,12.40
2009.07.10 09:03:44.273,1.1632,1.16345,3.20,12.40
2009.07.10 09:03:45.532,1.16315,1.1634,3.20,3.20
2009.07.10 09:03:45.932,1.1632,1.16345,3.20,12.40
2009.07.10 09:03:46.232,1.1632,1.16345,3.20,6.00
2009.07.10 09:03:48.071,1.1632,1.1634,3.20,8.00
2009.07.10 09:03:49.541,1.1632,1.1634,3.20,17.20
2009.07.10 09:03:53.690,1.1632,1.1634,3.20,8.00
2009.07.10 09:03:56.279,1.1632,1.16345,3.20,12.40
2009.07.10 09:03:56.499,1.16315,1.1634,3.20,3.20
2009.07.10 09:03:56.970,1.1632,1.16345,3.20,12.40
2009.07.10 09:03:59.159,1.1632,1.16345,3.20,12.60
2009.07.10 09:03:59.269,1.1632,1.16345,3.20,12.80
2009.07.10 09:04:00.009,1.1632,1.1634,3.20,2.80
2009.07.10 09:04:08.087,1.1632,1.16345,3.20,13.20
2009.07.10 09:04:08.587,1.16315,1.1634,3.20,3.20
2009.07.10 09:04:09.846,1.1632,1.16345,3.20,13.20
2009.07.10 09:04:09.966,1.16315,1.1634,3.20,3.20
2009.07.10 09:04:12.336,1.1632,1.16345,3.20,13.20
2009.07.10 09:04:13.015,1.1632,1.16345,3.20,12.40
2009.07.10 09:04:13.255,1.16315,1.1634,3.20,12.40
2009.07.10 09:04:16.805,1.16315,1.16335,3.20,9.20
2009.07.10 09:04:32.571,1.16315,1.16335,3.20,2.80
2009.07.10 09:04:38.979,1.16315,1.16335,3.20,9.20
2009.07.10 09:04:39.959,1.16315,1.16335,3.20,2.80
2009.07.10 09:04:40.999,1.16315,1.1634,3.20,12.60
2009.07.10 09:04:42.380,1.16315,1.16335,3.20,2.80
2009.07.10 09:04:47.007,1.16315,1.16335,3.20,9.20
2009.07.10 09:04:48.187,1.16315,1.16335,3.20,9.40
2009.07.10 09:04:51.306,1.16315,1.1633,3.20,1.00
2009.07.10 09:04:54.815,1.1631,1.1633,7.20,1.00
2009.07.10 09:04:55.145,1.1631,1.1633,8.60,1.20
2009.07.10 09:04:55.266,1.1631,1.1633,8.80,1.20
2009.07.10 09:04:55.545,1.1631,1.1633,8.80,1.20
2009.07.10 09:04:55.825,1.16315,1.1633,3.20,1.20
2009.07.10 09:04:56.705,1.1631,1.1633,9.20,1.60
2009.07.10 09:04:56.995,1.1631,1.1633,9.20,3.20
2009.07.10 09:05:02.544,1.1631,1.1633,8.80,9.40
2009.07.10 09:05:08.023,1.1631,1.1633,7.20,9.40
2009.07.10 09:05:09.482,1.1631,1.1633,7.00,9.40
2009.07.10 09:05:11.621,1.1632,1.1633,1.00,9.20
2009.07.10 09:05:11.791,1.16325,1.1633,1.60,2.80
2009.07.10 09:05:12.151,1.16325,1.1633,6.40,2.80
2009.07.10 09:05:12.331,1.16305,1.1633,8.60,2.80
2009.07.10 09:05:16.320,1.1631,1.1633,8.60,3.00
2009.07.10 09:05:16.550,1.1632,1.1633,1.00,2.80
2009.07.10 09:05:17.240,1.16325,1.16335,3.20,3.80
2009.07.10 09:05:17.420,1.16305,1.1633,7.20,2.80
2009.07.10 09:05:18.000,1.16305,1.1633,7.00,2.80
2009.07.10 09:05:18.630,1.1631,1.1633,7.20,2.80
2009.07.10 09:05:19.250,1.1631,1.1633,7.20,3.00
2009.07.10 09:05:22.259,1.16325,1.1634,8.00,3.20
2009.07.10 09:05:22.779,1.16325,1.16345,12.80,5.00
2009.07.10 09:05:23.168,1.1633,1.16345,3.20,3.20
2009.07.10 09:05:23.678,1.1633,1.1635,3.20,5.00
2009.07.10 09:05:24.018,1.16325,1.1635,8.00,6.20
2009.07.10 09:05:24.538,1.16325,1.1635,3.20,3.40
2009.07.10 09:05:25.518,1.16325,1.1635,7.40,3.40
2009.07.10 09:05:27.558,1.16325,1.1635,6.40,3.40
2009.07.10 09:05:39.835,1.1633,1.16345,1.80,1.00
2009.07.10 09:05:40.294,1.16325,1.16345,6.40,1.00
2009.07.10 09:05:42.494,1.16325,1.1635,6.40,3.40
2009.07.10 09:05:42.734,1.16335,1.1635,1.60,5.00
2009.07.10 09:05:43.175,1.16335,1.1635,3.20,3.20
2009.07.10 09:05:43.574,1.16345,1.1636,1.00,5.00
2009.07.10 09:05:45.153,1.1635,1.16365,1.20,5.00
2009.07.10 09:05:45.493,1.1635,1.16365,1.00,5.00
2009.07.10 09:05:45.793,1.16345,1.16365,3.20,5.00
2009.07.10 09:05:54.231,1.1634,1.16365,4.80,3.40
2009.07.10 09:05:54.341,1.1634,1.16365,4.80,12.60
2009.07.10 09:05:54.401,1.16345,1.16365,3.20,12.60
2009.07.10 09:05:56.060,1.16335,1.1636,8.80,12.60
2009.07.10 09:05:56.180,1.16335,1.1636,6.40,12.60
2009.07.10 09:05:59.170,1.16335,1.16355,6.40,1.00
2009.07.10 09:06:03.929,1.16335,1.16355,3.20,5.00
2009.07.10 09:06:05.638,1.1633,1.1635,5.00,3.20
2009.07.10 09:06:06.328,1.1633,1.1635,2.20,3.20
2009.07.10 09:06:07.478,1.1633,1.1635,2.20,3.40
2009.07.10 09:06:07.698,1.1633,1.1635,1.80,3.40
2009.07.10 09:06:10.297,1.1633,1.16345,1.80,1.00
2009.07.10 09:06:11.177,1.1633,1.1635,1.80,3.20
2009.07.10 09:06:11.647,1.1633,1.1635,2.20,3.20
2009.07.10 09:06:12.557,1.1633,1.1635,4.00,3.20
2009.07.10 09:06:12.786,1.1633,1.1635,2.60,3.20
2009.07.10 09:06:13.077,1.1633,1.1635,1.20,3.20
2009.07.10 09:06:13.426,1.1633,1.1635,2.20,3.20
2009.07.10 09:06:14.007,1.1633,1.1635,1.80,3.20
2009.07.10 09:06:16.826,1.16335,1.1636,3.20,6.00
2009.07.10 09:06:17.345,1.1634,1.1636,3.20,2.80
2009.07.10 09:06:19.005,1.16345,1.1636,3.20,2.80
2009.07.10 09:06:19.065,1.16345,1.1637,3.20,5.00
2009.07.10 09:06:19.345,1.16345,1.1637,3.20,3.40
2009.07.10 09:06:21.335,1.1634,1.16365,9.80,3.20
2009.07.10 09:06:21.804,1.1634,1.16365,3.20,13.20
2009.07.10 09:06:22.264,1.16345,1.1637,4.80,14.00
2009.07.10 09:06:22.494,1.16345,1.1637,6.40,12.40
2009.07.10 09:06:23.024,1.1634,1.16365,5.60,12.40
2009.07.10 09:06:23.314,1.1634,1.16365,3.20,12.40
2009.07.10 09:06:23.834,1.1634,1.16365,3.20,6.00
2009.07.10 09:06:24.884,1.1634,1.16365,3.20,12.40
2009.07.10 09:06:26.834,1.1634,1.16365,3.20,6.00
2009.07.10 09:06:33.642,1.1634,1.16365,3.20,12.40
2009.07.10 09:06:34.502,1.1634,1.16365,3.20,6.00
2009.07.10 09:06:35.072,1.16345,1.1637,3.20,12.40
2009.07.10 09:06:59.635,1.1634,1.16365,3.20,3.20
2009.07.10 09:07:08.473,1.16335,1.1636,3.20,3.20
2009.07.10 09:07:14.492,1.16335,1.1636,3.20,3.40
2009.07.10 09:07:15.652,1.16335,1.1636,3.20,3.20
2009.07.10 09:07:15.991,1.1634,1.16365,3.20,13.20
2009.07.10 09:07:16.371,1.1634,1.16365,3.20,12.40
2009.07.10 09:07:16.731,1.16345,1.1637,3.20,14.00
2009.07.10 09:07:17.303,1.16345,1.1637,3.20,12.40
2009.07.10 09:07:57.961,1.1635,1.1637,1.20,12.40
2009.07.10 09:07:58.251,1.1636,1.1637,1.80,6.00
2009.07.10 09:07:58.761,1.1636,1.1639,5.40,12.40
2009.07.10 09:07:58.941,1.16365,1.1639,3.20,9.20
2009.07.10 09:07:59.921,1.16365,1.16385,3.20,2.80
2009.07.10 09:08:03.080,1.1637,1.16385,1.20,2.80
2009.07.10 09:08:03.360,1.1637,1.1639,1.20,12.60
2009.07.10 09:08:03.520,1.1637,1.1639,1.20,12.40
2009.07.10 09:08:03.800,1.1637,1.16395,4.40,12.40
2009.07.10 09:08:05.380,1.1637,1.16395,5.40,12.40
2009.07.10 09:08:06.439,1.1637,1.16395,4.80,12.40
2009.07.10 09:08:07.549,1.1637,1.16395,5.40,12.40
2009.07.10 09:08:09.798,1.1637,1.16395,5.40,3.20
2009.07.10 09:08:10.078,1.1637,1.16395,4.40,3.20
2009.07.10 09:08:10.568,1.1637,1.16395,4.40,9.60
2009.07.10 09:08:10.788,1.1637,1.16395,4.40,12.40
2009.07.10 09:08:11.918,1.1637,1.16395,4.40,3.20
2009.07.10 09:08:13.577,1.16385,1.16395,1.00,3.20
2009.07.10 09:08:14.077,1.16385,1.16405,1.00,12.40
2009.07.10 09:08:14.357,1.16385,1.1641,6.60,9.20
2009.07.10 09:08:14.657,1.1639,1.1641,6.40,9.20
2009.07.10 09:08:18.377,1.1639,1.16415,5.80,12.40
2009.07.10 09:08:18.896,1.16395,1.16415,1.60,12.40
2009.07.10 09:08:25.425,1.164,1.16415,1.00,12.40
2009.07.10 09:08:25.985,1.164,1.1642,1.20,12.60
2009.07.10 09:08:29.234,1.164,1.1641,1.20,5.00
2009.07.10 09:08:33.613,1.164,1.16415,1.60,3.00
2009.07.10 09:08:33.883,1.164,1.1641,1.60,3.20
2009.07.10 09:08:34.302,1.164,1.16415,1.60,5.00
2009.07.10 09:08:35.742,1.164,1.16415,1.80,5.00
2009.07.10 09:08:42.471,1.16415,1.1642,1.00,12.10
2009.07.10 09:08:44.152,1.1642,1.16425,1.60,10.50
2009.07.10 09:08:44.260,1.1642,1.16425,1.60,18.10
2009.07.10 09:08:45.090,1.1642,1.16425,1.40,18.10
2009.07.10 09:08:45.790,1.1642,1.16425,1.20,18.10
2009.07.10 09:08:47.869,1.1642,1.16425,1.00,18.10
2009.07.10 09:08:48.249,1.1642,1.16425,1.20,18.10
2009.07.10 09:08:50.609,1.1642,1.16425,1.20,18.10
2009.07.10 09:08:51.988,1.1642,1.16425,1.60,18.10
2009.07.10 09:08:52.468,1.1642,1.16425,1.20,18.10
2009.07.10 09:08:52.968,1.164,1.1642,1.60,6.20
2009.07.10 09:08:53.198,1.16395,1.1642,1.20,12.60
2009.07.10 09:08:53.958,1.16395,1.1642,1.00,12.60
2009.07.10 09:08:57.237,1.164,1.16415,1.00,1.00
2009.07.10 09:08:57.657,1.164,1.16415,1.20,1.00
2009.07.10 09:08:59.598,1.164,1.16415,1.20,1.00
2009.07.10 09:09:02.077,1.164,1.1642,1.20,12.40
2009.07.10 09:09:02.246,1.164,1.1642,1.00,12.40
2009.07.10 09:09:03.615,1.164,1.1642,1.20,12.40
2009.07.10 09:09:10.294,1.164,1.1642,1.00,12.40
2009.07.10 09:09:10.414,1.16395,1.1642,6.40,12.40
2009.07.10 09:09:10.694,1.16395,1.16415,6.40,9.20
2009.07.10 09:09:11.094,1.16395,1.16415,3.20,9.20
2009.07.10 09:09:19.881,1.16375,1.164,8.80,3.20
2009.07.10 09:09:20.121,1.1638,1.164,6.40,3.20
2009.07.10 09:09:20.581,1.1636,1.164,3.20,3.20
2009.07.10 09:09:21.171,1.16355,1.1638,1.20,3.20
2009.07.10 09:09:22.041,1.1637,1.1639,3.20,13.20
2009.07.10 09:09:22.211,1.1637,1.16395,3.20,9.20
2009.07.10 09:09:22.991,1.1637,1.16395,3.20,2.80
2009.07.10 09:09:24.420,1.16375,1.164,3.20,12.40
2009.07.10 09:09:24.770,1.16375,1.164,3.20,6.00
2009.07.10 09:09:26.490,1.16375,1.164,3.40,3.20
2009.07.10 09:09:26.730,1.1638,1.16405,3.20,6.60
2009.07.10 09:09:27.779,1.1638,1.16405,3.20,13.00
2009.07.10 09:09:29.919,1.1638,1.16405,3.20,6.60
2009.07.10 09:09:31.309,1.16385,1.16405,3.20,2.80
2009.07.10 09:09:34.878,1.16385,1.1641,3.20,12.40
2009.07.10 09:09:36.167,1.1639,1.16415,4.40,12.40
2009.07.10 09:09:36.448,1.1639,1.16415,5.00,12.40
2009.07.10 09:09:36.738,1.164,1.16435,3.20,17.20
2009.07.10 09:09:37.427,1.16405,1.16435,1.60,12.40
2009.07.10 09:09:37.587,1.164,1.16435,3.20,12.40
2009.07.10 09:09:42.416,1.1641,1.16435,3.20,12.40
2009.07.10 09:09:43.466,1.1641,1.16435,4.80,12.40
2009.07.10 09:10:03.401,1.1642,1.1644,3.20,3.20
2009.07.10 09:10:03.871,1.16415,1.1644,1.60,12.40
2009.07.10 09:10:04.801,1.1642,1.16435,1.60,12.40
2009.07.10 09:10:08.040,1.1642,1.16435,1.80,12.40
2009.07.10 09:10:08.861,1.1642,1.16435,1.60,12.40
2009.07.10 09:10:11.189,1.1642,1.16435,1.00,12.40
2009.07.10 09:10:11.759,1.1642,1.16435,1.00,12.40
2009.07.10 09:10:12.219,1.1642,1.16435,1.20,12.40
2009.07.10 09:10:12.269,1.1642,1.16435,1.60,12.40
2009.07.10 09:10:23.388,1.1642,1.16435,1.20,12.40
2009.07.10 09:10:24.606,1.1642,1.16435,1.60,12.40
2009.07.10 09:10:25.186,1.1642,1.16435,1.20,12.40
2009.07.10 09:10:25.765,1.1642,1.16435,1.40,12.40
2009.07.10 09:10:25.926,1.1642,1.16435,1.60,12.40
2009.07.10 09:10:26.635,1.1642,1.16435,1.20,12.40
2009.07.10 09:10:28.985,1.1642,1.16435,1.80,12.40
2009.07.10 09:10:33.904,1.1642,1.1644,1.20,12.40
2009.07.10 09:10:34.244,1.1642,1.16435,1.80,12.40
2009.07.10 09:10:34.594,1.1642,1.16435,1.80,9.20
2009.07.10 09:10:34.953,1.1642,1.16435,1.80,12.40
2009.07.10 09:10:43.482,1.1642,1.16435,1.20,12.40
2009.07.10 09:10:43.891,1.1642,1.16435,1.80,12.40
2009.07.10 09:10:44.351,1.1642,1.16435,1.40,12.40
2009.07.10 09:10:45.041,1.1642,1.16435,1.20,12.40
2009.07.10 09:10:45.941,1.1642,1.16435,1.80,2.80
2009.07.10 09:10:46.281,1.1642,1.16435,1.80,6.00
2009.07.10 09:10:52.109,1.1642,1.16435,1.80,9.20
2009.07.10 09:10:52.469,1.1642,1.16435,1.80,12.40
2009.07.10 09:10:55.969,1.1641,1.16435,5.00,12.40
2009.07.10 09:10:58.498,1.1642,1.16435,1.60,12.40
2009.07.10 09:10:58.608,1.1642,1.16435,1.60,12.40
2009.07.10 09:10:59.228,1.1642,1.16435,1.60,12.40
2009.07.10 09:10:59.528,1.1642,1.16435,1.80,12.40
2009.07.10 09:11:09.286,1.1641,1.16435,5.00,12.40
2009.07.10 09:11:17.564,1.1642,1.16435,1.80,12.40
2009.07.10 09:11:18.474,1.1642,1.16435,1.80,9.20
2009.07.10 09:11:18.984,1.1642,1.16435,1.80,6.00
2009.07.10 09:11:19.283,1.1642,1.16435,1.80,12.40
2009.07.10 09:11:24.042,1.16375,1.1642,27.40,6.40
2009.07.10 09:11:24.393,1.1638,1.1642,1.60,3.20
2009.07.10 09:11:24.732,1.1639,1.1643,3.20,9.20
2009.07.10 09:11:25.142,1.164,1.16425,4.80,13.20
2009.07.10 09:11:25.552,1.164,1.16425,3.20,13.20
2009.07.10 09:11:28.001,1.16415,1.16425,1.00,6.00
2009.07.10 09:11:28.591,1.16415,1.1643,1.00,12.40
2009.07.10 09:11:29.061,1.16415,1.16435,1.20,13.20
2009.07.10 09:11:29.581,1.1642,1.16435,1.20,13.20
2009.07.10 09:11:32.390,1.1642,1.1644,2.20,12.60
2009.07.10 09:11:32.750,1.1642,1.1644,1.80,12.60
2009.07.10 09:11:34.060,1.1642,1.1644,2.00,12.60
2009.07.10 09:11:34.299,1.1642,1.1644,2.20,12.60
2009.07.10 09:11:35.669,1.16415,1.1643,3.20,2.80
2009.07.10 09:11:35.949,1.16405,1.1643,3.20,6.00
2009.07.10 09:11:36.229,1.16405,1.1643,3.20,12.40
2009.07.10 09:11:46.528,1.164,1.1643,6.00,14.00
2009.07.10 09:11:46.937,1.16395,1.1642,6.60,3.20
2009.07.10 09:11:47.226,1.164,1.16425,3.40,13.00
2009.07.10 09:11:47.848,1.164,1.16425,3.20,13.80
2009.07.10 09:11:53.585,1.164,1.16425,3.20,14.00
2009.07.10 09:11:54.444,1.164,1.16425,3.20,13.80
2009.07.10 09:11:55.454,1.164,1.16425,3.20,13.00
2009.07.10 09:11:55.955,1.164,1.16425,3.20,12.80
2009.07.10 09:11:58.244,1.164,1.16425,3.20,13.00
2009.07.10 09:11:59.504,1.164,1.16425,3.20,13.20
2009.07.10 09:12:05.492,1.164,1.16415,3.20,1.00
2009.07.10 09:12:05.772,1.16395,1.16415,10.60,1.00
2009.07.10 09:12:06.292,1.16395,1.16415,9.00,1.00
2009.07.10 09:12:08.651,1.16395,1.1641,9.00,1.00
2009.07.10 09:12:09.341,1.1639,1.164,8.00,1.00
2009.07.10 09:12:09.691,1.16385,1.164,19.00,1.00
2009.07.10 09:12:10.031,1.16385,1.164,15.80,1.00
2009.07.10 09:12:10.261,1.1639,1.16395,1.00,2.80
2009.07.10 09:12:10.941,1.1637,1.16395,3.20,2.80
2009.07.10 09:12:12.910,1.1638,1.16395,3.20,2.80
2009.07.10 09:12:13.140,1.1638,1.16405,3.20,12.40
2009.07.10 09:12:15.439,1.16385,1.1641,3.20,12.40
2009.07.10 09:12:18.859,1.16385,1.1641,12.00,3.20
2009.07.10 09:12:24.357,1.16385,1.1641,12.20,3.20
2009.07.10 09:12:41.693,1.16385,1.1641,10.60,3.20
2009.07.10 09:12:52.111,1.1639,1.16415,3.20,13.00
2009.07.10 09:12:52.591,1.1639,1.16415,3.20,12.40
2009.07.10 09:12:56.670,1.16385,1.164,3.20,1.20
2009.07.10 09:12:59.869,1.1638,1.164,1.60,3.20
2009.07.10 09:13:03.568,1.16375,1.164,6.40,12.40
2009.07.10 09:13:09.977,1.16365,1.1639,3.20,3.20
2009.07.10 09:13:11.596,1.1637,1.16395,3.20,12.40
2009.07.10 09:13:13.696,1.1635,1.16385,3.20,3.20
2009.07.10 09:13:17.155,1.1636,1.16385,3.20,13.20
2009.07.10 09:13:23.513,1.1636,1.16385,3.20,12.40
2009.07.10 09:13:23.683,1.1636,1.16385,3.20,3.20
2009.07.10 09:13:31.321,1.16355,1.1638,3.20,3.20
2009.07.10 09:13:32.121,1.16355,1.1638,3.20,6.00
2009.07.10 09:13:36.160,1.16355,1.1637,3.20,1.20
2009.07.10 09:13:36.500,1.1635,1.16375,3.20,13.20
2009.07.10 09:13:36.860,1.1635,1.16375,3.20,13.60
2009.07.10 09:13:37.200,1.1635,1.16375,3.20,13.40
2009.07.10 09:13:37.260,1.1635,1.16375,3.20,13.20
2009.07.10 09:13:38.820,1.1635,1.16375,3.20,13.40
2009.07.10 09:13:39.259,1.1635,1.16375,3.20,13.20
2009.07.10 09:13:39.799,1.16345,1.16365,3.20,2.80
2009.07.10 09:13:40.029,1.16335,1.16355,1.00,3.20
2009.07.10 09:13:40.209,1.1633,1.16355,9.80,3.20
2009.07.10 09:13:40.649,1.1633,1.16355,3.20,3.20
2009.07.10 09:13:41.909,1.16325,1.1635,3.20,3.20
2009.07.10 09:13:42.329,1.16325,1.1634,3.20,1.00
2009.07.10 09:13:42.889,1.1632,1.16345,9.80,3.40
2009.07.10 09:13:43.528,1.1632,1.16345,3.20,13.40
2009.07.10 09:13:44.648,1.1633,1.1634,3.20,1.80
2009.07.10 09:13:45.058,1.1633,1.1634,3.20,1.60
2009.07.10 09:13:45.238,1.1633,1.1636,3.20,3.20
2009.07.10 09:13:46.308,1.1633,1.16355,3.20,12.40
2009.07.10 09:13:46.708,1.1633,1.16345,3.20,1.00
2009.07.10 09:14:00.914,1.16325,1.1634,9.60,1.00
2009.07.10 09:14:03.043,1.16325,1.1634,6.40,1.00
2009.07.10 09:14:03.344,1.1632,1.1634,8.80,2.80
2009.07.10 09:14:03.523,1.1632,1.1634,3.80,2.80
2009.07.10 09:14:03.763,1.1632,1.16345,3.80,13.20
2009.07.10 09:14:04.964,1.1632,1.16345,3.80,13.00
2009.07.10 09:14:05.583,1.1632,1.16345,3.80,3.80
2009.07.10 09:14:08.393,1.1632,1.16345,3.80,13.00
2009.07.10 09:14:08.962,1.1632,1.16345,3.80,13.20
2009.07.10 09:14:10.342,1.1632,1.16345,3.80,12.80
2009.07.10 09:14:10.562,1.1632,1.16345,4.00,12.80
2009.07.10 09:14:10.732,1.1632,1.16345,4.00,13.80
2009.07.10 09:14:12.781,1.1632,1.16345,4.00,13.00
2009.07.10 09:14:13.221,1.1632,1.16345,3.80,13.00
2009.07.10 09:14:15.870,1.1632,1.16345,3.40,13.80
2009.07.10 09:14:16.040,1.1632,1.16345,3.20,13.80
2009.07.10 09:14:16.150,1.1632,1.16345,3.20,13.60
2009.07.10 09:14:19.140,1.1632,1.16345,3.40,13.60
2009.07.10 09:14:19.260,1.1632,1.16345,3.80,12.80
2009.07.10 09:14:20.479,1.1632,1.16345,3.80,6.40
2009.07.10 09:14:20.599,1.1632,1.16345,3.80,3.60
2009.07.10 09:14:23.439,1.1632,1.16345,3.40,3.60
2009.07.10 09:14:23.789,1.1632,1.16345,3.20,3.60
2009.07.10 09:14:26.338,1.1632,1.16345,3.20,3.20
2009.07.10 09:14:33.477,1.1632,1.16345,3.20,3.60
2009.07.10 09:14:33.836,1.1632,1.16345,3.80,3.60
2009.07.10 09:14:36.036,1.1632,1.16345,3.20,3.60
2009.07.10 09:14:36.716,1.1632,1.16345,3.80,3.40
2009.07.10 09:14:37.175,1.1632,1.16345,3.40,3.60
2009.07.10 09:14:37.405,1.1632,1.16345,3.20,3.60
2009.07.10 09:14:38.505,1.1632,1.16345,3.80,3.40
2009.07.10 09:14:39.365,1.1632,1.16345,3.20,3.60
2009.07.10 09:14:45.804,1.16315,1.1634,9.60,6.40
2009.07.10 09:14:46.923,1.16315,1.1634,9.80,3.20
2009.07.10 09:14:47.203,1.1632,1.16345,3.20,6.80
2009.07.10 09:14:47.554,1.1632,1.16345,3.20,6.60
2009.07.10 09:14:49.802,1.1632,1.1634,3.20,2.80
2009.07.10 09:14:50.153,1.1632,1.1634,3.20,9.20
2009.07.10 09:14:55.821,1.1632,1.1634,3.20,2.80
2009.07.10 09:14:56.111,1.1632,1.16345,3.20,13.20
2009.07.10 09:14:56.341,1.1632,1.16345,3.20,6.80
2009.07.10 09:14:57.081,1.1632,1.16345,3.20,7.60
2009.07.10 09:14:57.250,1.1632,1.16345,3.20,14.00
2009.07.10 09:15:00.240,1.1632,1.16345,3.20,12.40
2009.07.10 09:15:01.689,1.1632,1.16345,3.20,13.20
2009.07.10 09:15:04.059,1.16315,1.1634,3.20,3.20
2009.07.10 09:15:04.409,1.16315,1.1634,3.20,12.40
2009.07.10 09:15:05.928,1.1632,1.1634,3.20,9.20
2009.07.10 09:15:16.606,1.16315,1.1634,3.20,12.40
2009.07.10 09:15:16.726,1.16315,1.1633,3.20,1.00
2009.07.10 09:15:20.105,1.16315,1.1633,3.20,1.20
2009.07.10 09:15:20.385,1.1631,1.16335,5.40,4.00
2009.07.10 09:15:22.165,1.1631,1.16335,5.40,10.40
2009.07.10 09:15:22.665,1.1631,1.16335,5.40,13.20
2009.07.10 09:15:23.634,1.1631,1.16335,5.60,13.20
2009.07.10 09:15:23.914,1.1631,1.16335,5.60,13.00
2009.07.10 09:15:24.324,1.1631,1.16335,5.00,13.20
2009.07.10 09:15:35.151,1.1632,1.16345,3.20,13.40
2009.07.10 09:15:37.511,1.1632,1.16345,3.20,13.60
2009.07.10 09:15:38.261,1.1632,1.16345,3.20,13.80
2009.07.10 09:15:38.722,1.1632,1.16345,3.20,14.00
2009.07.10 09:15:47.438,1.16315,1.1633,3.20,1.00
2009.07.10 09:15:47.988,1.16315,1.1633,3.20,1.00
2009.07.10 09:15:48.628,1.1632,1.1634,3.20,9.20
2009.07.10 09:15:55.237,1.1631,1.1633,4.00,3.20
2009.07.10 09:15:55.347,1.1631,1.1633,4.00,3.20
2009.07.10 09:15:55.637,1.1631,1.1633,2.60,6.40
2009.07.10 09:15:55.916,1.1631,1.1633,1.60,6.40
2009.07.10 09:15:57.156,1.1631,1.1633,1.60,9.20
2009.07.10 09:15:57.266,1.1631,1.1633,1.60,12.40
2009.07.10 09:15:57.707,1.1631,1.1633,1.40,12.40
2009.07.10 09:15:58.086,1.1631,1.1633,1.20,12.40
2009.07.10 09:15:58.376,1.1631,1.1633,1.40,12.40
2009.07.10 09:15:59.086,1.1631,1.16335,6.00,12.40
2009.07.10 09:15:59.586,1.16315,1.16335,3.20,2.80
2009.07.10 09:16:36.247,1.16315,1.1634,3.20,12.40
2009.07.10 09:16:37.507,1.16315,1.1633,3.20,1.00
2009.07.10 09:16:37.616,1.16315,1.1634,3.20,12.40
2009.07.10 09:16:51.403,1.1632,1.1634,3.20,9.20
2009.07.10 09:16:51.583,1.1632,1.16345,5.00,12.40
2009.07.10 09:16:52.223,1.1632,1.16345,4.80,12.40
2009.07.10 09:16:55.212,1.1632,1.16345,5.20,12.40
2009.07.10 09:16:55.502,1.1632,1.16345,5.00,12.40
2009.07.10 09:17:01.771,1.1633,1.16345,3.60,9.20
2009.07.10 09:17:02.061,1.1633,1.16345,3.80,9.20
2009.07.10 09:17:02.631,1.1633,1.1635,4.80,3.20
2009.07.10 09:17:02.981,1.16335,1.1636,4.80,12.60
2009.07.10 09:17:03.450,1.16335,1.1636,3.20,12.60
2009.07.10 09:17:03.860,1.16335,1.1636,4.80,12.60
2009.07.10 09:17:04.210,1.16335,1.16355,4.80,2.80
2009.07.10 09:17:04.610,1.16335,1.16355,3.20,2.80
2009.07.10 09:17:05.580,1.16335,1.16355,3.20,9.20
2009.07.10 09:17:06.100,1.1633,1.1635,5.60,3.20
2009.07.10 09:17:06.280,1.16335,1.16355,3.20,9.20
2009.07.10 09:17:19.316,1.16335,1.16355,4.80,9.20
2009.07.10 09:17:19.736,1.16335,1.16355,3.20,9.20
2009.07.10 09:17:31.094,1.16335,1.1636,3.20,12.60
2009.07.10 09:17:42.031,1.16345,1.1636,1.20,12.60
2009.07.10 09:17:42.741,1.16345,1.1636,1.00,3.20
2009.07.10 09:17:43.261,1.1635,1.1636,1.20,12.40
2009.07.10 09:17:43.600,1.1635,1.1636,1.00,12.40
2009.07.10 09:17:44.580,1.1635,1.1636,1.00,12.40
2009.07.10 09:17:44.860,1.1635,1.1636,1.60,12.40
2009.07.10 09:17:45.320,1.1635,1.1636,1.60,3.20
2009.07.10 09:17:45.900,1.1635,1.1636,1.20,3.20
2009.07.10 09:17:46.250,1.1635,1.1636,1.20,3.20
2009.07.10 09:17:46.950,1.1635,1.1636,1.20,3.20
2009.07.10 09:17:47.400,1.1635,1.1636,1.60,3.20
2009.07.10 09:17:48.380,1.1635,1.16365,1.60,12.40
2009.07.10 09:17:48.899,1.1636,1.1637,4.00,2.80
2009.07.10 09:17:49.189,1.16365,1.1639,3.20,6.40
2009.07.10 09:17:49.690,1.16365,1.16395,3.20,12.60
2009.07.10 09:17:53.169,1.16365,1.1639,3.20,12.40
2009.07.10 09:17:57.507,1.16365,1.1639,3.20,6.00
2009.07.10 09:17:57.927,1.16365,1.1639,4.80,6.00
2009.07.10 09:18:02.556,1.1637,1.1639,1.20,6.00
2009.07.10 09:18:03.316,1.16365,1.1639,4.80,6.00
2009.07.10 09:18:17.882,1.1637,1.1639,1.20,6.00
2009.07.10 09:18:24.751,1.1637,1.1639,1.20,6.00
2009.07.10 09:18:26.000,1.1637,1.1639,1.80,6.00
2009.07.10 09:18:26.120,1.1637,1.1639,2.20,6.00
2009.07.10 09:18:27.000,1.1637,1.1639,2.00,6.00
2009.07.10 09:18:27.351,1.1637,1.1639,1.80,6.00
2009.07.10 09:18:27.870,1.1637,1.1639,1.20,6.00
2009.07.10 09:18:34.198,1.16365,1.1639,4.80,6.00
2009.07.10 09:18:37.148,1.1637,1.1639,1.20,6.00
2009.07.10 09:18:37.207,1.1637,1.1639,1.60,6.00
2009.07.10 09:18:37.517,1.1637,1.1639,1.80,6.00
2009.07.10 09:18:38.657,1.1637,1.1639,1.20,6.00
2009.07.10 09:18:46.175,1.1637,1.1639,1.20,6.20
2009.07.10 09:18:48.915,1.16365,1.1639,3.20,6.20
2009.07.10 09:18:53.504,1.16365,1.1639,3.20,12.60
2009.07.10 09:18:54.184,1.16365,1.1638,3.20,2.80
2009.07.10 09:18:54.427,1.16345,1.16375,6.60,3.20
2009.07.10 09:18:54.763,1.16345,1.16375,3.40,9.60
2009.07.10 09:18:55.043,1.16345,1.16375,3.20,12.40
2009.07.10 09:19:00.682,1.1635,1.1637,3.20,9.20
2009.07.10 09:19:01.522,1.16345,1.1637,3.20,12.40
2009.07.10 09:19:02.482,1.1635,1.1637,3.20,9.20
2009.07.10 09:19:02.811,1.1635,1.1637,3.20,2.80
2009.07.10 09:19:07.190,1.1635,1.1637,3.80,2.80
2009.07.10 09:19:07.940,1.1635,1.1637,3.20,2.80
2009.07.10 09:19:08.170,1.1635,1.1637,3.80,2.80
2009.07.10 09:19:10.000,1.1635,1.1637,3.40,2.80
2009.07.10 09:19:10.060,1.1635,1.1637,3.20,2.80
2009.07.10 09:19:15.808,1.1635,1.1637,3.20,9.20
2009.07.10 09:19:19.207,1.1635,1.1637,3.20,10.80
2009.07.10 09:19:19.437,1.1633,1.1636,3.40,3.20
2009.07.10 09:19:19.657,1.1633,1.1636,3.20,3.20
2009.07.10 09:19:30.935,1.1635,1.1637,4.80,2.80
2009.07.10 09:19:31.335,1.16355,1.16375,4.80,9.60
2009.07.10 09:19:31.504,1.16365,1.16385,3.20,2.80
2009.07.10 09:19:43.282,1.16365,1.1639,3.20,6.20
2009.07.10 09:19:44.861,1.16365,1.1639,3.20,3.20
2009.07.10 09:19:45.131,1.1637,1.16395,3.20,3.20
2009.07.10 09:19:47.781,1.1637,1.16395,3.20,12.40
2009.07.10 09:19:48.121,1.16365,1.1639,3.20,3.20
2009.07.10 09:19:48.470,1.16365,1.1638,3.20,1.00
2009.07.10 09:19:48.821,1.16365,1.1638,3.20,1.00
2009.07.10 09:19:49.170,1.1637,1.164,3.20,13.20
2009.07.10 09:19:49.640,1.1637,1.164,3.20,3.20
2009.07.10 09:19:53.329,1.1637,1.16395,3.20,12.40
2009.07.10 09:19:58.219,1.16365,1.1639,3.20,3.20
2009.07.10 09:19:58.628,1.1637,1.16395,3.20,12.40
2009.07.10 09:20:00.787,1.1637,1.16395,4.40,12.40
2009.07.10 09:20:01.317,1.1637,1.16395,3.20,12.40
2009.07.10 09:20:04.357,1.1637,1.16395,4.40,12.40
2009.07.10 09:20:05.477,1.1637,1.16395,3.80,12.40
2009.07.10 09:20:05.826,1.1637,1.16395,3.20,12.40
2009.07.10 09:20:08.375,1.1637,1.16395,3.80,12.40
2009.07.10 09:20:08.666,1.1637,1.16395,4.40,12.40
2009.07.10 09:20:09.356,1.1637,1.16395,5.00,12.40
2009.07.10 09:20:10.175,1.1637,1.16395,4.40,12.40
2009.07.10 09:20:10.465,1.1637,1.16395,3.80,12.40
2009.07.10 09:20:10.585,1.16375,1.16395,3.20,9.20
2009.07.10 09:20:20.863,1.1638,1.16395,3.20,2.80
2009.07.10 09:20:21.153,1.1638,1.164,3.20,9.20
2009.07.10 09:20:22.542,1.1639,1.16405,1.00,9.20
2009.07.10 09:20:22.862,1.1639,1.16415,4.80,6.00
2009.07.10 09:20:23.312,1.1639,1.16415,4.80,7.60
2009.07.10 09:20:23.782,1.1639,1.16415,4.80,7.60
2009.07.10 09:20:25.512,1.1639,1.16415,3.80,9.20
2009.07.10 09:20:25.733,1.1639,1.1641,1.00,12.40
2009.07.10 09:20:26.251,1.16385,1.1641,3.20,12.40
2009.07.10 09:20:27.881,1.1638,1.16405,3.20,3.20
2009.07.10 09:20:32.690,1.1639,1.16405,1.00,3.20
2009.07.10 09:20:32.919,1.1639,1.1641,1.00,12.60
2009.07.10 09:20:34.639,1.16385,1.1641,3.20,12.60
2009.07.10 09:20:35.099,1.1639,1.1641,1.00,12.60
2009.07.10 09:20:35.729,1.16385,1.1641,3.20,12.60
2009.07.10 09:20:38.219,1.1639,1.1641,1.80,6.20
2009.07.10 09:20:38.779,1.1639,1.1641,1.80,3.40
2009.07.10 09:20:39.058,1.1639,1.1641,1.80,6.20
2009.07.10 09:20:39.338,1.1639,1.1641,1.00,12.60
2009.07.10 09:20:39.618,1.16385,1.1641,3.20,12.60
2009.07.10 09:21:30.586,1.16385,1.1641,3.20,12.40
2009.07.10 09:22:08.217,1.1639,1.1641,1.20,3.20
2009.07.10 09:22:08.437,1.1639,1.1641,1.60,3.20
2009.07.10 09:22:08.827,1.1639,1.1641,2.20,3.20
2009.07.10 09:22:09.057,1.1639,1.1641,1.80,3.20
2009.07.10 09:22:10.546,1.1639,1.1641,2.20,3.40
2009.07.10 09:22:10.776,1.1639,1.1641,1.20,3.40
2009.07.10 09:22:11.857,1.1638,1.16405,3.20,3.20
2009.07.10 09:22:44.548,1.16375,1.164,3.20,3.20
2009.07.10 09:23:13.081,1.1639,1.1641,3.20,3.20
2009.07.10 09:23:13.301,1.16395,1.16415,3.20,6.40
2009.07.10 09:23:13.481,1.16395,1.1642,3.20,12.40
2009.07.10 09:23:14.351,1.16395,1.1642,8.00,3.20
2009.07.10 09:23:22.539,1.16395,1.1641,4.80,3.20
2009.07.10 09:23:22.649,1.1639,1.1641,10.80,3.20
2009.07.10 09:23:22.889,1.1639,1.1641,2.80,3.20
2009.07.10 09:23:23.459,1.1639,1.1641,2.40,3.20
2009.07.10 09:23:24.178,1.1639,1.16405,1.00,3.20
2009.07.10 09:23:24.528,1.1638,1.16405,3.20,6.00
2009.07.10 09:23:29.617,1.1638,1.16405,3.20,3.20
2009.07.10 09:24:02.229,1.1637,1.16385,3.20,1.00
2009.07.10 09:24:02.519,1.1637,1.16385,3.20,1.00
2009.07.10 09:24:03.309,1.1637,1.164,3.20,6.00
2009.07.10 09:24:03.769,1.16375,1.164,4.80,3.20
2009.07.10 09:24:07.828,1.16375,1.164,8.00,3.20
2009.07.10 09:24:24.184,1.16375,1.16395,4.80,3.20
2009.07.10 09:25:18.261,1.1637,1.16385,8.00,1.00
2009.07.10 09:25:18.431,1.1637,1.16385,1.60,1.00
2009.07.10 09:25:18.781,1.16365,1.1639,2.00,3.80
2009.07.10 09:25:19.071,1.1636,1.1639,3.20,4.00
2009.07.10 09:25:19.371,1.1636,1.16385,3.20,13.20
2009.07.10 09:25:19.710,1.1636,1.16385,3.20,14.00
2009.07.10 09:25:19.940,1.16355,1.1638,3.20,3.20
2009.07.10 09:25:25.549,1.1635,1.1637,6.60,6.40
2009.07.10 09:25:25.759,1.16355,1.16365,3.20,3.20
2009.07.10 09:25:26.149,1.16355,1.1637,4.80,1.00
2009.07.10 09:25:27.319,1.16355,1.1638,4.80,3.20
2009.07.10 09:25:27.609,1.16355,1.1638,5.00,3.20
2009.07.10 09:25:28.069,1.16355,1.1638,11.40,3.20
2009.07.10 09:25:31.847,1.16355,1.1638,9.80,3.20
2009.07.10 09:25:40.807,1.16355,1.1638,9.60,3.20
2009.07.10 09:25:40.915,1.16355,1.1637,3.20,1.00
2009.07.10 09:25:50.773,1.16355,1.1638,3.20,3.20
2009.07.10 09:25:51.123,1.16355,1.1638,9.80,3.20
2009.07.10 09:25:53.522,1.16355,1.1637,9.80,1.00
2009.07.10 09:25:53.872,1.16355,1.1637,3.20,1.00
2009.07.10 09:26:04.220,1.16355,1.1638,3.20,3.20
2009.07.10 09:26:09.109,1.16355,1.16365,3.20,1.00
2009.07.10 09:26:09.399,1.16355,1.16365,3.20,1.20
2009.07.10 09:26:09.739,1.1635,1.16365,1.60,1.00
2009.07.10 09:26:10.139,1.16345,1.16365,16.20,1.00
2009.07.10 09:26:10.488,1.16345,1.1636,11.40,1.00
2009.07.10 09:26:11.348,1.1635,1.1636,3.20,1.00
2009.07.10 09:26:11.748,1.1635,1.1636,4.80,1.00
2009.07.10 09:26:12.078,1.1635,1.1636,1.60,3.20
2009.07.10 09:26:12.418,1.16325,1.16355,9.80,3.20
2009.07.10 09:26:12.758,1.1632,1.1635,9.80,3.20
2009.07.10 09:26:23.045,1.1633,1.16355,3.40,3.20
2009.07.10 09:26:26.695,1.16325,1.1635,3.20,3.20
2009.07.10 09:26:36.032,1.1632,1.16345,9.80,3.60
2009.07.10 09:26:36.392,1.16315,1.1634,3.40,3.20
2009.07.10 09:26:50.139,1.16315,1.1634,9.80,3.20
2009.07.10 09:26:50.579,1.1632,1.16345,9.80,3.40
2009.07.10 09:26:51.279,1.16325,1.1634,3.20,1.00
2009.07.10 09:26:53.078,1.16325,1.1635,3.20,3.20
2009.07.10 09:26:53.478,1.16325,1.1635,9.80,3.20
2009.07.10 09:26:55.738,1.1633,1.16355,9.80,3.20
2009.07.10 09:26:56.547,1.16345,1.16375,1.00,22.00
2009.07.10 09:26:56.958,1.16355,1.16385,1.00,11.20
2009.07.10 09:26:57.307,1.16365,1.1639,1.80,8.00
2009.07.10 09:26:57.609,1.1637,1.16385,5.00,8.00
2009.07.10 09:26:57.947,1.1637,1.16395,5.00,11.20
2009.07.10 09:26:58.307,1.1637,1.16395,5.00,3.20
2009.07.10 09:26:59.167,1.16365,1.1639,3.20,12.40
2009.07.10 09:27:01.786,1.16365,1.1639,3.20,6.00
2009.07.10 09:27:02.086,1.16365,1.1639,8.00,6.00
2009.07.10 09:27:02.426,1.1637,1.16395,3.40,3.20
2009.07.10 09:27:02.776,1.1637,1.16395,4.20,3.20
2009.07.10 09:27:03.106,1.16375,1.16395,4.80,3.20
2009.07.10 09:27:03.406,1.16385,1.16405,8.00,6.40
2009.07.10 09:27:03.936,1.16395,1.16415,4.00,16.00
2009.07.10 09:27:04.295,1.16395,1.16425,4.00,20.40
2009.07.10 09:27:05.125,1.164,1.16425,4.00,12.40
2009.07.10 09:27:10.604,1.164,1.16425,3.40,12.40
2009.07.10 09:27:10.896,1.164,1.16425,3.20,13.20
2009.07.10 09:27:13.473,1.1639,1.16415,9.80,3.20
2009.07.10 09:27:13.653,1.1639,1.16415,1.80,3.20
2009.07.10 09:27:13.943,1.1639,1.16415,1.60,3.20
2009.07.10 09:27:14.813,1.1639,1.1641,1.80,3.20
2009.07.10 09:27:19.482,1.1639,1.1641,1.60,3.20
2009.07.10 09:27:19.771,1.1639,1.1641,1.80,3.20
2009.07.10 09:27:20.521,1.1639,1.1641,1.60,3.20
2009.07.10 09:27:21.032,1.1639,1.16405,1.60,3.20
2009.07.10 09:27:21.141,1.1639,1.1641,1.20,3.20
2009.07.10 09:27:21.491,1.16395,1.1641,1.60,3.20
2009.07.10 09:27:30.249,1.1639,1.1641,1.20,3.20
2009.07.10 09:27:36.298,1.16375,1.164,3.20,6.00
2009.07.10 09:27:36.638,1.1637,1.16395,3.40,3.20
2009.07.10 09:27:40.567,1.1637,1.16395,3.20,3.20
2009.07.10 09:27:44.466,1.16365,1.16385,11.20,3.80
2009.07.10 09:27:44.986,1.1636,1.16385,3.20,4.00
2009.07.10 09:27:47.945,1.1636,1.16385,3.20,6.80
2009.07.10 09:27:48.125,1.1636,1.16385,3.20,13.20
2009.07.10 09:28:01.163,1.1636,1.16385,3.20,6.80
2009.07.10 09:28:01.903,1.16355,1.16375,1.00,3.20
2009.07.10 09:28:02.253,1.16345,1.1637,3.20,3.20
2009.07.10 09:28:03.402,1.1635,1.16375,3.20,12.40
2009.07.10 09:28:03.922,1.16345,1.1637,3.20,3.20
2009.07.10 09:28:04.682,1.16345,1.1637,3.20,12.40
2009.07.10 09:28:20.318,1.1634,1.16365,3.20,3.20
2009.07.10 09:28:20.548,1.1634,1.16365,3.20,6.00
2009.07.10 09:28:25.347,1.1634,1.16365,3.20,12.40
2009.07.10 09:28:27.547,1.1634,1.16365,3.20,6.00
2009.07.10 09:28:28.336,1.1635,1.16375,3.20,12.40
2009.07.10 09:28:29.236,1.16345,1.1637,5.60,3.20
2009.07.10 09:28:29.536,1.16345,1.1637,4.00,3.20
2009.07.10 09:28:29.706,1.16335,1.1636,3.20,3.20
2009.07.10 09:28:34.455,1.1635,1.1636,1.60,3.20
2009.07.10 09:28:34.755,1.1635,1.16365,1.60,3.20
2009.07.10 09:28:35.175,1.16335,1.16365,3.20,3.20
2009.07.10 09:28:36.094,1.16335,1.16365,3.20,4.80
2009.07.10 09:28:36.214,1.1634,1.16355,3.20,3.20
2009.07.10 09:28:36.445,1.1633,1.16355,6.60,3.20
2009.07.10 09:28:36.795,1.16325,1.16355,3.20,3.20
2009.07.10 09:28:36.905,1.16325,1.16355,3.20,9.60
2009.07.10 09:28:37.024,1.16325,1.16355,3.20,12.40
2009.07.10 09:28:38.304,1.16325,1.1635,9.80,3.20
2009.07.10 09:28:40.524,1.1634,1.16355,3.20,3.20
2009.07.10 09:28:40.923,1.1634,1.16375,3.20,6.00
2009.07.10 09:28:43.493,1.1632,1.16355,3.20,3.20
2009.07.10 09:28:49.321,1.16325,1.1635,9.80,3.20
2009.07.10 09:29:10.626,1.1632,1.16345,10.60,4.00
2009.07.10 09:29:11.136,1.1632,1.16345,10.60,3.80
2009.07.10 09:29:14.285,1.1632,1.16345,11.80,3.80
2009.07.10 09:29:15.715,1.1632,1.16345,10.60,3.80
2009.07.10 09:29:16.746,1.1632,1.16345,9.80,4.00
2009.07.10 09:29:25.253,1.1632,1.16345,9.80,3.60
2009.07.10 09:29:26.932,1.16325,1.1634,9.80,1.00
2009.07.10 09:29:27.232,1.16325,1.1634,9.80,1.00
2009.07.10 09:29:32.581,1.1632,1.16345,9.80,3.60
2009.07.10 09:29:33.281,1.1632,1.1634,6.60,3.20
2009.07.10 09:29:38.749,1.1632,1.16345,9.80,3.40
2009.07.10 09:29:40.189,1.1632,1.16345,9.80,3.60
2009.07.10 09:29:41.219,1.1632,1.16345,9.80,3.80
2009.07.10 09:29:42.488,1.1632,1.16345,9.80,3.60
2009.07.10 09:29:43.998,1.1632,1.16345,9.80,3.40
2009.07.10 09:29:44.448,1.1632,1.16345,9.80,3.60
2009.07.10 09:29:45.908,1.1632,1.16345,9.80,3.80
2009.07.10 09:29:47.217,1.1632,1.16345,9.80,3.20
2009.07.10 09:29:47.667,1.1632,1.16345,11.40,3.20
2009.07.10 09:29:56.485,1.1632,1.16345,11.40,3.80
2009.07.10 09:29:57.585,1.1633,1.16345,1.60,3.80
2009.07.10 09:30:00.055,1.1632,1.16345,11.40,3.80
2009.07.10 09:30:02.353,1.1632,1.1634,1.00,3.20
2009.07.10 09:30:05.453,1.16315,1.1634,14.60,3.20
2009.07.10 09:30:06.033,1.16315,1.1633,6.60,1.20
2009.07.10 09:30:06.483,1.16315,1.1632,1.60,3.20
2009.07.10 09:30:06.923,1.16295,1.16325,3.20,3.20
2009.07.10 09:30:11.342,1.16295,1.1632,9.80,3.20
2009.07.10 09:30:24.438,1.16295,1.1632,3.20,12.40
2009.07.10 09:30:30.037,1.1629,1.16315,3.20,6.00
2009.07.10 09:30:33.946,1.16285,1.1631,3.20,3.20
2009.07.10 09:30:34.396,1.16285,1.1631,3.20,6.00
2009.07.10 09:30:35.446,1.16285,1.1631,3.20,12.40
2009.07.10 09:30:37.075,1.1628,1.163,1.80,3.20
2009.07.10 09:30:37.355,1.1628,1.163,2.80,3.20
2009.07.10 09:30:37.535,1.1628,1.163,1.20,3.20
2009.07.10 09:30:37.825,1.1628,1.163,1.00,3.20
2009.07.10 09:30:43.134,1.16275,1.163,3.20,12.60
2009.07.10 09:31:03.239,1.1627,1.16295,3.40,3.20
2009.07.10 09:31:03.419,1.1627,1.16295,3.20,3.20
2009.07.10 09:31:04.818,1.1627,1.16295,3.40,3.20
2009.07.10 09:31:05.109,1.16275,1.163,3.20,22.20
2009.07.10 09:31:05.578,1.16275,1.163,3.20,6.20
2009.07.10 09:31:27.004,1.1628,1.163,1.00,6.20
2009.07.10 09:31:27.413,1.1628,1.163,1.00,6.20
2009.07.10 09:31:27.873,1.1628,1.163,1.20,3.40
2009.07.10 09:31:28.273,1.1628,1.163,1.20,3.40
2009.07.10 09:31:28.783,1.1629,1.1631,1.00,26.80
2009.07.10 09:31:29.203,1.16295,1.16315,9.60,6.00
2009.07.10 09:31:29.603,1.16295,1.16315,8.00,3.20
2009.07.10 09:31:33.811,1.16295,1.1632,3.20,12.60
2009.07.10 09:31:35.462,1.1629,1.16315,3.20,3.20
2009.07.10 09:31:36.951,1.1629,1.16315,3.20,6.00
2009.07.10 09:31:37.121,1.1629,1.16315,3.20,12.40
2009.07.10 09:31:40.890,1.1629,1.16315,3.20,6.00
2009.07.10 09:32:00.065,1.1629,1.16315,3.20,3.20
2009.07.10 09:32:00.405,1.1629,1.16315,4.80,3.20
2009.07.10 09:32:06.613,1.1629,1.16315,4.80,4.00
2009.07.10 09:32:07.184,1.1629,1.16315,3.20,13.20
2009.07.10 09:32:20.000,1.16295,1.1632,8.00,12.40
2009.07.10 09:32:21.800,1.163,1.1632,3.20,9.20
2009.07.10 09:32:21.970,1.16305,1.16325,1.60,12.60
2009.07.10 09:32:23.469,1.16305,1.16325,1.60,12.40
2009.07.10 09:32:23.699,1.16305,1.16325,3.20,12.40
2009.07.10 09:32:38.896,1.16305,1.1632,1.60,3.20
2009.07.10 09:32:39.286,1.163,1.16325,3.20,12.40
2009.07.10 09:32:40.465,1.163,1.16325,3.20,12.60
2009.07.10 09:32:40.815,1.163,1.16315,3.20,3.20
2009.07.10 09:32:44.445,1.16295,1.1632,4.80,12.60
2009.07.10 09:32:56.861,1.163,1.1632,3.20,9.40
2009.07.10 09:32:57.601,1.1631,1.1632,3.20,2.80
2009.07.10 09:32:57.771,1.1631,1.1632,3.60,2.80
2009.07.10 09:32:58.101,1.1631,1.16325,3.60,9.20
2009.07.10 09:32:58.221,1.1631,1.16325,4.00,9.20
2009.07.10 09:32:59.671,1.1631,1.16325,4.00,9.20
2009.07.10 09:33:00.091,1.1631,1.16325,4.00,9.20
2009.07.10 09:33:00.382,1.1631,1.16325,5.20,9.20
2009.07.10 09:33:00.951,1.1631,1.16325,2.00,3.20
2009.07.10 09:33:01.521,1.1632,1.1633,4.80,1.60
2009.07.10 09:33:02.040,1.1632,1.1634,3.20,9.20
2009.07.10 09:33:30.693,1.16315,1.16335,4.80,9.20
2009.07.10 09:33:43.170,1.1632,1.16335,4.00,9.20
2009.07.10 09:33:43.740,1.1632,1.16335,4.00,9.20
2009.07.10 09:33:44.080,1.1632,1.16335,4.00,2.80
2009.07.10 09:33:45.200,1.1632,1.16335,3.60,2.80
2009.07.10 09:33:45.890,1.1632,1.16335,3.20,2.80
2009.07.10 09:33:55.497,1.1632,1.16335,3.40,2.80
2009.07.10 09:33:55.788,1.1632,1.16335,4.00,2.80
2009.07.10 09:33:56.537,1.1632,1.16335,3.80,2.80
2009.07.10 09:34:00.147,1.1632,1.16335,4.00,2.80
2009.07.10 09:34:00.667,1.1632,1.16335,4.00,9.20
2009.07.10 09:34:01.476,1.16325,1.16345,3.20,12.40
2009.07.10 09:34:01.766,1.16325,1.16345,8.80,12.40
2009.07.10 09:34:02.916,1.16325,1.16345,12.00,9.20
2009.07.10 09:34:07.015,1.16325,1.1634,12.00,9.20
2009.07.10 09:34:07.525,1.1633,1.1634,3.20,9.20
2009.07.10 09:34:08.154,1.16325,1.1634,4.80,9.20
2009.07.10 09:34:11.604,1.1633,1.16345,3.20,9.20
2009.07.10 09:34:14.023,1.1633,1.16345,6.20,9.20
2009.07.10 09:34:14.413,1.1633,1.16345,2.00,9.20
2009.07.10 09:34:14.823,1.1633,1.16345,6.00,9.20
2009.07.10 09:34:17.182,1.16325,1.16345,8.80,9.20
2009.07.10 09:34:19.432,1.1633,1.16345,5.40,9.20
2009.07.10 09:34:19.662,1.1633,1.16345,6.00,9.20
2009.07.10 09:34:22.121,1.16345,1.1635,1.00,7.70
2009.07.10 09:34:22.951,1.1633,1.16365,3.20,12.60
2009.07.10 09:34:23.001,1.1634,1.16365,1.60,12.60
2009.07.10 09:34:24.981,1.16325,1.16355,3.20,12.40
2009.07.10 09:34:28.200,1.1633,1.16355,3.20,12.60
2009.07.10 09:34:31.809,1.16335,1.16355,3.20,9.40
2009.07.10 09:34:32.138,1.1633,1.16355,3.20,12.60
2009.07.10 09:34:42.506,1.16325,1.16345,4.00,6.00
2009.07.10 09:34:42.616,1.1633,1.16345,3.20,2.80
2009.07.10 09:34:43.006,1.1633,1.1635,3.20,9.20
2009.07.10 09:34:45.065,1.1633,1.1635,3.20,9.40
2009.07.10 09:34:45.455,1.16325,1.16345,4.80,2.80
2009.07.10 09:35:12.169,1.1633,1.16335,3.20,3.40
2009.07.10 09:35:12.519,1.1633,1.16335,3.20,3.60
2009.07.10 09:35:12.689,1.1633,1.16335,3.20,3.40
2009.07.10 09:35:13.049,1.1633,1.16335,3.20,3.60
2009.07.10 09:35:14.409,1.1633,1.16335,3.20,3.40
2009.07.10 09:35:19.097,1.1633,1.1634,3.20,10.50
2009.07.10 09:35:19.217,1.1633,1.1634,3.20,9.20
2009.07.10 09:35:19.507,1.16325,1.16345,4.80,9.20
2009.07.10 09:35:19.687,1.16325,1.1635,4.80,12.60
2009.07.10 09:35:21.677,1.16325,1.1635,4.80,19.00
2009.07.10 09:35:21.947,1.1633,1.16345,3.20,6.00
2009.07.10 09:35:22.417,1.16325,1.16345,4.80,7.60
2009.07.10 09:35:22.806,1.16325,1.1635,4.80,16.60
2009.07.10 09:35:24.016,1.16325,1.1635,4.80,15.00
2009.07.10 09:35:24.316,1.16325,1.16345,4.80,4.20
2009.07.10 09:35:28.995,1.1633,1.1635,3.20,11.80
2009.07.10 09:35:29.285,1.1634,1.16355,3.20,15.60
2009.07.10 09:35:29.565,1.16335,1.16355,3.20,12.40
2009.07.10 09:35:29.985,1.16335,1.16355,4.80,12.40
2009.07.10 09:35:30.455,1.16335,1.16355,8.80,12.40
2009.07.10 09:35:33.034,1.1634,1.16355,3.20,9.20
2009.07.10 09:35:33.374,1.16335,1.1635,5.60,3.20
2009.07.10 09:35:33.904,1.16335,1.1635,3.20,3.20
2009.07.10 09:35:34.364,1.1634,1.1635,3.20,6.00
2009.07.10 09:35:35.413,1.1634,1.16345,3.20,7.80
2009.07.10 09:35:37.513,1.1634,1.16345,3.20,12.40
2009.07.10 09:35:38.653,1.1634,1.16345,3.20,7.80
2009.07.10 09:35:39.102,1.1634,1.16345,3.20,12.40
2009.07.10 09:35:39.393,1.1634,1.16345,3.20,3.20
2009.07.10 09:35:40.332,1.1634,1.1635,3.20,12.60
2009.07.10 09:35:41.072,1.1634,1.1635,3.20,3.40
2009.07.10 09:35:41.422,1.1634,1.1635,3.20,12.60
2009.07.10 09:35:45.521,1.1634,1.1635,3.20,6.00
2009.07.10 09:35:48.400,1.16335,1.16355,4.80,13.20
2009.07.10 09:35:49.090,1.16335,1.16355,4.80,6.80
2009.07.10 09:35:49.330,1.1634,1.16355,3.20,6.80
2009.07.10 09:35:56.608,1.16335,1.16355,4.80,3.60
2009.07.10 09:36:00.937,1.16335,1.16355,4.80,2.80
2009.07.10 09:36:01.267,1.16335,1.1636,4.80,14.20
2009.07.10 09:36:04.598,1.16345,1.1636,3.20,10.80
2009.07.10 09:36:04.716,1.16355,1.1637,1.60,12.40
2009.07.10 09:36:05.366,1.16355,1.16375,1.60,12.40
2009.07.10 09:36:06.636,1.1635,1.16375,5.00,12.40
2009.07.10 09:36:07.317,1.1635,1.16375,3.80,12.40
2009.07.10 09:36:10.575,1.1635,1.16375,3.20,12.40
2009.07.10 09:36:11.025,1.16355,1.1638,3.20,6.00
2009.07.10 09:36:13.534,1.1636,1.16385,4.40,6.00
2009.07.10 09:36:14.094,1.16365,1.1639,3.40,3.20
2009.07.10 09:36:14.444,1.1637,1.1639,1.60,3.20
2009.07.10 09:36:14.854,1.1637,1.1639,1.20,3.20
2009.07.10 09:36:15.034,1.1637,1.16395,5.40,3.20
2009.07.10 09:36:19.813,1.1637,1.16395,7.60,3.20
2009.07.10 09:36:21.522,1.1637,1.16395,6.00,3.20
2009.07.10 09:36:21.933,1.1637,1.16395,5.40,3.20
2009.07.10 09:36:28.201,1.1637,1.16395,5.20,3.20
2009.07.10 09:36:28.261,1.1637,1.16395,4.00,3.20
2009.07.10 09:36:28.740,1.1637,1.16395,3.20,3.20
2009.07.10 09:36:32.579,1.1637,1.16395,4.40,3.20
2009.07.10 09:36:38.348,1.1637,1.16395,4.80,3.20
2009.07.10 09:36:39.068,1.1637,1.16395,3.20,3.20
2009.07.10 09:36:46.126,1.1637,1.16395,4.40,3.20
2009.07.10 09:36:47.326,1.1637,1.16395,3.20,3.20
2009.07.10 09:36:51.835,1.1637,1.16395,3.20,6.00
2009.07.10 09:36:52.395,1.1637,1.16395,3.20,12.40
2009.07.10 09:36:58.953,1.1637,1.16395,3.80,3.20
2009.07.10 09:36:59.233,1.1637,1.16395,5.20,3.20
2009.07.10 09:36:59.413,1.16375,1.164,3.20,12.60
2009.07.10 09:36:59.653,1.16375,1.164,3.20,6.20
2009.07.10 09:37:00.883,1.16375,1.164,3.20,3.40
2009.07.10 09:37:01.173,1.16375,1.164,4.80,3.40
2009.07.10 09:37:02.133,1.16375,1.1639,4.80,5.00
2009.07.10 09:37:08.611,1.16385,1.1639,1.20,5.00
2009.07.10 09:37:08.721,1.16385,1.1639,1.80,5.00
2009.07.10 09:37:09.011,1.16385,1.164,1.80,5.00
2009.07.10 09:37:09.520,1.16385,1.164,3.40,5.00
2009.07.10 09:37:13.880,1.1639,1.164,3.40,3.40
2009.07.10 09:37:17.738,1.1639,1.164,2.40,3.40
2009.07.10 09:37:19.159,1.1639,1.164,2.80,3.40
2009.07.10 09:37:19.498,1.1639,1.164,3.20,3.40
2009.07.10 09:37:20.088,1.1639,1.164,3.20,3.40
2009.07.10 09:37:20.428,1.1639,1.164,3.40,3.40
2009.07.10 09:37:20.898,1.1639,1.164,1.80,3.40
2009.07.10 09:37:29.896,1.1639,1.164,1.20,3.40
2009.07.10 09:37:30.296,1.1639,1.164,1.00,3.40
2009.07.10 09:37:30.476,1.1639,1.164,1.20,3.40
2009.07.10 09:37:31.636,1.1638,1.164,1.60,3.40
2009.07.10 09:37:32.155,1.1637,1.16395,6.60,3.20
2009.07.10 09:37:33.255,1.1637,1.16395,6.60,3.40
2009.07.10 09:37:38.934,1.1637,1.1639,1.80,3.40
2009.07.10 09:37:39.344,1.16375,1.1639,3.20,3.40
2009.07.10 09:37:42.632,1.1637,1.1639,2.80,3.40
2009.07.10 09:37:45.252,1.1637,1.1639,3.20,3.40
2009.07.10 09:37:45.372,1.1637,1.1639,3.40,3.40
2009.07.10 09:37:48.531,1.1637,1.1639,6.60,5.00
2009.07.10 09:37:51.031,1.1637,1.1639,6.80,5.00
2009.07.10 09:37:51.331,1.1637,1.1639,7.00,5.00
2009.07.10 09:37:55.230,1.1637,1.1639,6.40,5.00
2009.07.10 09:37:55.290,1.1637,1.1639,6.00,5.00
2009.07.10 09:38:02.358,1.16375,1.1638,3.20,3.20
2009.07.10 09:38:06.417,1.16375,1.16385,3.20,4.00
2009.07.10 09:38:06.757,1.16375,1.1639,3.20,4.80
2009.07.10 09:38:07.047,1.16375,1.164,3.20,6.60
2009.07.10 09:38:07.397,1.16375,1.164,3.20,3.40
2009.07.10 09:38:16.844,1.1638,1.164,3.20,8.20
2009.07.10 09:38:17.364,1.1638,1.164,3.20,7.40
2009.07.10 09:38:17.654,1.1639,1.164,1.20,6.60
2009.07.10 09:38:17.824,1.1639,1.164,1.40,5.00
2009.07.10 09:38:18.164,1.1639,1.164,1.60,5.00
2009.07.10 09:38:18.274,1.1639,1.164,1.60,3.20
2009.07.10 09:38:18.624,1.1639,1.16405,1.60,5.00
2009.07.10 09:38:18.734,1.1639,1.16405,2.40,6.60
2009.07.10 09:38:18.854,1.1639,1.16405,1.60,8.20
2009.07.10 09:38:19.264,1.1639,1.16405,1.40,8.20
2009.07.10 09:38:19.484,1.1639,1.16405,1.20,10.60
2009.07.10 09:38:20.414,1.1639,1.16405,1.20,12.20
2009.07.10 09:38:20.533,1.1639,1.16405,1.20,13.80
2009.07.10 09:38:21.033,1.1639,1.164,1.20,1.00
2009.07.10 09:38:31.601,1.1639,1.16405,3.80,5.00
2009.07.10 09:38:33.180,1.16395,1.16405,1.60,5.00
2009.07.10 09:39:02.534,1.1639,1.16405,1.60,5.00
2009.07.10 09:39:02.763,1.1639,1.16405,1.80,5.00
2009.07.10 09:39:04.023,1.1639,1.16405,2.20,5.00
2009.07.10 09:39:04.383,1.1639,1.16405,2.40,5.00
2009.07.10 09:39:08.722,1.1639,1.16405,2.60,5.00
2009.07.10 09:39:08.952,1.1639,1.16405,2.80,5.00
2009.07.10 09:39:10.551,1.1639,1.16405,3.00,5.00
2009.07.10 09:39:10.791,1.1639,1.16405,2.80,5.00
2009.07.10 09:39:11.132,1.164,1.16405,1.40,5.00
2009.07.10 09:39:11.591,1.164,1.16405,2.40,5.00
2009.07.10 09:39:11.871,1.164,1.16405,2.20,5.00
2009.07.10 09:39:12.831,1.164,1.16405,1.20,1.80
2009.07.10 09:39:13.351,1.16395,1.16405,1.60,1.80
2009.07.10 09:39:13.581,1.1639,1.16405,2.40,1.80
2009.07.10 09:39:14.510,1.1639,1.16405,2.20,1.80
2009.07.10 09:39:16.320,1.1639,1.16405,1.80,1.80
2009.07.10 09:39:16.760,1.1639,1.16405,2.20,1.80
2009.07.10 09:39:17.620,1.1639,1.16405,2.40,1.80
2009.07.10 09:39:19.699,1.1639,1.16405,2.40,5.00
2009.07.10 09:39:21.189,1.1639,1.16405,2.40,8.20
2009.07.10 09:39:21.349,1.1639,1.16405,2.40,11.40
2009.07.10 09:39:21.739,1.1639,1.16405,2.40,13.80
2009.07.10 09:39:22.088,1.1639,1.16405,2.20,13.80
2009.07.10 09:39:23.138,1.1639,1.164,2.20,1.00
2009.07.10 09:39:23.598,1.1639,1.164,2.20,3.40
2009.07.10 09:39:23.838,1.1639,1.164,3.20,3.40
2009.07.10 09:39:26.298,1.16395,1.1641,3.20,6.00
2009.07.10 09:39:26.758,1.16395,1.16415,1.60,6.00
2009.07.10 09:39:27.228,1.1639,1.1641,4.00,3.20
2009.07.10 09:39:28.387,1.1639,1.16405,4.00,2.40
2009.07.10 09:39:28.547,1.1639,1.164,4.00,3.20
2009.07.10 09:39:32.196,1.1639,1.164,4.00,3.40
2009.07.10 09:39:33.746,1.1639,1.164,4.00,6.60
2009.07.10 09:39:34.096,1.1639,1.16395,4.00,7.20
2009.07.10 09:39:34.216,1.1639,1.16395,4.00,8.80
2009.07.10 09:39:34.496,1.1639,1.16395,4.00,5.60
2009.07.10 09:39:36.535,1.1639,1.16395,3.80,5.60
2009.07.10 09:39:36.815,1.1639,1.16395,4.00,5.60
2009.07.10 09:39:37.705,1.1639,1.16395,4.40,5.60
2009.07.10 09:39:40.084,1.16395,1.1642,17.00,3.20
2009.07.10 09:39:40.374,1.16395,1.1642,3.80,3.20
2009.07.10 09:39:43.014,1.164,1.1642,4.20,3.20
2009.07.10 09:39:43.574,1.164,1.1642,5.40,3.20
2009.07.10 09:39:43.864,1.164,1.1642,6.60,3.20
2009.07.10 09:39:44.213,1.164,1.1642,7.20,3.40
2009.07.10 09:39:44.543,1.16415,1.1642,1.00,3.40
2009.07.10 09:39:48.303,1.164,1.16425,12.40,3.20
2009.07.10 09:39:48.753,1.164,1.16425,4.00,3.20
2009.07.10 09:39:49.162,1.164,1.16425,3.80,12.40
2009.07.10 09:39:52.643,1.164,1.1642,3.40,12.40
2009.07.10 09:39:54.341,1.164,1.1642,4.60,12.40
2009.07.10 09:39:54.791,1.164,1.1642,3.80,12.40
2009.07.10 09:39:57.920,1.164,1.1642,3.40,12.40
2009.07.10 09:40:00.130,1.164,1.1642,3.20,12.40
2009.07.10 09:40:03.089,1.164,1.1642,3.40,12.40
2009.07.10 09:40:03.769,1.16415,1.1642,1.00,12.40
2009.07.10 09:40:07.588,1.1642,1.16435,6.00,13.60
2009.07.10 09:40:07.808,1.1643,1.16435,3.20,3.60
2009.07.10 09:40:08.227,1.16425,1.1645,3.20,9.20
2009.07.10 09:40:08.918,1.1642,1.16445,5.00,9.20
2009.07.10 09:40:12.637,1.1643,1.1644,1.00,9.20
2009.07.10 09:40:12.976,1.1644,1.16445,1.00,7.80
2009.07.10 09:40:13.327,1.1644,1.16445,1.00,2.80
2009.07.10 09:40:13.676,1.1644,1.1645,1.00,9.20
2009.07.10 09:40:14.006,1.1644,1.1645,1.60,9.20
2009.07.10 09:40:14.346,1.1644,1.1645,2.20,9.20
2009.07.10 09:40:14.686,1.1643,1.1645,5.00,17.20
2009.07.10 09:40:15.196,1.1644,1.1645,1.80,9.20
2009.07.10 09:40:15.716,1.1644,1.1645,1.60,9.20
2009.07.10 09:40:16.226,1.1642,1.16445,14.40,9.20
2009.07.10 09:40:16.855,1.16425,1.16445,3.80,9.20
2009.07.10 09:40:18.335,1.1643,1.1645,4.80,9.40
2009.07.10 09:40:19.355,1.1644,1.1645,1.00,9.40
2009.07.10 09:40:19.525,1.1644,1.1645,1.60,9.40
2009.07.10 09:40:19.815,1.1644,1.1645,2.20,9.40
2009.07.10 09:40:20.275,1.1644,1.1645,1.60,9.40
2009.07.10 09:40:20.575,1.1644,1.1645,1.20,9.40
2009.07.10 09:40:20.905,1.1644,1.1645,1.80,9.40
2009.07.10 09:40:21.255,1.1644,1.1645,1.20,9.40
2009.07.10 09:40:22.514,1.1644,1.1645,1.40,9.40
2009.07.10 09:40:23.144,1.1644,1.1645,1.20,9.40
2009.07.10 09:40:23.484,1.1644,1.1645,1.80,9.40
2009.07.10 09:40:24.773,1.1644,1.1645,2.20,9.40
2009.07.10 09:40:25.124,1.1644,1.1645,1.20,9.20
2009.07.10 09:40:25.643,1.1644,1.1645,1.20,2.80
2009.07.10 09:40:25.883,1.1643,1.1645,5.60,9.20
2009.07.10 09:40:27.203,1.1643,1.1645,5.80,9.20
2009.07.10 09:40:28.293,1.1643,1.1645,5.60,9.20
2009.07.10 09:40:28.583,1.1644,1.1645,3.20,2.80
2009.07.10 09:40:28.993,1.1644,1.16455,3.20,9.20
2009.07.10 09:40:30.982,1.1644,1.1645,3.20,1.00
2009.07.10 09:40:34.311,1.1644,1.1645,5.00,1.00
2009.07.10 09:40:34.761,1.1644,1.16455,5.00,9.20
2009.07.10 09:40:34.931,1.1644,1.16455,1.80,9.20
2009.07.10 09:40:35.551,1.1644,1.16455,3.80,9.20
2009.07.10 09:40:35.951,1.1645,1.16455,4.80,9.20
2009.07.10 09:40:36.781,1.1645,1.16455,3.20,9.20
2009.07.10 09:40:37.580,1.1645,1.16455,3.20,11.60
2009.07.10 09:40:38.190,1.1645,1.16455,3.20,14.80
2009.07.10 09:40:38.890,1.1645,1.16455,3.20,13.40
2009.07.10 09:40:44.380,1.1644,1.1645,2.70,9.20
2009.07.10 09:40:44.670,1.1645,1.16455,3.20,11.30
2009.07.10 09:40:45.648,1.1645,1.16455,1.60,11.30
2009.07.10 09:40:45.988,1.1644,1.1645,1.80,9.20
2009.07.10 09:40:47.588,1.1644,1.1645,2.20,9.20
2009.07.10 09:40:48.108,1.1644,1.16455,2.40,13.60
2009.07.10 09:40:48.508,1.1644,1.16455,2.20,13.60
2009.07.10 09:40:48.678,1.1644,1.16455,2.80,13.60
2009.07.10 09:40:49.568,1.1644,1.16455,3.40,13.40
2009.07.10 09:40:49.918,1.1644,1.16455,3.40,4.20
2009.07.10 09:40:50.697,1.1644,1.16455,2.80,4.20
2009.07.10 09:40:50.867,1.1644,1.16455,1.20,10.60
2009.07.10 09:40:51.097,1.1644,1.16455,1.00,13.40
2009.07.10 09:40:51.398,1.1644,1.1645,1.40,6.40
2009.07.10 09:40:51.737,1.1644,1.1645,2.80,9.20
2009.07.10 09:40:52.247,1.1644,1.1645,1.00,9.20
2009.07.10 09:40:52.767,1.1643,1.1645,5.60,9.20
2009.07.10 09:40:53.806,1.1643,1.1645,5.60,9.20
2009.07.10 09:40:54.496,1.1643,1.1645,5.40,9.20
2009.07.10 09:40:55.746,1.1643,1.1645,1.80,12.40
2009.07.10 09:40:58.335,1.1643,1.16445,2.00,12.40
2009.07.10 09:40:58.805,1.1643,1.16445,2.40,12.40
2009.07.10 09:40:59.096,1.1643,1.16445,2.40,6.40
2009.07.10 09:40:59.505,1.1644,1.1645,1.20,12.40
2009.07.10 09:41:00.415,1.1644,1.1645,1.00,12.40
2009.07.10 09:41:00.475,1.1643,1.1645,2.40,12.40
2009.07.10 09:41:01.335,1.1643,1.1645,2.20,12.40
2009.07.10 09:41:01.685,1.1644,1.1645,1.60,12.40
2009.07.10 09:41:02.035,1.1644,1.1645,2.20,12.40
2009.07.10 09:41:02.385,1.1644,1.1645,1.20,12.40
2009.07.10 09:41:06.585,1.1644,1.1645,1.80,12.40
2009.07.10 09:41:09.213,1.1643,1.1645,1.60,12.40
2009.07.10 09:41:09.553,1.1643,1.16445,1.60,12.40
2009.07.10 09:41:11.982,1.1644,1.16445,1.00,6.40
2009.07.10 09:41:12.632,1.1644,1.1645,2.40,12.40
2009.07.10 09:41:12.982,1.1644,1.1645,2.80,12.40
2009.07.10 09:41:13.332,1.1644,1.16445,2.80,3.20
2009.07.10 09:41:13.843,1.1643,1.16445,1.20,12.40
2009.07.10 09:41:14.372,1.1643,1.16445,1.20,6.00
2009.07.10 09:41:15.282,1.1643,1.16445,2.20,6.00
2009.07.10 09:41:15.791,1.1643,1.1645,2.20,12.40
2009.07.10 09:41:16.131,1.1643,1.1645,10.40,12.40
2009.07.10 09:41:17.361,1.1643,1.1645,10.40,12.40
2009.07.10 09:41:18.001,1.1643,1.1645,10.40,12.40
2009.07.10 09:41:19.131,1.1643,1.1645,10.00,12.40
2009.07.10 09:41:20.290,1.1643,1.1645,2.40,12.40
2009.07.10 09:41:20.710,1.1643,1.1645,2.40,12.40
2009.07.10 09:41:21.340,1.1644,1.1645,1.20,12.40
2009.07.10 09:41:21.450,1.1644,1.1645,2.20,12.40
2009.07.10 09:41:22.240,1.1643,1.1645,2.40,12.40
2009.07.10 09:41:22.820,1.1644,1.1645,7.60,12.40
2009.07.10 09:41:23.110,1.1644,1.16455,8.60,13.40
2009.07.10 09:41:24.589,1.1644,1.16455,8.80,13.40
2009.07.10 09:41:24.699,1.1644,1.16455,8.80,13.40
2009.07.10 09:41:25.149,1.1644,1.16455,8.60,13.40
2009.07.10 09:41:25.619,1.1644,1.16455,8.80,13.40
2009.07.10 09:41:25.909,1.1644,1.16455,7.20,13.40
2009.07.10 09:41:26.819,1.1644,1.16455,7.00,13.40
2009.07.10 09:41:28.308,1.1643,1.16445,13.60,13.00
2009.07.10 09:41:28.708,1.1643,1.1644,1.60,12.40
2009.07.10 09:41:30.448,1.1643,1.1644,3.20,12.40
2009.07.10 09:41:30.568,1.1642,1.1644,1.00,12.40
2009.07.10 09:41:31.418,1.16415,1.1644,16.00,12.40
2009.07.10 09:41:31.937,1.16425,1.1644,1.60,12.40
2009.07.10 09:41:32.467,1.16425,1.16445,1.60,13.20
2009.07.10 09:41:33.777,1.1643,1.16445,1.60,13.20
2009.07.10 09:41:34.527,1.1643,1.16445,1.60,12.60
2009.07.10 09:41:34.977,1.1643,1.1644,1.60,2.80
2009.07.10 09:41:35.157,1.16425,1.1644,1.60,12.40
2009.07.10 09:41:49.863,1.16425,1.1644,1.60,6.00
2009.07.10 09:42:00.760,1.16425,1.16445,1.60,12.60
2009.07.10 09:42:01.220,1.1643,1.16445,1.60,12.40
2009.07.10 09:42:03.730,1.1643,1.16445,3.20,12.40
2009.07.10 09:42:08.199,1.1643,1.1645,3.20,9.20
2009.07.10 09:42:12.587,1.1643,1.1644,3.20,2.80
2009.07.10 09:42:13.157,1.1642,1.1644,1.20,7.60
2009.07.10 09:42:14.177,1.16425,1.16435,3.20,4.00
2009.07.10 09:42:14.597,1.16425,1.16445,3.20,11.60
2009.07.10 09:42:14.948,1.1643,1.16445,1.00,9.20
2009.07.10 09:42:15.347,1.1643,1.16445,1.20,12.40
2009.07.10 09:42:16.627,1.1643,1.16445,1.00,12.40
2009.07.10 09:42:16.977,1.1643,1.16445,1.20,12.40
2009.07.10 09:42:19.186,1.1642,1.16445,11.20,12.40
2009.07.10 09:42:19.356,1.1642,1.16445,10.40,12.40
2009.07.10 09:42:21.446,1.1643,1.16445,1.00,12.40
2009.07.10 09:42:21.556,1.1642,1.16445,10.40,12.40
2009.07.10 09:42:21.905,1.1643,1.16445,1.00,12.40
2009.07.10 09:42:22.475,1.1642,1.16445,10.40,12.40
2009.07.10 09:42:22.595,1.1642,1.16445,10.40,12.40
2009.07.10 09:42:23.325,1.1643,1.16445,1.20,12.40
2009.07.10 09:42:24.035,1.1643,1.16445,1.60,3.20
2009.07.10 09:42:24.405,1.1643,1.16445,1.00,3.20
2009.07.10 09:42:24.635,1.1643,1.16445,1.20,12.40
2009.07.10 09:42:25.864,1.1643,1.16445,1.40,3.20
2009.07.10 09:42:26.424,1.1643,1.16445,1.20,3.20
2009.07.10 09:42:26.994,1.1642,1.16445,10.40,12.40
2009.07.10 09:42:28.656,1.1642,1.16445,10.00,12.40
2009.07.10 09:42:29.464,1.1643,1.16445,1.00,12.40
2009.07.10 09:42:29.693,1.1642,1.16445,10.00,12.40
2009.07.10 09:42:32.703,1.1642,1.16445,10.60,12.40
2009.07.10 09:42:33.862,1.1642,1.16445,10.80,12.40
2009.07.10 09:42:34.323,1.1642,1.16445,10.60,12.40
2009.07.10 09:42:35.712,1.1643,1.16445,1.20,12.40
2009.07.10 09:42:35.772,1.1643,1.16445,1.00,12.40
2009.07.10 09:42:36.162,1.1643,1.16445,1.20,12.40
2009.07.10 09:42:36.742,1.1643,1.16445,1.40,12.40
2009.07.10 09:42:37.322,1.1643,1.16445,1.20,12.40
2009.07.10 09:42:38.572,1.1643,1.16445,1.60,12.40
2009.07.10 09:42:38.921,1.1643,1.16445,1.60,3.20
2009.07.10 09:42:40.121,1.1643,1.16445,1.00,12.40
2009.07.10 09:42:40.861,1.1643,1.16445,1.60,12.40
2009.07.10 09:42:41.031,1.1643,1.1645,1.60,14.20
2009.07.10 09:42:41.831,1.1643,1.16445,1.20,9.20
2009.07.10 09:42:42.171,1.1643,1.16445,1.40,9.20
2009.07.10 09:42:42.501,1.1643,1.16445,1.80,2.80
2009.07.10 09:42:42.861,1.1643,1.1645,5.00,9.40
2009.07.10 09:42:48.339,1.16435,1.1645,1.60,9.20
2009.07.10 09:42:48.799,1.1643,1.1645,4.80,9.20
2009.07.10 09:42:51.638,1.1643,1.1645,5.40,9.20
2009.07.10 09:42:52.098,1.1643,1.1645,5.60,9.20
2009.07.10 09:42:58.466,1.1643,1.1645,5.00,9.20
2009.07.10 09:42:59.277,1.1643,1.1645,4.80,9.20
2009.07.10 09:43:09.954,1.1643,1.1645,4.00,9.20
2009.07.10 09:43:10.064,1.1643,1.16445,1.00,3.20
2009.07.10 09:43:10.444,1.16425,1.16445,4.80,12.40
2009.07.10 09:43:10.564,1.1642,1.16445,8.00,12.40
2009.07.10 09:43:10.853,1.1642,1.16445,9.60,12.40
2009.07.10 09:43:15.243,1.1642,1.16445,10.00,12.40
2009.07.10 09:43:21.101,1.16425,1.16445,1.60,12.40
2009.07.10 09:43:57.632,1.16425,1.16445,1.60,12.40
2009.07.10 09:43:59.881,1.16425,1.16445,1.60,14.00
2009.07.10 09:44:05.710,1.1642,1.16445,11.20,14.00
2009.07.10 09:44:06.270,1.1642,1.16445,11.00,14.00
2009.07.10 09:44:06.390,1.1642,1.16445,11.20,14.00
2009.07.10 09:44:11.559,1.1642,1.16445,11.20,12.40
2009.07.10 09:44:14.078,1.1642,1.1644,3.40,12.40
2009.07.10 09:44:14.238,1.1642,1.1644,1.80,12.40
2009.07.10 09:44:19.817,1.1643,1.1644,1.00,12.40
2009.07.10 09:44:19.877,1.1643,1.1644,1.20,12.40
2009.07.10 09:44:20.237,1.1643,1.1644,1.20,6.00
2009.07.10 09:44:20.287,1.1643,1.1644,1.20,3.20
2009.07.10 09:44:28.805,1.1642,1.1644,4.20,3.20
2009.07.10 09:44:29.705,1.1642,1.1644,4.00,3.20
2009.07.10 09:44:30.104,1.1642,1.1644,4.00,3.20
2009.07.10 09:44:30.964,1.1642,1.1644,3.80,3.20
2009.07.10 09:44:31.424,1.1642,1.1644,3.60,3.20
2009.07.10 09:44:31.704,1.1642,1.1644,3.20,3.20
2009.07.10 09:44:41.322,1.1642,1.1644,2.40,3.20
2009.07.10 09:44:41.502,1.1642,1.1644,2.00,3.20
2009.07.10 09:44:41.722,1.1642,1.1644,1.60,3.20
2009.07.10 09:44:47.290,1.1642,1.1644,2.40,3.20
2009.07.10 09:44:49.769,1.1642,1.1644,2.60,3.20
2009.07.10 09:44:59.657,1.1642,1.1644,2.00,3.20
2009.07.10 09:45:00.108,1.1642,1.1644,1.60,3.20
2009.07.10 09:45:00.378,1.1643,1.1644,1.00,3.20
2009.07.10 09:45:00.609,1.1643,1.1644,1.20,3.20
2009.07.10 09:45:00.829,1.1643,1.16445,1.20,6.00
2009.07.10 09:45:01.170,1.1643,1.16445,1.20,3.20
2009.07.10 09:45:01.580,1.1643,1.16445,1.00,3.20
2009.07.10 09:45:01.749,1.1643,1.16445,1.20,3.20
2009.07.10 09:45:02.319,1.1643,1.1644,1.20,3.20
2009.07.10 09:45:03.689,1.1643,1.1644,1.00,3.20
2009.07.10 09:45:04.089,1.1642,1.1644,1.60,3.20
2009.07.10 09:45:04.209,1.1642,1.1644,1.20,3.20
2009.07.10 09:45:06.488,1.1642,1.1643,1.20,3.20
2009.07.10 09:45:06.948,1.16415,1.16425,8.00,3.20
2009.07.10 09:45:07.238,1.1642,1.16445,1.60,3.20
2009.07.10 09:45:12.647,1.1642,1.16435,1.20,3.20
2009.07.10 09:45:13.827,1.1642,1.16435,1.00,3.20
2009.07.10 09:45:14.277,1.1642,1.16435,1.20,3.20
2009.07.10 09:45:17.766,1.1642,1.16435,1.20,9.60
2009.07.10 09:45:18.356,1.1642,1.1643,1.20,6.00
2009.07.10 09:45:18.916,1.1642,1.1643,1.20,2.80
2009.07.10 09:45:24.066,1.164,1.1643,9.60,12.40
2009.07.10 09:45:25.854,1.16405,1.16415,1.60,3.20
2009.07.10 09:45:26.124,1.164,1.16405,1.60,3.20
2009.07.10 09:45:26.593,1.16365,1.16405,3.20,3.20
2009.07.10 09:45:30.853,1.16375,1.164,9.80,3.20
2009.07.10 09:45:34.502,1.16375,1.16395,1.00,3.20
2009.07.10 09:45:41.890,1.1638,1.164,3.20,1.00
2009.07.10 09:45:42.341,1.16385,1.16405,3.20,17.00
2009.07.10 09:45:44.099,1.1639,1.1641,3.20,7.80
2009.07.10 09:45:45.299,1.1639,1.1641,3.20,6.20
2009.07.10 09:45:45.699,1.16385,1.16405,7.20,3.20
2009.07.10 09:45:49.898,1.16385,1.1641,10.40,9.40
2009.07.10 09:46:00.445,1.16395,1.1641,3.20,6.00
2009.07.10 09:46:00.725,1.16405,1.16415,3.20,8.40
2009.07.10 09:46:01.125,1.16395,1.1642,9.60,6.00
2009.07.10 09:46:03.845,1.16405,1.1642,3.20,2.80
2009.07.10 09:46:04.144,1.16395,1.1642,9.60,6.00
2009.07.10 09:46:07.744,1.16395,1.1642,4.80,6.00
2009.07.10 09:46:08.033,1.16395,1.16415,3.20,9.20
2009.07.10 09:46:11.463,1.16405,1.16415,3.20,6.40
2009.07.10 09:46:12.083,1.16405,1.1642,3.20,9.20
2009.07.10 09:46:32.178,1.16415,1.1642,3.20,1.00
2009.07.10 09:46:32.538,1.16415,1.1643,3.20,10.80
2009.07.10 09:46:46.934,1.16405,1.16425,4.80,3.20
2009.07.10 09:47:18.127,1.1641,1.16425,1.60,3.20
2009.07.10 09:47:23.575,1.1641,1.1642,1.60,3.20
2009.07.10 09:47:26.685,1.1641,1.1643,1.60,4.80
2009.07.10 09:47:46.900,1.16415,1.16425,3.20,3.20
2009.07.10 09:47:49.039,1.16415,1.16425,8.00,3.20
2009.07.10 09:47:52.549,1.16415,1.16425,3.20,3.20
2009.07.10 09:47:56.128,1.16425,1.1643,3.20,4.00
2009.07.10 09:47:56.468,1.16425,1.1645,3.20,11.20
2009.07.10 09:48:05.525,1.1642,1.16445,3.20,14.40
2009.07.10 09:48:05.916,1.1642,1.1644,3.20,6.40
2009.07.10 09:48:06.035,1.1642,1.1644,3.20,9.20
2009.07.10 09:48:10.674,1.1642,1.1644,3.20,9.40
2009.07.10 09:48:12.354,1.1642,1.16425,3.20,1.00
2009.07.10 09:48:12.714,1.1642,1.16445,3.20,9.40
2009.07.10 09:48:14.153,1.1642,1.16425,3.20,1.00
2009.07.10 09:48:15.873,1.1642,1.16445,3.20,9.40
2009.07.10 09:48:20.431,1.1642,1.16425,3.20,1.00
2009.07.10 09:48:20.542,1.1641,1.16425,1.60,1.00
2009.07.10 09:48:21.631,1.1641,1.1642,1.60,1.20
2009.07.10 09:48:21.981,1.16415,1.1642,3.20,1.20
2009.07.10 09:48:26.590,1.16415,1.1642,3.20,1.20
2009.07.10 09:48:26.940,1.16415,1.1642,3.20,1.20
2009.07.10 09:48:28.560,1.16415,1.1642,3.20,1.40
2009.07.10 09:48:29.030,1.16425,1.1644,3.20,2.80
2009.07.10 09:48:29.250,1.16425,1.16435,3.20,7.20
2009.07.10 09:48:29.360,1.1642,1.16435,3.20,1.60
2009.07.10 09:48:29.419,1.1642,1.1643,3.20,3.20
2009.07.10 09:48:29.701,1.16405,1.1643,3.80,13.20
2009.07.10 09:48:30.030,1.16395,1.16425,3.20,13.20
2009.07.10 09:48:30.619,1.16395,1.16425,3.20,15.80
2009.07.10 09:48:31.139,1.1641,1.1642,3.20,1.00
2009.07.10 09:48:31.309,1.16425,1.16455,3.20,9.20
2009.07.10 09:48:32.159,1.16425,1.16455,3.20,10.80
2009.07.10 09:48:32.389,1.16425,1.16435,4.80,9.20
2009.07.10 09:48:32.619,1.16425,1.1643,4.80,9.20
2009.07.10 09:48:32.859,1.16415,1.1643,3.20,9.20
2009.07.10 09:48:34.348,1.16415,1.16435,3.20,9.20
2009.07.10 09:48:36.588,1.16415,1.1643,3.20,9.20
2009.07.10 09:48:37.178,1.16415,1.16435,3.20,9.20
2009.07.10 09:48:38.308,1.16415,1.16425,3.20,9.20
2009.07.10 09:48:38.778,1.1641,1.16425,3.20,9.20
2009.07.10 09:48:39.287,1.16415,1.1643,3.20,9.20
2009.07.10 09:48:42.316,1.1643,1.1644,3.20,4.40
2009.07.10 09:48:42.716,1.1643,1.1644,3.20,2.80
2009.07.10 09:48:43.286,1.16405,1.1644,3.20,6.00
2009.07.10 09:48:46.555,1.16415,1.1643,3.20,9.20
2009.07.10 09:48:49.325,1.16415,1.1643,11.60,9.20
2009.07.10 09:48:49.564,1.16425,1.1645,3.20,10.40
2009.07.10 09:48:51.354,1.16425,1.16445,3.20,10.20
2009.07.10 09:48:56.183,1.16425,1.16445,3.20,3.00
2009.07.10 09:48:57.443,1.1643,1.16445,3.20,2.80
2009.07.10 09:49:02.382,1.16425,1.16435,3.20,2.80
2009.07.10 09:49:02.921,1.16425,1.16445,3.20,9.20
2009.07.10 09:49:09.790,1.1643,1.1644,3.20,9.20
2009.07.10 09:49:09.960,1.1643,1.1644,3.20,1.00
2009.07.10 09:49:11.560,1.1643,1.1644,3.20,1.00
2009.07.10 09:49:11.969,1.1643,1.1645,3.20,9.40
2009.07.10 09:49:14.699,1.1643,1.1644,3.20,1.20
2009.07.10 09:49:16.478,1.1643,1.1644,3.20,1.20
2009.07.10 09:49:22.866,1.1642,1.16435,3.20,12.00
2009.07.10 09:49:24.026,1.1643,1.16435,8.00,7.20
2009.07.10 09:49:24.416,1.1643,1.1644,15.60,1.20
2009.07.10 09:49:24.766,1.1643,1.1645,15.60,9.40
2009.07.10 09:49:26.146,1.16435,1.1645,17.20,9.40
2009.07.10 09:49:27.745,1.1643,1.1645,3.20,9.40
2009.07.10 09:49:30.635,1.1643,1.1645,3.20,9.20
2009.07.10 09:49:30.755,1.1643,1.1645,3.20,2.80
2009.07.10 09:49:31.035,1.16435,1.1645,3.20,2.80
2009.07.10 09:49:32.794,1.16435,1.1644,3.20,1.00
2009.07.10 09:49:32.855,1.16435,1.1644,3.20,1.00
2009.07.10 09:49:33.504,1.1643,1.1644,3.20,1.20
2009.07.10 09:49:34.094,1.1643,1.1645,3.20,4.40
2009.07.10 09:49:34.784,1.1643,1.1645,3.20,6.00
2009.07.10 09:49:36.033,1.1643,1.1645,3.20,6.20
2009.07.10 09:49:36.273,1.16425,1.16445,6.40,3.20
2009.07.10 09:49:36.444,1.1642,1.16445,8.80,3.20
2009.07.10 09:49:36.664,1.1642,1.16445,7.40,3.20
2009.07.10 09:49:37.003,1.1642,1.1644,4.60,3.20
2009.07.10 09:49:45.151,1.1642,1.1644,4.20,3.20
2009.07.10 09:49:45.261,1.1642,1.1644,4.60,3.20
2009.07.10 09:49:45.941,1.1642,1.16445,3.80,3.20
2009.07.10 09:49:46.291,1.1642,1.16445,5.00,3.20
2009.07.10 09:49:46.351,1.1642,1.16445,3.80,3.20
2009.07.10 09:49:48.580,1.1642,1.16445,4.00,3.20
2009.07.10 09:49:49.780,1.1642,1.16445,4.00,3.20
2009.07.10 09:49:50.120,1.1642,1.16445,3.80,3.20
2009.07.10 09:49:50.470,1.1642,1.16445,4.80,3.20
2009.07.10 09:49:50.880,1.1642,1.16445,5.40,3.20
2009.07.10 09:49:55.998,1.16425,1.16445,1.60,3.20
2009.07.10 09:49:56.168,1.1644,1.16455,1.60,3.40
2009.07.10 09:49:56.218,1.1644,1.16445,1.60,3.20
2009.07.10 09:49:56.818,1.1643,1.1645,1.60,12.40
2009.07.10 09:49:57.169,1.16415,1.1645,4.00,12.40
2009.07.10 09:50:02.317,1.1642,1.16445,3.40,12.40
2009.07.10 09:50:02.947,1.1642,1.16445,3.20,12.40
2009.07.10 09:50:06.156,1.16425,1.1644,11.20,3.20
2009.07.10 09:50:06.486,1.1642,1.1644,1.00,3.20
2009.07.10 09:50:08.925,1.16415,1.1644,3.20,3.20
2009.07.10 09:50:10.535,1.1642,1.1644,1.00,3.20
2009.07.10 09:50:10.715,1.1642,1.1644,5.00,3.20
2009.07.10 09:50:17.433,1.1642,1.1644,3.40,3.20
2009.07.10 09:50:17.933,1.1642,1.1643,3.20,1.60
2009.07.10 09:50:18.213,1.1642,1.1645,3.80,3.20
2009.07.10 09:50:18.513,1.1643,1.1645,1.60,3.20
2009.07.10 09:50:19.213,1.1643,1.16445,1.60,3.20
2009.07.10 09:50:19.723,1.1642,1.1644,4.60,3.20
2009.07.10 09:50:21.223,1.1642,1.1644,4.00,3.20
2009.07.10 09:50:21.512,1.1642,1.16435,4.00,2.80
2009.07.10 09:50:21.742,1.1642,1.16435,1.00,2.80
2009.07.10 09:50:22.952,1.16415,1.16435,3.20,2.80
2009.07.10 09:50:49.256,1.16415,1.16435,8.00,2.80
2009.07.10 09:50:49.616,1.1642,1.1644,1.00,12.40
2009.07.10 09:50:50.575,1.1642,1.1644,1.00,12.40
2009.07.10 09:50:51.035,1.1642,1.1644,1.00,12.40
2009.07.10 09:51:02.653,1.1642,1.1644,1.00,12.40
2009.07.10 09:51:03.122,1.1642,1.1644,1.00,12.40
2009.07.10 09:51:03.402,1.1642,1.1644,1.20,12.40
2009.07.10 09:51:05.662,1.1642,1.1644,1.00,12.40
2009.07.10 09:51:06.691,1.1642,1.1644,1.20,12.40
2009.07.10 09:51:08.971,1.1642,1.1644,1.00,12.40
2009.07.10 09:51:15.230,1.1642,1.1644,1.00,12.40
2009.07.10 09:51:15.520,1.1642,1.1644,1.20,12.40
2009.07.10 09:51:18.359,1.1643,1.1644,1.60,12.40
2009.07.10 09:51:19.299,1.1643,1.1644,1.60,6.00
2009.07.10 09:51:19.649,1.1643,1.1644,1.60,3.20
2009.07.10 09:51:19.998,1.1643,1.1644,1.00,3.20
2009.07.10 09:51:20.688,1.1642,1.1644,1.20,12.40
2009.07.10 09:51:21.020,1.1642,1.1644,1.20,12.40
2009.07.10 09:51:21.368,1.1642,1.1644,1.20,12.40
2009.07.10 09:51:23.658,1.1642,1.1644,5.40,12.40
2009.07.10 09:51:23.998,1.1642,1.16445,9.00,3.20
2009.07.10 09:51:24.977,1.1642,1.16445,15.80,3.20
2009.07.10 09:51:26.127,1.1642,1.16445,16.20,3.20
2009.07.10 09:51:33.125,1.1643,1.16445,1.00,3.20
2009.07.10 09:51:33.485,1.1643,1.16445,1.20,3.20
2009.07.10 09:51:34.405,1.1643,1.1645,1.20,3.40
2009.07.10 09:51:34.815,1.1643,1.16445,1.20,3.20
2009.07.10 09:51:39.194,1.1643,1.1645,1.20,3.40
2009.07.10 09:51:40.923,1.1643,1.16445,3.80,3.20
2009.07.10 09:51:41.603,1.1644,1.16445,1.60,3.20
2009.07.10 09:51:41.893,1.1643,1.1644,2.60,3.20
2009.07.10 09:51:42.243,1.1643,1.16445,2.60,3.20
2009.07.10 09:51:42.923,1.1643,1.16455,5.80,3.20
2009.07.10 09:51:43.273,1.1643,1.16455,6.00,3.20
2009.07.10 09:51:46.272,1.1643,1.1646,4.80,3.20
2009.07.10 09:51:54.230,1.1643,1.16455,5.20,3.20
2009.07.10 09:51:55.070,1.1643,1.16455,5.60,3.20
2009.07.10 09:51:55.540,1.1643,1.16445,2.40,3.20
2009.07.10 09:51:57.239,1.1643,1.16445,2.00,3.20
2009.07.10 09:51:57.629,1.1643,1.1644,2.00,3.20
2009.07.10 09:51:59.650,1.1643,1.1646,2.00,3.20
2009.07.10 09:51:59.829,1.1643,1.1646,5.20,3.20
2009.07.10 09:52:00.238,1.1643,1.1646,5.40,3.20
2009.07.10 09:52:00.648,1.1643,1.1646,5.60,3.20
2009.07.10 09:52:01.858,1.1643,1.16455,5.40,3.20
2009.07.10 09:52:02.198,1.1643,1.16455,5.60,3.20
2009.07.10 09:52:07.087,1.1643,1.16455,5.60,3.20
2009.07.10 09:52:08.866,1.1643,1.16455,5.40,3.20
2009.07.10 09:52:10.596,1.1643,1.16455,5.60,3.20
2009.07.10 09:52:11.406,1.1643,1.16455,5.40,3.20
2009.07.10 09:52:18.414,1.1643,1.16455,5.00,3.20
2009.07.10 09:52:19.734,1.1643,1.16455,5.40,3.20
2009.07.10 09:52:23.113,1.1643,1.16455,5.60,3.20
2009.07.10 09:52:23.453,1.1643,1.16455,5.40,3.20
2009.07.10 09:52:24.293,1.1643,1.16455,5.20,3.20
2009.07.10 09:52:24.703,1.1643,1.16455,5.40,3.20
2009.07.10 09:52:24.823,1.1643,1.16455,5.00,3.20
2009.07.10 09:52:25.113,1.1643,1.16455,5.60,3.20
2009.07.10 09:52:25.513,1.1643,1.16455,5.40,3.20
2009.07.10 09:52:26.562,1.1643,1.16455,5.60,3.20
2009.07.10 09:52:26.782,1.1643,1.16455,5.40,3.20
2009.07.10 09:52:32.721,1.1643,1.16455,5.60,3.20
2009.07.10 09:52:35.480,1.1643,1.16445,2.40,3.20
2009.07.10 09:52:36.600,1.1643,1.16445,2.40,3.20
2009.07.10 09:52:43.380,1.1644,1.1646,9.60,2.80
2009.07.10 09:52:43.818,1.1644,1.16465,8.60,12.40
2009.07.10 09:52:45.648,1.1644,1.16465,8.80,12.40
2009.07.10 09:52:46.718,1.1644,1.1646,3.40,3.20
2009.07.10 09:52:47.068,1.1644,1.16465,9.60,12.40
2009.07.10 09:52:47.417,1.1644,1.16465,9.60,12.40
2009.07.10 09:52:47.658,1.16445,1.16465,1.60,12.40
2009.07.10 09:52:48.287,1.16445,1.1646,1.60,3.20
2009.07.10 09:52:48.638,1.1644,1.1646,3.40,3.20
2009.07.10 09:52:50.497,1.1644,1.1646,3.60,3.20
2009.07.10 09:52:50.796,1.1644,1.1646,3.80,3.20
2009.07.10 09:52:51.316,1.1644,1.1646,4.00,3.20
2009.07.10 09:52:51.726,1.1644,1.16465,7.20,12.40
2009.07.10 09:52:52.006,1.16445,1.16465,1.60,12.40
2009.07.10 09:52:54.156,1.16455,1.16465,2.20,12.40
2009.07.10 09:52:54.256,1.16455,1.16465,2.20,6.00
2009.07.10 09:52:54.316,1.16455,1.16465,1.80,6.00
2009.07.10 09:52:54.936,1.16455,1.16465,1.20,2.80
2009.07.10 09:52:55.395,1.1645,1.16465,1.20,3.20
2009.07.10 09:52:55.575,1.1645,1.16465,1.00,3.20
2009.07.10 09:52:58.225,1.16455,1.1647,1.00,12.40
2009.07.10 09:52:59.654,1.1646,1.1647,1.00,12.40
2009.07.10 09:53:00.034,1.1644,1.1647,3.40,12.40
2009.07.10 09:53:00.264,1.16455,1.1647,1.00,12.40
2009.07.10 09:53:01.174,1.16465,1.1647,1.20,12.40
2009.07.10 09:53:01.585,1.1647,1.1648,2.00,9.20
2009.07.10 09:53:02.044,1.1647,1.1648,1.20,9.20
2009.07.10 09:53:03.353,1.1647,1.1648,1.20,9.20
2009.07.10 09:53:03.874,1.1647,1.1648,1.00,9.20
2009.07.10 09:53:04.394,1.1647,1.1648,1.20,9.20
2009.07.10 09:53:05.393,1.1647,1.1648,1.60,9.20
2009.07.10 09:53:05.733,1.1647,1.1648,1.80,9.20
2009.07.10 09:53:06.313,1.1646,1.16465,2.40,2.80
2009.07.10 09:53:06.653,1.1645,1.16465,1.00,9.20
2009.07.10 09:53:08.092,1.1645,1.16455,1.00,11.30
2009.07.10 09:53:08.492,1.16435,1.1645,1.60,12.90
2009.07.10 09:53:08.892,1.16425,1.1644,1.20,2.40
2009.07.10 09:53:09.182,1.16425,1.16455,1.20,3.20
2009.07.10 09:53:10.352,1.1643,1.1645,1.60,3.20
2009.07.10 09:53:10.932,1.16435,1.1646,3.20,3.20
2009.07.10 09:53:11.452,1.1644,1.1646,1.20,3.20
2009.07.10 09:53:12.191,1.16435,1.1646,3.20,3.20
2009.07.10 09:53:12.761,1.1644,1.1646,1.00,3.20
2009.07.10 09:53:12.941,1.1644,1.1646,1.20,3.20
2009.07.10 09:53:15.950,1.16435,1.1646,3.20,3.20
2009.07.10 09:53:18.650,1.1644,1.1646,1.20,3.20
2009.07.10 09:53:28.168,1.1644,1.1645,2.20,3.20
2009.07.10 09:53:28.467,1.1644,1.16455,2.20,3.20
2009.07.10 09:53:28.797,1.1644,1.16455,1.80,3.20
2009.07.10 09:53:29.737,1.1644,1.16455,2.60,3.20
2009.07.10 09:53:29.847,1.1644,1.16455,2.80,3.20
2009.07.10 09:53:29.957,1.1644,1.16455,2.20,3.20
2009.07.10 09:53:30.368,1.1644,1.16465,5.40,4.80
2009.07.10 09:53:30.667,1.1644,1.16455,2.20,3.20
2009.07.10 09:53:31.117,1.1644,1.1646,2.20,3.20
2009.07.10 09:53:33.316,1.1644,1.16455,3.40,3.20
2009.07.10 09:53:33.957,1.1644,1.16455,2.80,3.20
2009.07.10 09:53:34.126,1.1644,1.16455,1.80,3.20
2009.07.10 09:53:34.526,1.1644,1.1645,1.20,3.20
2009.07.10 09:53:34.756,1.16435,1.1645,6.60,3.20
2009.07.10 09:53:36.786,1.16435,1.1646,3.40,3.20
2009.07.10 09:53:37.185,1.16435,1.1646,3.20,3.20
2009.07.10 09:53:37.605,1.1643,1.16445,9.00,3.20
2009.07.10 09:53:38.395,1.1643,1.16445,9.40,3.20
2009.07.10 09:53:38.745,1.1643,1.1644,9.00,3.20
2009.07.10 09:53:39.075,1.1643,1.1645,9.20,3.20
2009.07.10 09:53:39.435,1.1643,1.1645,8.60,3.20
2009.07.10 09:53:41.484,1.1643,1.1645,8.40,3.20
2009.07.10 09:53:41.544,1.1643,1.1645,8.20,3.20
2009.07.10 09:53:42.034,1.1643,1.1644,8.20,3.20
2009.07.10 09:53:42.094,1.1643,1.1644,1.60,3.20
2009.07.10 09:53:42.354,1.1643,1.1644,1.60,3.20
2009.07.10 09:53:44.024,1.16425,1.1645,9.80,3.20
2009.07.10 09:53:47.053,1.16425,1.1645,9.80,3.40
2009.07.10 09:54:19.315,1.16425,1.16445,1.00,3.60
2009.07.10 09:54:19.605,1.1642,1.16445,11.40,3.20
2009.07.10 09:54:20.855,1.1642,1.1644,10.60,3.20
2009.07.10 09:54:21.635,1.1642,1.16445,3.20,3.40
2009.07.10 09:54:22.164,1.1642,1.1644,3.20,3.20
2009.07.10 09:54:22.545,1.1642,1.16445,14.60,5.60
2009.07.10 09:54:22.834,1.1642,1.16445,16.20,4.00
2009.07.10 09:54:23.704,1.1642,1.16445,11.40,4.00
2009.07.10 09:54:25.104,1.1642,1.16445,16.20,4.00
2009.07.10 09:54:29.612,1.1642,1.16445,21.00,4.00
2009.07.10 09:54:29.903,1.1642,1.16445,25.00,4.00
2009.07.10 09:54:30.013,1.1642,1.16445,16.20,4.00
2009.07.10 09:54:30.303,1.1642,1.16445,11.40,4.00
2009.07.10 09:54:30.592,1.1642,1.1644,12.20,3.20
2009.07.10 09:54:30.703,1.1642,1.1644,10.60,3.20
2009.07.10 09:54:30.942,1.1642,1.1644,6.60,3.20
2009.07.10 09:54:31.172,1.1642,1.1644,4.20,3.20
2009.07.10 09:54:31.942,1.1642,1.1644,10.60,3.20
2009.07.10 09:54:32.472,1.1642,1.1644,4.20,3.20
2009.07.10 09:54:37.651,1.1642,1.16425,4.20,1.00
2009.07.10 09:54:38.131,1.16415,1.16425,11.40,1.20
2009.07.10 09:54:40.370,1.16415,1.1642,11.40,1.00
2009.07.10 09:54:43.799,1.1642,1.16445,9.00,5.60
2009.07.10 09:54:44.269,1.1642,1.16445,10.60,3.20
2009.07.10 09:54:50.298,1.1642,1.1643,10.60,1.60
2009.07.10 09:54:50.758,1.16415,1.1642,26.00,1.00
2009.07.10 09:54:51.097,1.16415,1.1643,26.00,1.60
2009.07.10 09:54:54.327,1.16415,1.1642,26.00,1.00
2009.07.10 09:54:54.446,1.16415,1.1643,26.00,1.60
2009.07.10 09:54:55.826,1.1642,1.1645,16.20,4.80
2009.07.10 09:54:59.116,1.1642,1.1644,11.00,3.20
2009.07.10 09:55:00.785,1.1642,1.1644,6.60,3.20
2009.07.10 09:55:01.125,1.16425,1.1643,1.00,1.60
2009.07.10 09:55:01.585,1.16425,1.16435,1.00,1.60
2009.07.10 09:55:01.935,1.16425,1.16445,1.00,3.20
2009.07.10 09:55:09.653,1.16425,1.16435,1.00,3.20
2009.07.10 09:55:10.053,1.16425,1.16445,1.00,6.40
2009.07.10 09:55:10.173,1.16425,1.16445,1.00,3.20
2009.07.10 09:55:11.383,1.1642,1.1644,7.00,6.40
2009.07.10 09:55:11.442,1.1642,1.1644,3.80,6.40
2009.07.10 09:55:11.722,1.1642,1.1644,1.00,6.40
2009.07.10 09:55:11.902,1.16415,1.1644,41.60,6.40
2009.07.10 09:55:15.132,1.16425,1.16435,6.60,8.80
2009.07.10 09:55:15.362,1.16425,1.16445,6.60,3.20
2009.07.10 09:55:22.820,1.16425,1.1645,16.20,3.20
2009.07.10 09:55:23.350,1.16435,1.1645,1.60,3.20
2009.07.10 09:55:26.199,1.1644,1.1646,8.00,16.00
2009.07.10 09:55:26.649,1.16445,1.16455,1.60,3.20
2009.07.10 09:55:27.059,1.1644,1.1645,1.80,3.20
2009.07.10 09:55:27.619,1.1645,1.16485,3.20,12.40
2009.07.10 09:55:27.919,1.1645,1.1646,3.20,1.00
2009.07.10 09:55:32.278,1.16445,1.1645,9.60,1.00
2009.07.10 09:55:32.679,1.16445,1.1645,8.80,1.00
2009.07.10 09:55:33.077,1.16445,1.1647,8.80,3.20
2009.07.10 09:55:33.488,1.16445,1.1647,4.00,3.20
2009.07.10 09:55:34.297,1.1645,1.16475,3.20,12.40
2009.07.10 09:55:34.647,1.16445,1.16465,8.00,3.20
2009.07.10 09:55:35.117,1.16445,1.16465,6.40,3.20
2009.07.10 09:55:36.466,1.1645,1.16465,3.20,5.60
2009.07.10 09:55:38.086,1.1645,1.1646,3.20,1.60
2009.07.10 09:55:39.326,1.1645,1.1647,3.20,3.40
2009.07.10 09:55:39.856,1.1645,1.16465,3.20,1.60
2009.07.10 09:55:39.966,1.1645,1.16475,3.20,12.40
2009.07.10 09:55:44.604,1.1645,1.16475,4.80,12.40
2009.07.10 09:56:18.796,1.1645,1.16475,4.80,6.00
2009.07.10 09:56:19.266,1.1645,1.16475,4.80,12.40
2009.07.10 09:56:22.955,1.1645,1.16475,4.80,6.00
2009.07.10 09:56:23.585,1.16455,1.16475,3.20,3.20
2009.07.10 09:56:23.885,1.1646,1.1648,3.20,6.40
2009.07.10 09:56:24.175,1.1646,1.16485,3.20,12.40
2009.07.10 09:56:24.475,1.16465,1.1648,1.60,2.80
2009.07.10 09:56:24.655,1.16455,1.1647,11.20,12.40
2009.07.10 09:56:24.825,1.16445,1.1647,3.20,12.40
2009.07.10 09:56:25.065,1.1644,1.16465,10.40,3.20
2009.07.10 09:56:25.625,1.16445,1.1647,3.20,12.40
2009.07.10 09:56:25.735,1.16445,1.1647,3.20,6.00
2009.07.10 09:56:25.794,1.16445,1.1647,3.20,3.20
2009.07.10 09:56:38.661,1.1645,1.16475,3.20,12.40
2009.07.10 09:56:39.002,1.1644,1.16465,6.00,3.20
2009.07.10 09:56:39.342,1.1645,1.16465,3.20,2.80
2009.07.10 09:56:39.672,1.1646,1.16475,3.20,9.20
2009.07.10 09:56:42.151,1.16465,1.16485,1.60,3.20
2009.07.10 09:56:55.377,1.16465,1.1648,1.60,3.20
2009.07.10 09:56:58.207,1.16455,1.16475,6.40,3.20
2009.07.10 09:56:58.427,1.16455,1.16475,1.60,3.20
2009.07.10 09:57:07.734,1.16455,1.1647,1.60,1.60
2009.07.10 09:57:08.444,1.1643,1.1646,3.20,3.20
2009.07.10 09:57:28.169,1.1644,1.1646,1.40,3.20
2009.07.10 09:57:28.450,1.1644,1.1646,1.20,3.20
2009.07.10 09:57:28.899,1.16435,1.1646,3.20,3.20
2009.07.10 09:58:03.092,1.1643,1.16455,10.80,3.20
2009.07.10 09:58:03.311,1.16435,1.1646,3.20,3.20
2009.07.10 09:58:03.841,1.1643,1.16455,3.40,3.20
2009.07.10 09:58:06.470,1.1643,1.16455,3.40,3.60
2009.07.10 09:58:11.469,1.1643,1.16455,3.40,3.40
2009.07.10 09:58:13.419,1.1643,1.16455,3.40,3.20
2009.07.10 09:58:14.399,1.1643,1.16455,3.40,4.00
2009.07.10 09:58:15.318,1.1643,1.16455,3.20,4.00
2009.07.10 09:58:22.147,1.16425,1.1645,9.80,3.20
2009.07.10 09:58:28.385,1.16425,1.1645,9.80,3.40
2009.07.10 09:58:34.064,1.16425,1.1645,3.40,3.40
2009.07.10 09:58:34.424,1.16425,1.1645,6.40,5.00
2009.07.10 09:58:34.704,1.16425,1.1645,9.80,3.40
2009.07.10 09:58:36.633,1.1643,1.1645,3.20,8.60
2009.07.10 09:58:37.043,1.1644,1.16455,3.40,6.40
2009.07.10 09:58:37.273,1.1644,1.1646,4.80,3.20
2009.07.10 09:58:37.913,1.1644,1.1646,4.00,3.20
2009.07.10 09:58:38.313,1.1644,1.16465,9.60,3.40
2009.07.10 09:58:39.392,1.1644,1.16465,8.60,3.40
2009.07.10 09:58:48.950,1.1644,1.16465,6.60,3.40
2009.07.10 09:58:49.070,1.1644,1.16465,4.80,3.20
2009.07.10 09:58:50.929,1.1644,1.16465,4.80,3.80
2009.07.10 09:58:51.040,1.1644,1.16465,6.20,3.80
2009.07.10 09:58:51.100,1.1644,1.16465,7.00,3.80
2009.07.10 09:58:51.399,1.1644,1.16465,7.60,4.00
2009.07.10 09:58:54.489,1.1644,1.16465,8.60,3.40
2009.07.10 09:58:54.719,1.1644,1.16465,9.00,3.40
2009.07.10 09:58:55.069,1.1644,1.16465,9.60,3.40
2009.07.10 09:58:58.038,1.1644,1.16465,9.20,3.40
2009.07.10 09:58:58.198,1.1644,1.16465,8.80,3.40
2009.07.10 09:58:58.498,1.1644,1.16465,9.60,3.40
2009.07.10 09:59:02.037,1.1644,1.16465,9.60,3.60
2009.07.10 09:59:03.406,1.1644,1.16465,9.60,3.40
2009.07.10 09:59:08.456,1.1644,1.16465,4.80,3.40
2009.07.10 09:59:09.405,1.1644,1.16465,4.80,3.60
2009.07.10 09:59:09.745,1.1644,1.16465,6.60,4.00
2009.07.10 09:59:10.325,1.1644,1.1646,3.80,3.20
2009.07.10 09:59:11.505,1.1644,1.1646,3.60,3.20
2009.07.10 09:59:11.775,1.1644,1.1646,3.80,3.20
2009.07.10 09:59:13.404,1.1644,1.1646,4.80,3.20
2009.07.10 09:59:13.684,1.1644,1.1645,4.80,3.20
2009.07.10 09:59:15.724,1.1644,1.16455,4.80,3.20
2009.07.10 09:59:15.844,1.1644,1.16455,9.60,3.20
2009.07.10 09:59:16.194,1.1644,1.16465,12.80,3.20
2009.07.10 09:59:17.554,1.1644,1.16465,12.00,3.20
2009.07.10 09:59:18.323,1.1644,1.16465,12.20,3.20
2009.07.10 09:59:19.193,1.1644,1.16465,12.00,3.20
2009.07.10 09:59:19.363,1.1644,1.16455,4.00,3.20
2009.07.10 09:59:19.783,1.1644,1.16455,4.80,3.20
2009.07.10 09:59:20.173,1.16445,1.1647,3.20,9.20
2009.07.10 09:59:20.353,1.16465,1.1649,1.60,17.20
2009.07.10 09:59:20.752,1.16455,1.16475,4.80,6.40
2009.07.10 09:59:20.923,1.1643,1.1647,7.20,3.20
2009.07.10 09:59:21.272,1.1643,1.16465,4.80,3.20
2009.07.10 09:59:25.001,1.1644,1.16465,12.80,3.20
2009.07.10 09:59:25.172,1.16445,1.1647,3.20,12.40
2009.07.10 09:59:29.590,1.1644,1.16465,12.80,3.20
2009.07.10 09:59:30.060,1.1644,1.16465,13.00,3.20
2009.07.10 09:59:30.290,1.1644,1.16465,13.20,3.20
2009.07.10 09:59:30.470,1.1644,1.16465,13.00,3.20
2009.07.10 09:59:30.820,1.1644,1.16465,12.80,3.20
2009.07.10 09:59:34.309,1.16445,1.16465,1.60,3.20
2009.07.10 09:59:35.119,1.16445,1.1647,4.80,12.40
2009.07.10 09:59:38.448,1.16445,1.16465,1.60,3.20
2009.07.10 09:59:40.778,1.16445,1.1647,4.80,12.40
2009.07.10 09:59:40.888,1.16445,1.16465,1.60,3.20
2009.07.10 09:59:43.827,1.16445,1.1647,4.80,12.40
2009.07.10 09:59:50.555,1.16445,1.16465,1.60,3.20
