2010.11.04 16:00:00.159,1.00225,1.00237,1.50,1.50
2010.11.04 16:00:01.231,1.0022,1.00236,3.00,3.00
2010.11.04 16:00:03.289,1.00227,1.0024,1.50,1.90
2010.11.04 16:00:05.311,1.00229,1.00242,1.50,2.50
2010.11.04 16:00:07.417,1.00226,1.0024,1.50,1.50
2010.11.04 16:00:09.439,1.00225,1.00237,1.50,1.50
2010.11.04 16:00:11.450,1.00224,1.00238,1.50,2.50
2010.11.04 16:00:13.499,1.00218,1.00231,1.50,1.50
2010.11.04 16:00:15.591,1.00218,1.00233,1.50,1.50
2010.11.04 16:00:17.668,1.00219,1.00234,1.50,1.50
2010.11.04 16:00:19.669,1.00218,1.00231,1.50,1.50
2010.11.04 16:00:21.732,1.00218,1.00231,1.50,1.50
2010.11.04 16:00:23.839,1.00218,1.00231,1.50,1.50
2010.11.04 16:00:25.295,1.00209,1.00226,3.40,2.50
2010.11.04 16:00:27.381,1.0021,1.00227,3.00,1.20
2010.11.04 16:00:29.452,1.00209,1.00223,4.50,1.50
2010.11.04 16:00:31.732,1.00201,1.00216,1.50,1.70
2010.11.04 16:00:33.086,1.00209,1.00215,1.50,2.50
2010.11.04 16:00:35.119,1.00209,1.00223,5.30,2.50
2010.11.04 16:00:36.946,1.00217,1.00231,1.70,2.30
2010.11.04 16:00:37.954,1.00215,1.00229,1.50,2.50
2010.11.04 16:00:39.624,1.002,1.00215,1.50,1.70
2010.11.04 16:00:40.318,1.00208,1.00219,1.50,1.20
2010.11.04 16:00:40.444,1.002,1.00217,1.80,2.50
2010.11.04 16:00:42.478,1.00201,1.00216,1.50,2.50
2010.11.04 16:00:42.928,1.00201,1.00216,2.10,2.50
2010.11.04 16:00:43.473,1.00209,1.00226,3.80,2.50
2010.11.04 16:00:45.567,1.0021,1.00224,1.50,1.50
2010.11.04 16:00:46.598,1.00207,1.00223,1.70,2.30
2010.11.04 16:00:48.646,1.00215,1.00228,1.50,1.50
2010.11.04 16:00:50.668,1.00213,1.00227,1.50,1.50
2010.11.04 16:00:52.735,1.0021,1.00225,3.00,2.30
2010.11.04 16:00:54.799,1.00208,1.00226,1.50,2.50
2010.11.04 16:00:56.972,1.00208,1.00224,1.50,1.20
2010.11.04 16:00:58.977,1.00205,1.00226,3.00,8.50
2010.11.04 16:01:01.077,1.00205,1.00226,3.00,4.80
2010.11.04 16:01:03.184,1.00209,1.00227,5.30,4.80
2010.11.04 16:01:05.278,1.00212,1.00227,1.50,2.50
2010.11.04 16:01:07.304,1.00212,1.00227,1.50,2.50
2010.11.04 16:01:09.352,1.00222,1.00236,1.50,1.50
2010.11.04 16:01:11.441,1.00212,1.00228,3.00,2.30
2010.11.04 16:01:13.536,1.00212,1.0023,1.50,2.50
2010.11.04 16:01:15.612,1.00219,1.00235,3.00,2.50
2010.11.04 16:01:17.920,1.00221,1.00236,1.50,2.30
2010.11.04 16:01:20.136,1.00223,1.00237,1.50,1.50
2010.11.04 16:01:22.217,1.00227,1.00242,1.50,2.30
2010.11.04 16:01:24.297,1.00227,1.00242,1.50,2.30
2010.11.04 16:01:26.644,1.00227,1.00242,1.50,2.30
2010.11.04 16:01:28.897,1.00225,1.00241,1.50,3.00
2010.11.04 16:01:30.928,1.00225,1.00241,1.50,4.00
2010.11.04 16:01:31.391,1.00222,1.00234,1.50,1.50
2010.11.04 16:01:33.396,1.00219,1.00231,1.50,1.50
2010.11.04 16:01:35.327,1.00223,1.00232,2.30,2.50
2010.11.04 16:01:37.690,1.00222,1.00233,1.50,1.50
2010.11.04 16:01:39.760,1.0022,1.00233,1.50,1.50
2010.11.04 16:01:41.878,1.0022,1.00233,1.50,1.50
2010.11.04 16:01:43.904,1.00221,1.00234,1.50,1.50
2010.11.04 16:01:46.327,1.00223,1.00238,1.50,2.50
2010.11.04 16:01:48.401,1.00221,1.00235,2.30,2.30
2010.11.04 16:01:50.470,1.00222,1.00236,2.30,1.50
2010.11.04 16:01:52.519,1.00222,1.00236,2.30,1.50
2010.11.04 16:01:54.588,1.00222,1.00236,1.50,1.50
2010.11.04 16:01:56.596,1.00222,1.00236,1.50,1.50
2010.11.04 16:01:58.718,1.00222,1.00236,1.50,1.50
2010.11.04 16:02:00.480,1.00219,1.00229,1.50,1.50
2010.11.04 16:02:01.030,1.00208,1.00226,2.70,3.20
2010.11.04 16:02:02.097,1.00216,1.00234,3.00,2.50
2010.11.04 16:02:04.294,1.0022,1.00234,1.50,2.50
2010.11.04 16:02:06.309,1.00215,1.00231,1.50,6.20
2010.11.04 16:02:08.358,1.00221,1.00233,1.50,1.50
2010.11.04 16:02:10.426,1.00221,1.00233,1.50,1.50
2010.11.04 16:02:12.495,1.00222,1.00234,1.70,1.50
2010.11.04 16:02:14.786,1.00223,1.00237,1.50,2.30
2010.11.04 16:02:16.888,1.00222,1.00237,1.50,2.30
2010.11.04 16:02:18.955,1.00222,1.00237,1.50,2.30
2010.11.04 16:02:21.092,1.00222,1.00237,1.50,2.30
2010.11.04 16:02:23.178,1.00222,1.00236,1.50,1.50
2010.11.04 16:02:25.285,1.00219,1.00234,1.50,2.50
2010.11.04 16:02:27.628,1.00219,1.00234,1.50,2.50
2010.11.04 16:02:29.699,1.00221,1.00236,1.50,1.50
2010.11.04 16:02:31.910,1.00221,1.00236,1.50,1.50
2010.11.04 16:02:34.016,1.00221,1.00236,1.50,1.50
2010.11.04 16:02:36.099,1.00221,1.00236,1.50,1.50
2010.11.04 16:02:38.209,1.00221,1.00236,1.50,1.50
2010.11.04 16:02:40.250,1.00221,1.00236,1.50,1.70
2010.11.04 16:02:40.375,1.00221,1.00233,1.50,1.90
2010.11.04 16:02:42.748,1.00211,1.00226,1.50,1.50
2010.11.04 16:02:44.750,1.00209,1.00226,3.00,2.50
2010.11.04 16:02:46.762,1.00214,1.00226,3.00,2.30
2010.11.04 16:02:48.779,1.00218,1.00236,1.50,5.50
2010.11.04 16:02:50.828,1.00214,1.00231,3.00,4.70
2010.11.04 16:02:52.909,1.00215,1.00231,2.30,4.70
2010.11.04 16:02:54.998,1.00217,1.00233,1.50,2.80
2010.11.04 16:02:57.189,1.00217,1.00234,3.00,2.50
2010.11.04 16:02:59.273,1.00217,1.00234,3.00,2.50
2010.11.04 16:03:01.287,1.00217,1.00233,1.50,2.30
2010.11.04 16:03:03.295,1.00217,1.00231,1.50,2.50
2010.11.04 16:03:05.343,1.00212,1.00228,3.00,2.50
2010.11.04 16:03:07.367,1.00212,1.00222,1.50,1.50
2010.11.04 16:03:09.437,1.00212,1.00222,1.50,1.50
2010.11.04 16:03:11.487,1.00212,1.00222,1.50,1.50
2010.11.04 16:03:13.653,1.00212,1.00228,3.00,2.50
2010.11.04 16:03:15.687,1.00212,1.00228,3.00,2.50
2010.11.04 16:03:17.720,1.00212,1.00228,3.00,2.50
2010.11.04 16:03:19.747,1.00204,1.00218,1.50,2.30
2010.11.04 16:03:21.860,1.00204,1.00219,4.50,2.50
2010.11.04 16:03:23.956,1.00204,1.00221,5.30,2.50
2010.11.04 16:03:26.048,1.00209,1.00224,2.30,2.50
2010.11.04 16:03:28.125,1.00209,1.00224,2.30,2.50
2010.11.04 16:03:30.317,1.00203,1.00219,3.00,2.50
2010.11.04 16:03:32.399,1.00203,1.00218,1.50,2.30
2010.11.04 16:03:34.727,1.00204,1.00218,2.30,1.50
2010.11.04 16:03:36.517,1.00201,1.00217,1.50,2.50
2010.11.04 16:03:38.547,1.00201,1.00216,1.50,3.00
2010.11.04 16:03:40.550,1.00201,1.00216,1.50,3.00
2010.11.04 16:03:42.874,1.00192,1.00209,3.80,1.20
2010.11.04 16:03:45.017,1.00192,1.00207,1.50,1.50
2010.11.04 16:03:47.263,1.002,1.00212,1.50,3.80
2010.11.04 16:03:49.355,1.002,1.00215,1.50,2.50
2010.11.04 16:03:51.394,1.002,1.00215,1.50,2.50
2010.11.04 16:03:53.739,1.002,1.00215,1.50,2.50
2010.11.04 16:03:56.028,1.002,1.00215,1.50,2.50
2010.11.04 16:03:58.104,1.002,1.00215,1.50,2.50
2010.11.04 16:04:00.118,1.00196,1.00213,3.40,2.50
2010.11.04 16:04:01.476,1.00192,1.00209,1.50,3.20
2010.11.04 16:04:03.547,1.0019,1.00206,3.00,2.50
2010.11.04 16:04:05.622,1.0019,1.00207,1.50,2.50
2010.11.04 16:04:07.715,1.0019,1.00207,1.50,2.50
2010.11.04 16:04:09.743,1.0019,1.00207,1.50,2.50
2010.11.04 16:04:11.809,1.00194,1.00208,1.50,2.50
2010.11.04 16:04:13.908,1.00194,1.00208,2.30,2.50
2010.11.04 16:04:15.910,1.0019,1.00207,1.50,2.50
2010.11.04 16:04:18.147,1.00194,1.0021,2.30,2.50
2010.11.04 16:04:20.201,1.00186,1.00201,1.50,4.70
2010.11.04 16:04:22.273,1.00189,1.00207,3.00,2.50
2010.11.04 16:04:24.302,1.00191,1.00208,1.50,4.00
2010.11.04 16:04:26.691,1.00191,1.00208,1.50,4.00
2010.11.04 16:04:28.746,1.00193,1.00208,1.50,2.50
2010.11.04 16:04:31.110,1.00193,1.00208,1.50,2.50
2010.11.04 16:04:33.140,1.00194,1.00209,3.00,4.70
2010.11.04 16:04:35.158,1.00194,1.00209,5.10,2.50
2010.11.04 16:04:35.391,1.00202,1.00217,1.50,2.50
2010.11.04 16:04:37.409,1.00213,1.00225,1.50,1.50
2010.11.04 16:04:39.533,1.0021,1.00227,1.50,2.50
2010.11.04 16:04:41.598,1.0021,1.00226,1.50,2.50
2010.11.04 16:04:43.678,1.00211,1.00226,1.50,2.50
2010.11.04 16:04:45.905,1.00211,1.00226,1.50,2.50
2010.11.04 16:04:47.947,1.00211,1.00225,1.60,2.50
2010.11.04 16:04:49.991,1.00209,1.00226,5.40,2.50
2010.11.04 16:04:52.127,1.0021,1.00225,3.00,1.50
2010.11.04 16:04:54.151,1.0021,1.00225,1.50,2.50
2010.11.04 16:04:56.245,1.00206,1.00221,1.50,1.50
2010.11.04 16:04:58.352,1.00203,1.00219,1.50,2.50
2010.11.04 16:05:00.433,1.00207,1.00225,1.50,2.50
2010.11.04 16:05:01.196,1.00205,1.00218,1.50,2.60
2010.11.04 16:05:03.310,1.00207,1.00221,1.50,6.20
2010.11.04 16:05:05.137,1.00202,1.00217,1.50,1.10
2010.11.04 16:05:05.785,1.00195,1.00211,1.50,4.70
2010.11.04 16:05:07.789,1.00197,1.00213,1.50,3.20
2010.11.04 16:05:09.787,1.00197,1.00214,1.50,5.50
2010.11.04 16:05:12.178,1.00196,1.00211,1.50,2.50
2010.11.04 16:05:14.250,1.00193,1.00207,1.50,2.30
2010.11.04 16:05:16.371,1.00193,1.00211,1.50,5.50
2010.11.04 16:05:18.468,1.00196,1.00211,1.50,5.50
2010.11.04 16:05:20.655,1.00192,1.0021,1.50,2.60
2010.11.04 16:05:23.054,1.00192,1.0021,1.50,2.60
2010.11.04 16:05:24.828,1.00192,1.0021,1.50,2.60
2010.11.04 16:05:26.937,1.00192,1.0021,1.50,2.70
2010.11.04 16:05:29.328,1.00194,1.00211,1.50,4.70
2010.11.04 16:05:31.398,1.00194,1.00211,1.50,6.20
2010.11.04 16:05:33.425,1.00196,1.00212,1.50,2.50
2010.11.04 16:05:35.429,1.00196,1.00211,1.50,2.50
2010.11.04 16:05:37.461,1.00195,1.00211,1.50,6.20
2010.11.04 16:05:39.477,1.00195,1.00211,1.50,6.20
2010.11.04 16:05:41.803,1.00196,1.00215,1.50,6.60
2010.11.04 16:05:43.903,1.00196,1.00214,1.50,3.20
2010.11.04 16:05:45.926,1.00199,1.00215,2.30,2.50
2010.11.04 16:05:47.881,1.00204,1.00214,2.00,3.20
2010.11.04 16:05:48.230,1.00205,1.00221,3.00,1.50
2010.11.04 16:05:50.328,1.0021,1.00226,1.50,3.20
2010.11.04 16:05:52.394,1.00213,1.00229,1.50,2.30
2010.11.04 16:05:54.403,1.00213,1.00229,1.50,2.30
2010.11.04 16:05:56.458,1.00213,1.00229,1.50,2.30
2010.11.04 16:05:58.557,1.00213,1.00229,1.50,2.30
2010.11.04 16:06:00.726,1.00213,1.00229,1.50,2.30
2010.11.04 16:06:02.767,1.00213,1.00229,1.50,2.30
2010.11.04 16:06:04.040,1.00216,1.00231,2.50,4.70
2010.11.04 16:06:04.177,1.00224,1.0024,3.10,2.50
2010.11.04 16:06:06.229,1.00224,1.0024,1.60,2.50
2010.11.04 16:06:08.463,1.0022,1.00238,3.00,2.60
2010.11.04 16:06:10.684,1.0022,1.00235,1.90,2.50
2010.11.04 16:06:12.683,1.00221,1.00238,1.50,2.60
2010.11.04 16:06:14.806,1.00226,1.00241,1.50,4.50
2010.11.04 16:06:16.791,1.00226,1.00241,1.50,4.50
2010.11.04 16:06:18.807,1.00218,1.00237,3.00,2.50
2010.11.04 16:06:20.807,1.00213,1.00229,1.50,2.50
2010.11.04 16:06:22.208,1.00214,1.0023,1.20,2.30
2010.11.04 16:06:22.327,1.00214,1.0023,1.50,2.30
2010.11.04 16:06:24.391,1.00214,1.00231,1.50,2.80
2010.11.04 16:06:26.453,1.00219,1.00236,2.30,2.50
2010.11.04 16:06:28.473,1.00219,1.00231,1.50,1.50
2010.11.04 16:06:30.518,1.00215,1.0023,1.50,3.00
2010.11.04 16:06:33.260,1.00216,1.00232,3.00,3.00
2010.11.04 16:06:33.383,1.00223,1.00238,1.50,1.90
2010.11.04 16:06:35.450,1.00219,1.00235,2.30,2.50
2010.11.04 16:06:37.554,1.00219,1.00235,2.30,2.80
2010.11.04 16:06:39.673,1.00209,1.00226,3.00,2.50
2010.11.04 16:06:41.772,1.00213,1.0023,1.50,4.70
2010.11.04 16:06:43.741,1.00217,1.00234,1.50,2.50
2010.11.04 16:06:45.818,1.00217,1.00234,1.50,2.50
2010.11.04 16:06:47.305,1.00214,1.00225,1.50,3.40
2010.11.04 16:06:49.384,1.0021,1.00227,6.00,2.50
2010.11.04 16:06:51.801,1.00209,1.00227,2.30,5.80
2010.11.04 16:06:53.881,1.00211,1.00229,1.50,2.50
2010.11.04 16:06:55.980,1.00213,1.00228,1.50,2.50
2010.11.04 16:06:58.018,1.00215,1.00231,1.50,6.60
2010.11.04 16:07:00.021,1.00215,1.00231,1.50,6.60
2010.11.04 16:07:02.268,1.00215,1.00231,1.50,6.60
2010.11.04 16:07:04.350,1.00216,1.00231,1.50,1.50
2010.11.04 16:07:06.412,1.00223,1.00239,1.50,2.50
2010.11.04 16:07:08.718,1.00223,1.00239,1.50,2.50
2010.11.04 16:07:10.732,1.00223,1.00239,1.50,2.50
2010.11.04 16:07:12.990,1.00223,1.00239,1.50,2.50
2010.11.04 16:07:15.127,1.00223,1.0024,3.00,5.50
2010.11.04 16:07:17.137,1.00223,1.0024,1.50,5.50
2010.11.04 16:07:19.167,1.00223,1.0024,1.50,5.50
2010.11.04 16:07:20.661,1.00221,1.00231,2.30,2.30
2010.11.04 16:07:22.762,1.00215,1.00231,3.00,5.30
2010.11.04 16:07:24.857,1.00215,1.00231,3.00,5.30
2010.11.04 16:07:26.868,1.00215,1.00231,1.50,5.30
2010.11.04 16:07:29.146,1.00219,1.00235,3.80,1.70
2010.11.04 16:07:31.198,1.00219,1.00235,3.80,1.70
2010.11.04 16:07:33.253,1.00219,1.00237,4.90,2.30
2010.11.04 16:07:33.936,1.00231,1.00242,1.50,2.30
2010.11.04 16:07:35.994,1.00227,1.00244,1.50,5.50
2010.11.04 16:07:38.181,1.00231,1.00248,1.50,2.50
2010.11.04 16:07:40.189,1.00231,1.00248,1.50,2.50
2010.11.04 16:07:42.301,1.00242,1.00257,1.50,1.70
2010.11.04 16:07:44.302,1.00241,1.00255,1.50,1.70
2010.11.04 16:07:46.337,1.00239,1.00254,1.50,1.70
2010.11.04 16:07:48.383,1.00238,1.00252,1.50,1.70
2010.11.04 16:07:50.384,1.00241,1.00258,1.50,3.20
2010.11.04 16:07:52.451,1.00241,1.00258,3.00,2.50
2010.11.04 16:07:54.712,1.00237,1.00251,2.30,4.00
2010.11.04 16:07:56.904,1.00234,1.00249,1.50,5.50
2010.11.04 16:07:58.927,1.0023,1.00248,2.30,2.50
2010.11.04 16:08:00.962,1.00239,1.00255,1.50,3.30
2010.11.04 16:08:03.068,1.00241,1.00259,3.00,2.50
2010.11.04 16:08:05.137,1.00243,1.00261,2.30,8.10
2010.11.04 16:08:07.160,1.00238,1.00254,2.30,1.50
2010.11.04 16:08:09.437,1.00239,1.00254,1.50,1.50
2010.11.04 16:08:11.487,1.00238,1.00254,2.30,1.50
2010.11.04 16:08:13.578,1.00242,1.00256,1.50,1.30
2010.11.04 16:08:15.617,1.0024,1.00257,2.30,2.50
2010.11.04 16:08:17.677,1.0023,1.00248,2.30,2.50
2010.11.04 16:08:19.771,1.00237,1.0025,1.50,2.30
2010.11.04 16:08:21.836,1.00242,1.00252,1.70,2.50
2010.11.04 16:08:23.912,1.00239,1.00255,2.30,3.00
2010.11.04 16:08:25.987,1.00239,1.00255,3.00,2.50
2010.11.04 16:08:28.010,1.00241,1.00258,3.00,2.50
2010.11.04 16:08:30.139,1.00239,1.00256,4.80,2.50
2010.11.04 16:08:32.152,1.00237,1.00252,1.50,2.80
2010.11.04 16:08:34.180,1.00233,1.0025,3.00,2.50
2010.11.04 16:08:36.287,1.00238,1.00252,1.50,3.20
2010.11.04 16:08:38.591,1.00238,1.00254,1.50,4.00
2010.11.04 16:08:40.668,1.0024,1.00257,3.00,2.50
2010.11.04 16:08:42.726,1.0024,1.00257,3.00,2.50
2010.11.04 16:08:44.768,1.0024,1.00257,3.00,2.50
2010.11.04 16:08:46.866,1.00241,1.00259,3.00,4.70
2010.11.04 16:08:47.979,1.00249,1.00264,3.00,2.50
2010.11.04 16:08:50.080,1.00249,1.00264,2.30,2.50
2010.11.04 16:08:52.130,1.00249,1.00264,2.30,2.50
2010.11.04 16:08:54.159,1.00251,1.00269,3.00,7.00
2010.11.04 16:08:56.208,1.00253,1.00268,1.50,2.50
2010.11.04 16:08:58.306,1.00255,1.00271,1.50,5.10
2010.11.04 16:09:00.385,1.00255,1.00271,2.10,5.10
2010.11.04 16:09:02.509,1.00263,1.0028,3.00,3.20
2010.11.04 16:09:04.741,1.00263,1.00279,1.50,4.70
2010.11.04 16:09:07.090,1.00263,1.00279,1.50,4.70
2010.11.04 16:09:09.117,1.00263,1.00279,1.50,4.70
2010.11.04 16:09:11.175,1.00259,1.00274,1.50,1.20
2010.11.04 16:09:13.281,1.00255,1.0027,1.50,3.20
2010.11.04 16:09:15.514,1.00255,1.0027,1.50,3.20
2010.11.04 16:09:17.742,1.00255,1.00271,1.50,4.70
2010.11.04 16:09:19.778,1.00257,1.00271,1.50,4.70
2010.11.04 16:09:21.854,1.00257,1.00271,1.50,4.70
2010.11.04 16:09:23.901,1.00257,1.00271,1.50,4.70
2010.11.04 16:09:25.929,1.00256,1.00271,1.50,4.70
2010.11.04 16:09:27.949,1.00257,1.00271,1.50,1.50
2010.11.04 16:09:30.010,1.00257,1.00271,1.50,1.50
2010.11.04 16:09:32.025,1.00257,1.00271,1.50,1.50
2010.11.04 16:09:33.416,1.00243,1.00259,1.50,5.50
2010.11.04 16:09:35.558,1.00242,1.00259,3.00,5.50
2010.11.04 16:09:37.710,1.00242,1.00259,3.00,3.20
2010.11.04 16:09:38.311,1.00239,1.00251,3.00,1.70
2010.11.04 16:09:40.408,1.00226,1.00241,1.50,4.50
2010.11.04 16:09:42.462,1.00239,1.00252,1.50,2.60
2010.11.04 16:09:44.520,1.00236,1.00249,1.50,3.20
2010.11.04 16:09:46.528,1.00229,1.00246,1.50,3.20
2010.11.04 16:09:48.577,1.00224,1.00239,1.50,1.20
2010.11.04 16:09:50.833,1.00224,1.0024,1.50,5.50
2010.11.04 16:09:52.858,1.00222,1.00239,3.00,4.00
2010.11.04 16:09:55.215,1.0022,1.00236,3.00,3.80
2010.11.04 16:09:57.251,1.00225,1.00241,1.50,7.50
2010.11.04 16:09:59.283,1.00226,1.00241,1.50,7.70
2010.11.04 16:10:01.290,1.00223,1.00239,3.00,2.30
2010.11.04 16:10:03.370,1.00223,1.00239,3.00,2.30
2010.11.04 16:10:05.471,1.0022,1.00238,2.30,2.50
2010.11.04 16:10:07.607,1.00222,1.00239,1.50,4.70
2010.11.04 16:10:09.715,1.00217,1.00231,1.50,5.30
2010.11.04 16:10:11.732,1.00215,1.00231,1.50,6.30
2010.11.04 16:10:14.153,1.00215,1.00231,1.50,6.20
2010.11.04 16:10:16.464,1.00212,1.00229,1.50,7.20
2010.11.04 16:10:18.921,1.00213,1.00229,1.50,2.50
2010.11.04 16:10:21.181,1.00211,1.00229,1.50,7.30
2010.11.04 16:10:22.751,1.00207,1.00224,1.50,2.50
2010.11.04 16:10:24.756,1.00201,1.00217,1.50,1.10
2010.11.04 16:10:25.504,1.00208,1.00219,1.50,3.40
2010.11.04 16:10:27.528,1.00198,1.00214,3.00,1.30
2010.11.04 16:10:29.926,1.00193,1.00209,1.50,3.20
2010.11.04 16:10:31.954,1.0019,1.00208,3.00,2.50
2010.11.04 16:10:34.008,1.0019,1.00208,3.00,2.50
2010.11.04 16:10:36.008,1.00192,1.00208,1.50,2.50
2010.11.04 16:10:38.026,1.00192,1.00208,1.50,2.50
2010.11.04 16:10:40.138,1.0019,1.00208,3.00,2.50
2010.11.04 16:10:42.215,1.0019,1.00208,3.00,2.50
2010.11.04 16:10:44.296,1.0019,1.00208,3.00,2.50
2010.11.04 16:10:46.062,1.00203,1.00209,1.20,4.50
2010.11.04 16:10:46.823,1.00209,1.00222,1.50,2.30
2010.11.04 16:10:48.919,1.00208,1.00221,1.50,5.30
2010.11.04 16:10:50.958,1.00208,1.0022,1.50,1.50
2010.11.04 16:10:52.959,1.00208,1.0022,1.50,1.50
2010.11.04 16:10:55.067,1.00208,1.0022,3.00,1.50
2010.11.04 16:10:57.277,1.00208,1.00221,3.00,1.50
2010.11.04 16:10:59.313,1.00212,1.00229,3.00,7.00
2010.11.04 16:11:01.362,1.00207,1.0022,1.50,1.50
2010.11.04 16:11:03.447,1.00207,1.0022,1.50,1.50
2010.11.04 16:11:05.503,1.0021,1.00224,1.50,7.00
2010.11.04 16:11:07.573,1.0021,1.00225,1.50,3.80
2010.11.04 16:11:09.636,1.00213,1.00228,1.50,1.50
2010.11.04 16:11:11.672,1.00213,1.00228,1.50,1.50
2010.11.04 16:11:14.050,1.00213,1.00226,1.50,1.50
2010.11.04 16:11:16.047,1.00215,1.00229,1.50,4.70
2010.11.04 16:11:18.079,1.00215,1.00229,1.50,4.70
2010.11.04 16:11:20.093,1.00215,1.0023,1.50,2.50
2010.11.04 16:11:22.105,1.00215,1.0023,1.50,2.50
2010.11.04 16:11:24.197,1.00215,1.00231,1.50,2.30
2010.11.04 16:11:26.227,1.00215,1.00231,1.50,2.30
2010.11.04 16:11:28.276,1.00215,1.00231,1.50,2.30
2010.11.04 16:11:30.340,1.00215,1.00231,1.50,2.30
2010.11.04 16:11:32.363,1.00215,1.0023,1.50,1.50
2010.11.04 16:11:34.719,1.00215,1.0023,1.50,1.50
2010.11.04 16:11:36.984,1.00214,1.0023,1.50,2.50
2010.11.04 16:11:39.023,1.00214,1.0023,1.50,2.50
2010.11.04 16:11:41.403,1.00216,1.0023,1.80,1.50
2010.11.04 16:11:41.532,1.00227,1.00237,1.80,1.50
2010.11.04 16:11:43.552,1.00228,1.00244,1.50,3.20
2010.11.04 16:11:44.636,1.00228,1.00237,1.50,2.30
2010.11.04 16:11:47.033,1.00229,1.00244,1.50,5.50
2010.11.04 16:11:49.225,1.00229,1.00244,1.50,5.50
2010.11.04 16:11:51.430,1.00225,1.00241,3.00,1.50
2010.11.04 16:11:51.687,1.00218,1.00232,1.50,1.50
2010.11.04 16:11:53.696,1.00216,1.00231,3.00,3.80
2010.11.04 16:11:54.485,1.00204,1.00219,1.50,2.30
2010.11.04 16:11:56.757,1.00206,1.00221,1.50,2.30
2010.11.04 16:11:58.757,1.00204,1.00218,1.50,2.50
2010.11.04 16:12:00.858,1.00206,1.0022,1.50,1.50
2010.11.04 16:12:02.862,1.00205,1.00221,1.50,2.30
2010.11.04 16:12:04.941,1.00205,1.0022,1.50,1.50
2010.11.04 16:12:06.964,1.00205,1.0022,1.50,1.50
2010.11.04 16:12:09.060,1.00205,1.0022,1.50,1.50
2010.11.04 16:12:11.322,1.00205,1.0022,1.50,1.50
2010.11.04 16:12:13.337,1.00216,1.00231,1.50,2.50
2010.11.04 16:12:15.365,1.00216,1.00233,1.50,2.50
2010.11.04 16:12:17.400,1.00222,1.00238,1.50,2.50
2010.11.04 16:12:19.443,1.00222,1.00238,1.50,2.50
2010.11.04 16:12:21.487,1.00222,1.00238,1.80,2.50
2010.11.04 16:12:22.197,1.00231,1.00248,1.50,2.10
2010.11.04 16:12:24.302,1.00235,1.00248,1.50,1.50
2010.11.04 16:12:26.387,1.00232,1.00247,1.50,2.50
2010.11.04 16:12:28.507,1.00232,1.00247,1.50,2.50
2010.11.04 16:12:30.511,1.00233,1.00248,1.50,2.30
2010.11.04 16:12:32.798,1.00234,1.00244,1.50,1.50
2010.11.04 16:12:34.490,1.00212,1.0023,1.50,1.50
2010.11.04 16:12:36.507,1.00215,1.00231,1.50,2.50
2010.11.04 16:12:38.569,1.00214,1.00231,6.00,2.50
2010.11.04 16:12:40.879,1.0021,1.00227,1.50,2.50
2010.11.04 16:12:42.948,1.0021,1.00227,1.50,2.50
2010.11.04 16:12:45.060,1.0021,1.00227,1.50,2.50
2010.11.04 16:12:47.126,1.00212,1.00227,1.50,2.50
2010.11.04 16:12:47.891,1.00213,1.00227,2.70,1.70
2010.11.04 16:12:48.032,1.00221,1.00237,1.50,2.50
2010.11.04 16:12:50.327,1.00222,1.00234,1.50,1.50
2010.11.04 16:12:51.789,1.00221,1.00229,1.50,3.20
2010.11.04 16:12:52.240,1.00212,1.00229,1.50,4.70
2010.11.04 16:12:54.416,1.00212,1.00228,1.50,2.50
2010.11.04 16:12:56.607,1.00212,1.00228,1.50,2.50
2010.11.04 16:12:58.613,1.00212,1.00228,1.50,2.50
2010.11.04 16:13:00.676,1.00217,1.00235,3.60,2.50
2010.11.04 16:13:02.729,1.00219,1.00231,2.30,2.30
2010.11.04 16:13:04.782,1.00219,1.00235,1.50,2.50
2010.11.04 16:13:07.087,1.00216,1.00233,1.50,2.50
2010.11.04 16:13:08.776,1.00209,1.00227,3.00,7.00
2010.11.04 16:13:10.870,1.00209,1.00226,3.00,1.70
2010.11.04 16:13:12.980,1.00209,1.00227,6.80,2.50
2010.11.04 16:13:15.243,1.00209,1.00227,6.80,2.50
2010.11.04 16:13:17.241,1.00209,1.00227,6.80,2.50
2010.11.04 16:13:19.586,1.00209,1.00223,5.30,2.40
2010.11.04 16:13:19.714,1.00196,1.00211,3.00,2.50
2010.11.04 16:13:21.741,1.00196,1.00212,1.50,3.20
2010.11.04 16:13:23.888,1.00197,1.00215,2.30,4.80
2010.11.04 16:13:25.947,1.00196,1.00214,3.00,1.30
2010.11.04 16:13:27.948,1.00196,1.00214,3.00,1.30
2010.11.04 16:13:29.963,1.00196,1.00215,3.00,5.50
2010.11.04 16:13:32.064,1.00196,1.00215,3.00,4.80
2010.11.04 16:13:34.093,1.00193,1.0021,1.50,1.70
2010.11.04 16:13:36.166,1.00193,1.00211,3.00,5.50
2010.11.04 16:13:38.261,1.00193,1.00211,3.00,6.20
2010.11.04 16:13:40.316,1.00193,1.00211,3.00,6.60
2010.11.04 16:13:42.530,1.00193,1.00211,3.00,6.20
2010.11.04 16:13:43.710,1.00196,1.00211,2.30,4.50
2010.11.04 16:13:43.838,1.00207,1.00223,1.50,2.50
2010.11.04 16:13:46.027,1.00208,1.00224,1.50,4.70
2010.11.04 16:13:48.038,1.00208,1.00223,1.50,2.50
2010.11.04 16:13:48.595,1.00203,1.00218,2.30,2.80
2010.11.04 16:13:48.764,1.00198,1.00211,2.30,4.50
2010.11.04 16:13:50.810,1.00193,1.00208,1.50,2.50
2010.11.04 16:13:52.921,1.00196,1.00211,1.50,1.50
2010.11.04 16:13:55.015,1.00198,1.00213,3.00,2.50
2010.11.04 16:13:57.077,1.00199,1.00217,2.30,2.50
2010.11.04 16:13:59.193,1.00196,1.00212,1.50,5.30
2010.11.04 16:14:01.211,1.002,1.00218,1.50,2.50
2010.11.04 16:14:03.281,1.00195,1.00211,1.50,6.20
2010.11.04 16:14:05.512,1.00197,1.00211,1.50,6.20
2010.11.04 16:14:07.568,1.00197,1.00214,1.50,4.70
2010.11.04 16:14:09.579,1.00197,1.00211,1.50,2.50
2010.11.04 16:14:11.658,1.00197,1.00211,1.50,4.00
2010.11.04 16:14:13.758,1.00194,1.0021,1.50,2.30
2010.11.04 16:14:15.808,1.00199,1.00217,6.80,2.50
2010.11.04 16:14:17.840,1.00199,1.00217,6.80,2.50
2010.11.04 16:14:19.886,1.00199,1.00217,6.80,2.50
2010.11.04 16:14:21.889,1.00199,1.00215,5.30,2.50
2010.11.04 16:14:24.143,1.00199,1.00217,1.50,2.50
2010.11.04 16:14:26.202,1.00197,1.00211,1.50,3.80
2010.11.04 16:14:28.572,1.00199,1.00215,3.80,2.50
2010.11.04 16:14:30.837,1.00199,1.00215,3.80,2.50
2010.11.04 16:14:32.933,1.00199,1.00215,3.80,2.50
2010.11.04 16:14:34.986,1.00199,1.00215,3.80,2.50
2010.11.04 16:14:37.048,1.00198,1.00212,1.50,2.50
2010.11.04 16:14:39.074,1.00196,1.00211,2.30,2.50
2010.11.04 16:14:41.078,1.00195,1.0021,1.50,2.30
2010.11.04 16:14:43.102,1.00199,1.00214,3.80,2.50
2010.11.04 16:14:45.293,1.00199,1.00214,3.80,2.50
2010.11.04 16:14:47.394,1.00196,1.0021,1.70,2.50
2010.11.04 16:14:49.422,1.00202,1.00217,1.50,2.30
2010.11.04 16:14:51.482,1.00201,1.00219,3.00,7.00
2010.11.04 16:14:53.388,1.0021,1.00221,1.90,1.50
2010.11.04 16:14:53.909,1.00215,1.0023,1.50,2.50
2010.11.04 16:14:56.088,1.00215,1.0023,1.50,2.50
2010.11.04 16:14:58.155,1.00215,1.0023,1.50,2.50
2010.11.04 16:15:00.215,1.00213,1.00228,1.50,2.50
2010.11.04 16:15:02.294,1.00214,1.00232,2.30,2.50
2010.11.04 16:15:04.343,1.00215,1.00232,1.50,2.30
2010.11.04 16:15:06.404,1.00213,1.00231,2.40,1.50
2010.11.04 16:15:08.430,1.00223,1.00237,2.30,2.50
2010.11.04 16:15:10.511,1.00221,1.00238,1.50,2.50
2010.11.04 16:15:12.599,1.00219,1.00237,4.50,2.50
2010.11.04 16:15:14.748,1.00219,1.00235,3.00,2.30
2010.11.04 16:15:16.769,1.00219,1.00235,3.00,2.30
2010.11.04 16:15:18.796,1.00219,1.00235,3.00,2.30
2010.11.04 16:15:20.857,1.00225,1.00239,1.50,2.50
2010.11.04 16:15:23.117,1.00231,1.00244,1.50,1.50
2010.11.04 16:15:25.134,1.00231,1.00244,1.50,1.50
2010.11.04 16:15:27.186,1.00237,1.00249,1.50,1.50
2010.11.04 16:15:29.452,1.00238,1.00252,1.50,2.50
2010.11.04 16:15:31.439,1.00242,1.00255,1.50,1.50
2010.11.04 16:15:33.552,1.0024,1.00255,1.50,1.50
2010.11.04 16:15:35.604,1.0024,1.00255,1.50,1.50
2010.11.04 16:15:37.532,1.00233,1.00248,1.50,2.30
2010.11.04 16:15:39.658,1.00238,1.00255,1.50,2.50
2010.11.04 16:15:41.833,1.00238,1.00255,1.50,2.50
2010.11.04 16:15:43.861,1.00238,1.00255,1.50,2.50
2010.11.04 16:15:45.898,1.00231,1.00246,1.50,1.50
2010.11.04 16:15:48.139,1.00229,1.00244,5.30,2.50
2010.11.04 16:15:50.207,1.00229,1.00245,3.80,2.50
2010.11.04 16:15:52.311,1.00227,1.00244,1.50,3.20
2010.11.04 16:15:54.355,1.00221,1.00238,1.50,2.50
2010.11.04 16:15:56.652,1.00222,1.00237,1.50,2.50
2010.11.04 16:15:58.709,1.00222,1.00238,1.50,2.50
2010.11.04 16:16:00.503,1.00224,1.00241,2.30,4.00
2010.11.04 16:16:00.971,1.00229,1.00245,1.50,2.50
2010.11.04 16:16:02.977,1.00229,1.00245,3.00,2.50
2010.11.04 16:16:05.064,1.00232,1.00249,1.50,2.50
2010.11.04 16:16:07.340,1.00233,1.00249,1.50,2.30
2010.11.04 16:16:09.555,1.00233,1.00249,1.50,2.30
2010.11.04 16:16:11.529,1.00233,1.00249,1.50,2.30
2010.11.04 16:16:13.640,1.00232,1.00248,1.50,2.50
2010.11.04 16:16:15.973,1.00233,1.00249,1.50,2.50
2010.11.04 16:16:17.963,1.00234,1.00249,1.40,2.50
2010.11.04 16:16:20.421,1.00244,1.00259,1.50,2.50
2010.11.04 16:16:22.753,1.00244,1.00259,1.50,2.50
2010.11.04 16:16:24.458,1.00244,1.00259,1.50,2.50
2010.11.04 16:16:26.536,1.00247,1.00261,1.50,5.60
2010.11.04 16:16:28.909,1.00243,1.00257,1.50,3.20
2010.11.04 16:16:30.540,1.00243,1.00251,1.50,1.50
2010.11.04 16:16:32.603,1.00241,1.00251,1.50,1.50
2010.11.04 16:16:34.609,1.00241,1.00256,1.50,5.60
2010.11.04 16:16:36.620,1.00242,1.00256,1.20,4.90
2010.11.04 16:16:38.619,1.00246,1.00261,1.50,4.10
2010.11.04 16:16:40.643,1.0024,1.00258,1.50,2.50
2010.11.04 16:16:42.874,1.0024,1.00258,1.50,2.50
2010.11.04 16:16:44.969,1.0024,1.00258,1.50,2.50
2010.11.04 16:16:46.721,1.00221,1.0025,3.80,2.80
2010.11.04 16:16:48.770,1.0022,1.00237,1.50,3.30
2010.11.04 16:16:50.849,1.0022,1.00238,1.50,4.80
2010.11.04 16:16:53.026,1.0022,1.00238,1.50,4.80
2010.11.04 16:16:55.399,1.0022,1.00238,1.50,4.80
2010.11.04 16:16:57.673,1.00221,1.00237,1.50,2.50
2010.11.04 16:16:59.762,1.00221,1.00237,1.50,2.50
2010.11.04 16:17:01.789,1.00229,1.00245,1.50,1.10
2010.11.04 16:17:03.869,1.00229,1.00245,1.50,1.10
2010.11.04 16:17:05.927,1.00229,1.00245,1.50,1.10
2010.11.04 16:17:07.979,1.00232,1.00246,1.50,1.70
2010.11.04 16:17:10.049,1.00234,1.00249,1.50,1.50
2010.11.04 16:17:12.119,1.00233,1.00249,1.50,2.50
2010.11.04 16:17:14.148,1.00233,1.00249,1.50,2.50
2010.11.04 16:17:16.210,1.00233,1.00249,1.50,2.50
2010.11.04 16:17:18.308,1.00233,1.00249,1.50,2.50
2010.11.04 16:17:20.298,1.00243,1.00259,1.50,1.50
2010.11.04 16:17:22.298,1.00246,1.00261,1.50,3.40
2010.11.04 16:17:24.662,1.00248,1.00263,1.50,1.50
2010.11.04 16:17:26.650,1.00248,1.00263,1.50,1.50
2010.11.04 16:17:28.691,1.00252,1.00267,1.50,2.30
2010.11.04 16:17:30.784,1.0025,1.00264,1.50,2.30
2010.11.04 16:17:32.809,1.0025,1.00264,1.50,3.20
2010.11.04 16:17:34.831,1.00254,1.0027,3.80,3.20
2010.11.04 16:17:36.939,1.00257,1.00272,1.50,2.30
2010.11.04 16:17:39.113,1.00257,1.00271,1.50,1.70
2010.11.04 16:17:41.162,1.00257,1.00271,1.50,1.70
2010.11.04 16:17:43.222,1.00257,1.00271,1.50,1.70
2010.11.04 16:17:45.483,1.00257,1.00272,1.50,2.30
2010.11.04 16:17:47.754,1.00256,1.00271,1.50,3.00
2010.11.04 16:17:50.128,1.00256,1.00271,1.50,3.00
2010.11.04 16:17:51.833,1.00256,1.00271,1.50,3.00
2010.11.04 16:17:54.038,1.00256,1.00271,1.50,3.00
2010.11.04 16:17:56.298,1.00256,1.00271,1.50,3.00
2010.11.04 16:17:58.331,1.00256,1.00271,1.50,3.00
2010.11.04 16:17:58.671,1.00256,1.00266,1.50,4.70
2010.11.04 16:17:58.900,1.0025,1.00264,1.50,1.70
2010.11.04 16:17:59.363,1.00243,1.0026,1.50,2.60
2010.11.04 16:18:01.382,1.00245,1.0026,1.50,1.10
2010.11.04 16:18:03.428,1.00245,1.0026,1.50,1.10
2010.11.04 16:18:05.658,1.00245,1.0026,1.50,1.10
2010.11.04 16:18:07.671,1.00242,1.0026,3.00,1.10
2010.11.04 16:18:09.795,1.00239,1.00253,1.50,1.70
2010.11.04 16:18:11.831,1.00236,1.00251,3.00,5.10
2010.11.04 16:18:13.887,1.00236,1.00251,1.50,6.20
2010.11.04 16:18:15.611,1.00229,1.00241,3.00,2.90
2010.11.04 16:18:17.650,1.00227,1.00241,1.50,1.70
2010.11.04 16:18:19.122,1.00223,1.00237,1.50,4.40
2010.11.04 16:18:21.183,1.00222,1.00236,1.50,1.40
2010.11.04 16:18:23.238,1.0022,1.00238,1.50,2.50
2010.11.04 16:18:24.660,1.00229,1.00243,2.30,5.30
2010.11.04 16:18:26.671,1.00233,1.00249,1.50,2.60
2010.11.04 16:18:28.926,1.00237,1.00253,1.50,3.20
2010.11.04 16:18:31.009,1.00236,1.0025,1.50,1.10
2010.11.04 16:18:33.239,1.00236,1.0025,1.50,2.60
2010.11.04 16:18:34.556,1.00226,1.00241,1.50,1.70
2010.11.04 16:18:36.601,1.00227,1.00241,1.50,4.90
2010.11.04 16:18:38.681,1.00227,1.00243,1.50,3.20
2010.11.04 16:18:40.830,1.00227,1.00243,1.50,2.50
2010.11.04 16:18:43.222,1.00227,1.00243,1.50,2.50
2010.11.04 16:18:45.306,1.00229,1.00243,1.50,2.30
2010.11.04 16:18:47.419,1.00229,1.00243,1.50,2.30
2010.11.04 16:18:49.429,1.00229,1.00243,1.50,2.30
2010.11.04 16:18:51.803,1.00229,1.00243,1.50,2.30
2010.11.04 16:18:53.801,1.00227,1.00244,1.50,4.90
2010.11.04 16:18:56.149,1.00229,1.00243,3.80,2.30
2010.11.04 16:18:58.533,1.00236,1.0025,1.50,1.70
2010.11.04 16:19:00.554,1.00236,1.0025,1.50,1.70
2010.11.04 16:19:02.659,1.00232,1.00249,1.50,2.50
2010.11.04 16:19:03.256,1.00228,1.00241,3.00,1.70
2010.11.04 16:19:05.333,1.00225,1.00238,1.50,2.50
2010.11.04 16:19:07.437,1.00226,1.00241,1.50,4.00
2010.11.04 16:19:09.550,1.00222,1.00238,1.50,2.50
2010.11.04 16:19:11.659,1.00225,1.00239,1.50,1.70
2010.11.04 16:19:13.668,1.00225,1.0024,1.50,1.10
2010.11.04 16:19:15.920,1.00219,1.00235,3.00,1.50
2010.11.04 16:19:17.947,1.0022,1.00237,1.50,2.50
2010.11.04 16:19:20.026,1.0022,1.00237,1.50,2.50
2010.11.04 16:19:22.144,1.0022,1.00237,1.50,2.50
2010.11.04 16:19:24.221,1.0022,1.00237,1.50,2.50
2010.11.04 16:19:26.609,1.00226,1.00243,1.50,3.40
2010.11.04 16:19:28.704,1.00227,1.00243,1.50,3.40
2010.11.04 16:19:30.784,1.00229,1.00243,1.50,3.40
2010.11.04 16:19:32.882,1.00228,1.00243,1.50,2.50
2010.11.04 16:19:34.884,1.00233,1.00244,2.30,3.00
2010.11.04 16:19:35.343,1.00228,1.00241,1.50,4.00
2010.11.04 16:19:37.538,1.00228,1.00241,1.50,4.00
2010.11.04 16:19:39.809,1.00226,1.0024,1.50,1.50
2010.11.04 16:19:41.869,1.00227,1.00241,1.50,3.20
2010.11.04 16:19:44.060,1.00227,1.00241,1.50,3.20
2010.11.04 16:19:46.061,1.00227,1.00241,1.50,3.20
2010.11.04 16:19:48.128,1.00227,1.00241,1.50,4.00
2010.11.04 16:19:49.933,1.00221,1.00236,1.50,1.50
2010.11.04 16:19:51.991,1.00216,1.00234,2.30,1.50
2010.11.04 16:19:54.070,1.00216,1.00234,2.30,1.50
2010.11.04 16:19:56.495,1.00216,1.00234,2.30,1.50
2010.11.04 16:19:58.795,1.00225,1.0024,1.50,3.00
2010.11.04 16:20:01.009,1.00223,1.00239,1.50,1.50
2010.11.04 16:20:02.909,1.00223,1.00239,1.50,2.50
2010.11.04 16:20:05.229,1.00222,1.00238,1.50,2.30
2010.11.04 16:20:07.316,1.00219,1.00237,2.30,2.50
2010.11.04 16:20:09.318,1.00219,1.00237,2.30,2.50
2010.11.04 16:20:11.360,1.00219,1.00237,2.30,2.50
2010.11.04 16:20:13.476,1.00211,1.00229,1.50,2.50
2010.11.04 16:20:15.782,1.00215,1.00231,1.50,3.20
2010.11.04 16:20:17.851,1.00215,1.00234,1.50,4.00
2010.11.04 16:20:19.861,1.00214,1.00231,3.00,3.40
2010.11.04 16:20:21.929,1.00214,1.00231,1.50,3.40
2010.11.04 16:20:23.998,1.00214,1.00231,1.50,3.40
2010.11.04 16:20:26.074,1.00214,1.00231,3.00,3.40
2010.11.04 16:20:28.108,1.00212,1.00231,2.30,4.90
2010.11.04 16:20:30.159,1.00223,1.00238,1.50,2.50
2010.11.04 16:20:32.231,1.0022,1.00234,1.50,1.70
2010.11.04 16:20:34.309,1.0022,1.00234,1.50,1.70
2010.11.04 16:20:36.361,1.00223,1.0024,8.30,3.20
2010.11.04 16:20:38.443,1.00219,1.00234,5.30,2.50
2010.11.04 16:20:40.537,1.00219,1.00234,6.00,2.50
2010.11.04 16:20:42.548,1.00219,1.00235,6.00,2.50
2010.11.04 16:20:44.818,1.00219,1.00237,6.00,2.50
2010.11.04 16:20:47.029,1.00219,1.00237,6.00,2.50
2010.11.04 16:20:49.133,1.00219,1.00237,6.00,2.50
2010.11.04 16:20:51.169,1.00219,1.00237,6.00,2.50
2010.11.04 16:20:53.279,1.00228,1.00249,1.50,1.70
2010.11.04 16:20:55.278,1.00232,1.00248,1.50,2.40
2010.11.04 16:20:57.330,1.00232,1.00248,1.50,2.40
2010.11.04 16:20:59.501,1.00232,1.00248,1.50,2.40
2010.11.04 16:21:01.727,1.00227,1.00243,1.50,1.70
2010.11.04 16:21:03.772,1.00223,1.0024,1.50,2.50
2010.11.04 16:21:05.874,1.00224,1.0024,2.30,2.50
2010.11.04 16:21:07.931,1.00222,1.0024,1.50,2.50
2010.11.04 16:21:10.303,1.00227,1.0024,1.70,1.50
2010.11.04 16:21:12.391,1.00227,1.00243,1.50,2.50
2010.11.04 16:21:14.500,1.00227,1.00241,1.50,4.70
2010.11.04 16:21:16.594,1.00227,1.00241,1.50,4.70
2010.11.04 16:21:18.693,1.00227,1.00243,1.50,2.50
2010.11.04 16:21:20.725,1.00227,1.00241,1.50,4.70
2010.11.04 16:21:22.751,1.00217,1.00234,1.50,3.20
2010.11.04 16:21:24.800,1.00218,1.00223,2.30,1.70
2010.11.04 16:21:26.829,1.00217,1.00227,7.50,2.50
2010.11.04 16:21:27.064,1.0021,1.00227,1.50,2.50
2010.11.04 16:21:29.134,1.0021,1.00228,1.50,2.50
2010.11.04 16:21:31.231,1.00209,1.00225,1.50,2.50
2010.11.04 16:21:33.561,1.00209,1.00225,1.50,2.50
2010.11.04 16:21:35.651,1.00209,1.00225,1.50,2.50
2010.11.04 16:21:36.608,1.00209,1.00216,1.50,2.30
2010.11.04 16:21:38.899,1.00204,1.00218,1.50,1.50
2010.11.04 16:21:41.148,1.00209,1.00226,5.30,2.50
2010.11.04 16:21:43.184,1.00208,1.00226,1.50,4.00
2010.11.04 16:21:45.193,1.00205,1.00224,3.00,2.50
2010.11.04 16:21:47.251,1.00214,1.00227,2.30,3.20
2010.11.04 16:21:49.452,1.00212,1.00229,1.50,2.50
2010.11.04 16:21:51.579,1.00212,1.00229,1.90,2.50
2010.11.04 16:21:52.280,1.00224,1.00247,2.30,2.30
2010.11.04 16:21:54.587,1.00231,1.00247,1.50,1.10
2010.11.04 16:21:56.596,1.00224,1.0024,1.50,2.50
2010.11.04 16:21:58.689,1.00224,1.0024,1.50,2.50
2010.11.04 16:22:00.781,1.00224,1.0024,1.50,2.50
2010.11.04 16:22:02.879,1.00224,1.00241,1.50,4.00
2010.11.04 16:22:05.018,1.00224,1.00241,1.50,4.00
2010.11.04 16:22:07.160,1.00224,1.00241,1.50,4.00
2010.11.04 16:22:09.169,1.00224,1.00241,1.50,4.00
2010.11.04 16:22:11.195,1.00224,1.00241,1.50,4.00
2010.11.04 16:22:13.314,1.00224,1.00241,1.50,4.00
2010.11.04 16:22:15.423,1.00225,1.0024,1.50,2.50
2010.11.04 16:22:17.535,1.00225,1.00241,1.50,4.00
2010.11.04 16:22:19.572,1.00225,1.00241,1.50,4.00
2010.11.04 16:22:21.640,1.00228,1.00244,1.50,3.20
2010.11.04 16:22:23.350,1.00235,1.00251,1.50,6.20
2010.11.04 16:22:25.361,1.00235,1.00251,1.50,6.20
2010.11.04 16:22:27.363,1.00227,1.00241,1.50,1.50
2010.11.04 16:22:29.430,1.00227,1.00241,1.50,1.50
2010.11.04 16:22:31.456,1.00227,1.00241,1.50,1.50
2010.11.04 16:22:33.493,1.00225,1.00241,1.50,2.50
2010.11.04 16:22:35.889,1.00225,1.00241,1.50,2.50
2010.11.04 16:22:37.912,1.00219,1.0023,1.50,2.50
2010.11.04 16:22:39.978,1.00209,1.00227,5.70,2.50
2010.11.04 16:22:42.200,1.00213,1.0023,1.50,2.50
2010.11.04 16:22:44.208,1.00209,1.00227,3.00,2.50
2010.11.04 16:22:46.241,1.00212,1.00229,1.50,2.50
2010.11.04 16:22:48.356,1.00212,1.00226,1.50,2.30
2010.11.04 16:22:50.390,1.00208,1.00226,4.50,4.30
2010.11.04 16:22:52.418,1.00208,1.00216,1.50,2.30
2010.11.04 16:22:52.541,1.00203,1.0022,1.50,2.50
2010.11.04 16:22:54.620,1.00204,1.00221,1.50,2.50
2010.11.04 16:22:56.906,1.00204,1.00221,1.50,2.50
2010.11.04 16:22:58.980,1.00205,1.00221,1.50,2.50
2010.11.04 16:23:01.325,1.00204,1.00221,1.50,7.00
2010.11.04 16:23:03.413,1.00204,1.0022,1.50,1.60
2010.11.04 16:23:05.520,1.00204,1.0022,1.50,1.30
2010.11.04 16:23:07.529,1.00203,1.00219,1.50,1.30
2010.11.04 16:23:09.599,1.00203,1.00219,1.50,1.30
2010.11.04 16:23:11.654,1.00203,1.00219,1.50,1.30
2010.11.04 16:23:13.665,1.00202,1.0022,1.50,1.30
2010.11.04 16:23:15.732,1.00202,1.00221,1.50,10.30
2010.11.04 16:23:17.821,1.00201,1.00216,2.30,3.20
2010.11.04 16:23:19.890,1.00201,1.00219,1.50,7.90
2010.11.04 16:23:21.911,1.00201,1.00217,1.50,3.30
2010.11.04 16:23:24.112,1.00202,1.00215,1.50,2.20
2010.11.04 16:23:24.244,1.00195,1.00211,1.50,2.80
2010.11.04 16:23:26.330,1.0019,1.00208,1.50,2.50
2010.11.04 16:23:28.457,1.0019,1.00208,1.50,2.50
2010.11.04 16:23:30.475,1.0019,1.00208,1.50,2.50
2010.11.04 16:23:32.703,1.0019,1.00208,1.50,2.50
2010.11.04 16:23:34.849,1.0019,1.00208,1.50,2.50
2010.11.04 16:23:37.059,1.0019,1.00208,1.50,2.50
2010.11.04 16:23:39.127,1.0019,1.00208,1.50,2.50
2010.11.04 16:23:41.229,1.00185,1.002,1.50,5.50
2010.11.04 16:23:43.628,1.00185,1.002,1.50,5.50
2010.11.04 16:23:45.648,1.00189,1.00201,3.80,2.30
2010.11.04 16:23:45.997,1.00192,1.00209,1.50,3.20
2010.11.04 16:23:48.061,1.00198,1.00205,1.50,2.30
2010.11.04 16:23:50.133,1.00198,1.00211,1.50,2.30
2010.11.04 16:23:52.416,1.00202,1.00219,2.30,4.00
2010.11.04 16:23:52.537,1.00205,1.00221,2.30,4.00
2010.11.04 16:23:54.562,1.00205,1.00221,3.00,4.00
2010.11.04 16:23:56.609,1.00205,1.00221,3.00,4.00
2010.11.04 16:23:58.792,1.00205,1.00221,3.00,4.00
2010.11.04 16:24:01.010,1.00205,1.00221,3.00,4.00
2010.11.04 16:24:03.229,1.00208,1.00224,5.30,2.60
2010.11.04 16:24:05.229,1.00215,1.00229,1.50,2.50
2010.11.04 16:24:07.300,1.00215,1.00229,1.50,3.20
2010.11.04 16:24:09.359,1.00213,1.00226,1.50,2.30
2010.11.04 16:24:11.476,1.00216,1.00231,1.50,6.30
2010.11.04 16:24:12.003,1.00205,1.00221,4.50,4.40
2010.11.04 16:24:12.890,1.00186,1.00213,1.50,2.50
2010.11.04 16:24:15.050,1.0019,1.00207,2.30,2.50
2010.11.04 16:24:17.385,1.0019,1.00207,2.30,2.50
2010.11.04 16:24:19.379,1.00191,1.00208,1.50,2.50
2010.11.04 16:24:21.477,1.00191,1.00208,1.50,2.50
2010.11.04 16:24:23.558,1.00191,1.00208,1.50,2.50
2010.11.04 16:24:25.630,1.00191,1.00208,1.50,2.50
2010.11.04 16:24:28.073,1.00191,1.00208,1.50,2.50
2010.11.04 16:24:29.830,1.00191,1.00207,2.30,2.50
2010.11.04 16:24:32.190,1.0019,1.00207,1.50,2.50
2010.11.04 16:24:34.221,1.0019,1.00207,1.50,2.50
2010.11.04 16:24:36.296,1.0019,1.00207,3.00,2.50
2010.11.04 16:24:38.632,1.00187,1.00204,3.00,5.50
2010.11.04 16:24:40.695,1.00188,1.00204,2.70,5.50
2010.11.04 16:24:40.936,1.00194,1.00206,3.50,2.50
2010.11.04 16:24:41.386,1.00209,1.00213,1.50,9.00
2010.11.04 16:24:41.625,1.00211,1.00226,1.50,2.50
2010.11.04 16:24:42.383,1.00214,1.00223,1.50,1.50
2010.11.04 16:24:44.654,1.00218,1.00231,2.30,2.30
2010.11.04 16:24:46.699,1.00216,1.00231,1.50,3.80
2010.11.04 16:24:49.090,1.00204,1.00218,1.50,1.50
2010.11.04 16:24:51.150,1.00206,1.00221,1.50,5.30
2010.11.04 16:24:53.159,1.00205,1.0022,1.50,2.30
2010.11.04 16:24:55.249,1.00205,1.0022,1.50,2.50
2010.11.04 16:24:57.262,1.00205,1.0022,1.50,2.50
2010.11.04 16:24:59.358,1.00205,1.00221,1.50,6.20
2010.11.04 16:25:01.358,1.00205,1.0022,1.50,2.50
2010.11.04 16:25:03.531,1.00205,1.00221,1.50,4.70
2010.11.04 16:25:05.608,1.00205,1.00221,1.50,4.70
2010.11.04 16:25:06.720,1.00208,1.00224,2.30,3.40
2010.11.04 16:25:06.840,1.002,1.00218,2.30,2.50
2010.11.04 16:25:08.941,1.00202,1.0022,1.50,2.50
2010.11.04 16:25:11.026,1.00202,1.00219,1.50,2.50
2010.11.04 16:25:13.033,1.00202,1.00219,1.50,2.50
2010.11.04 16:25:15.377,1.00201,1.00218,3.00,2.50
2010.11.04 16:25:15.714,1.00209,1.00221,1.50,4.70
2010.11.04 16:25:16.379,1.0021,1.00226,2.30,1.20
2010.11.04 16:25:18.749,1.00209,1.00225,5.70,2.50
2010.11.04 16:25:20.852,1.00214,1.00229,2.30,2.50
2010.11.04 16:25:23.201,1.00209,1.00225,5.30,2.50
2010.11.04 16:25:25.538,1.00209,1.00226,6.80,2.50
2010.11.04 16:25:27.586,1.00213,1.0023,4.90,2.50
2010.11.04 16:25:29.629,1.00213,1.0023,4.90,2.50
2010.11.04 16:25:31.660,1.00208,1.00221,1.50,2.30
2010.11.04 16:25:33.091,1.002,1.00217,3.00,2.50
2010.11.04 16:25:35.139,1.00199,1.00215,1.50,3.20
2010.11.04 16:25:37.446,1.00198,1.00215,3.00,3.20
2010.11.04 16:25:39.531,1.00198,1.00215,1.50,3.20
2010.11.04 16:25:41.871,1.00198,1.00215,1.50,4.70
2010.11.04 16:25:43.915,1.00199,1.00215,3.80,2.50
2010.11.04 16:25:45.999,1.00198,1.00214,1.50,2.50
2010.11.04 16:25:48.054,1.00198,1.00214,1.50,2.50
2010.11.04 16:25:50.100,1.00204,1.00221,3.00,2.50
2010.11.04 16:25:52.235,1.00206,1.00223,1.50,2.50
2010.11.04 16:25:54.340,1.00212,1.00229,3.00,2.50
2010.11.04 16:25:56.440,1.00212,1.00229,1.50,2.30
2010.11.04 16:25:58.471,1.00211,1.00227,1.50,2.50
2010.11.04 16:26:00.490,1.00212,1.00228,2.30,2.30
2010.11.04 16:26:02.568,1.0021,1.00227,1.50,2.50
2010.11.04 16:26:04.622,1.0021,1.00228,3.00,2.50
2010.11.04 16:26:07.013,1.0021,1.00227,1.50,2.50
2010.11.04 16:26:09.023,1.00208,1.00224,1.50,2.30
2010.11.04 16:26:11.291,1.00209,1.00226,4.50,2.50
2010.11.04 16:26:13.310,1.00209,1.00224,1.50,2.50
2010.11.04 16:26:15.466,1.00209,1.00224,1.50,2.50
2010.11.04 16:26:17.539,1.00209,1.00224,3.00,2.50
2010.11.04 16:26:19.579,1.00209,1.00224,3.00,2.50
2010.11.04 16:26:21.650,1.00209,1.00224,3.00,2.50
2010.11.04 16:26:23.679,1.00209,1.00227,4.90,2.50
2010.11.04 16:26:25.753,1.00197,1.00215,1.50,5.50
2010.11.04 16:26:27.861,1.00199,1.00216,2.70,2.50
2010.11.04 16:26:29.921,1.00199,1.00216,2.70,2.50
2010.11.04 16:26:32.041,1.00199,1.00216,2.70,2.50
2010.11.04 16:26:34.268,1.00199,1.00216,2.70,2.50
2010.11.04 16:26:36.318,1.00199,1.00216,2.70,2.50
2010.11.04 16:26:37.269,1.00203,1.00219,1.70,4.70
2010.11.04 16:26:37.791,1.00218,1.00239,3.00,2.50
2010.11.04 16:26:39.901,1.00221,1.00237,1.50,1.10
2010.11.04 16:26:41.974,1.00221,1.00237,1.50,1.10
2010.11.04 16:26:44.000,1.00221,1.00237,1.50,1.10
2010.11.04 16:26:46.101,1.00225,1.00238,1.50,1.70
2010.11.04 16:26:48.108,1.00223,1.00238,1.50,2.50
2010.11.04 16:26:50.213,1.00223,1.00238,1.50,2.50
2010.11.04 16:26:52.252,1.00225,1.00239,1.90,1.50
2010.11.04 16:26:54.538,1.00225,1.00242,1.50,2.50
2010.11.04 16:26:56.641,1.00225,1.00241,1.50,1.10
2010.11.04 16:26:58.720,1.00224,1.00241,3.00,8.50
2010.11.04 16:27:00.741,1.00223,1.00241,1.50,4.80
2010.11.04 16:27:02.828,1.00223,1.00241,1.50,4.80
2010.11.04 16:27:04.939,1.00223,1.00241,1.50,4.80
2010.11.04 16:27:07.051,1.00226,1.00241,1.50,2.50
2010.11.04 16:27:09.120,1.00228,1.00242,1.50,1.70
2010.11.04 16:27:11.258,1.00228,1.00242,1.50,1.80
2010.11.04 16:27:11.386,1.00223,1.00239,2.30,2.50
2010.11.04 16:27:13.463,1.00223,1.00241,1.50,4.90
2010.11.04 16:27:14.263,1.0022,1.00236,3.00,1.50
2010.11.04 16:27:16.268,1.0022,1.00236,1.50,1.50
2010.11.04 16:27:18.331,1.00218,1.00233,2.30,1.50
2010.11.04 16:27:20.353,1.00218,1.00233,2.30,1.50
2010.11.04 16:27:22.372,1.00222,1.00237,2.30,1.10
2010.11.04 16:27:24.440,1.00221,1.00237,1.50,1.10
2010.11.04 16:27:26.532,1.00221,1.00239,1.50,2.50
2010.11.04 16:27:28.753,1.00219,1.00237,4.50,1.10
2010.11.04 16:27:30.819,1.00219,1.00237,4.50,1.10
2010.11.04 16:27:32.921,1.0022,1.00237,2.30,1.10
2010.11.04 16:27:34.930,1.00221,1.00238,1.50,2.50
2010.11.04 16:27:37.012,1.00223,1.00239,1.50,2.50
2010.11.04 16:27:39.021,1.00223,1.00238,1.50,2.50
2010.11.04 16:27:41.072,1.00223,1.00238,1.50,2.60
2010.11.04 16:27:43.124,1.00222,1.00238,1.50,2.60
2010.11.04 16:27:45.198,1.00219,1.00236,3.80,2.50
2010.11.04 16:27:47.289,1.00219,1.00236,3.80,2.50
2010.11.04 16:27:49.349,1.00216,1.00232,3.00,3.20
2010.11.04 16:27:51.403,1.00219,1.00235,3.00,2.50
2010.11.04 16:27:53.517,1.00219,1.00236,3.00,2.50
2010.11.04 16:27:55.792,1.00219,1.00236,3.00,2.50
2010.11.04 16:27:57.822,1.00219,1.00236,3.00,2.50
2010.11.04 16:28:00.010,1.0022,1.00236,1.50,2.50
2010.11.04 16:28:02.102,1.0022,1.00236,1.50,2.50
2010.11.04 16:28:04.162,1.0022,1.00237,1.50,2.50
2010.11.04 16:28:06.270,1.0022,1.00237,1.90,2.50
2010.11.04 16:28:08.572,1.0022,1.00237,1.90,2.50
2010.11.04 16:28:10.660,1.0022,1.00237,1.90,2.50
2010.11.04 16:28:12.719,1.00224,1.0024,1.50,2.50
2010.11.04 16:28:14.821,1.00221,1.00239,3.00,7.00
2010.11.04 16:28:16.910,1.00221,1.00239,3.00,7.00
2010.11.04 16:28:18.979,1.00221,1.00237,1.50,2.50
2010.11.04 16:28:20.972,1.00221,1.00236,1.50,2.50
2010.11.04 16:28:23.082,1.00221,1.00236,1.50,2.50
2010.11.04 16:28:25.088,1.00221,1.00236,1.50,2.50
2010.11.04 16:28:27.149,1.00221,1.00236,1.50,2.50
2010.11.04 16:28:29.241,1.00221,1.00236,1.50,2.50
2010.11.04 16:28:30.954,1.00229,1.00245,1.50,2.50
2010.11.04 16:28:32.925,1.00226,1.00242,1.50,3.80
2010.11.04 16:28:34.962,1.00225,1.0024,1.50,2.50
2010.11.04 16:28:36.990,1.00217,1.00235,1.50,7.00
2010.11.04 16:28:39.060,1.00219,1.00235,3.80,2.50
2010.11.04 16:28:41.082,1.00223,1.00239,1.50,2.50
2010.11.04 16:28:43.161,1.00226,1.00241,1.50,5.30
2010.11.04 16:28:45.198,1.00226,1.00241,1.50,5.30
2010.11.04 16:28:47.397,1.00226,1.00241,1.50,5.30
2010.11.04 16:28:49.425,1.00226,1.00241,1.50,5.30
2010.11.04 16:28:51.468,1.00226,1.00241,1.50,5.30
2010.11.04 16:28:53.739,1.00226,1.00241,1.50,5.30
2010.11.04 16:28:55.801,1.00227,1.00243,1.50,1.50
2010.11.04 16:28:57.860,1.00227,1.00243,1.50,1.50
2010.11.04 16:28:59.885,1.00226,1.00241,1.50,3.20
2010.11.04 16:29:01.990,1.0022,1.00237,1.50,2.50
2010.11.04 16:29:04.031,1.00225,1.00239,1.50,2.50
2010.11.04 16:29:05.113,1.00219,1.00231,1.50,4.00
2010.11.04 16:29:06.869,1.00223,1.00239,1.50,1.50
2010.11.04 16:29:08.880,1.00227,1.00242,1.50,2.50
2010.11.04 16:29:10.929,1.00227,1.00242,1.50,2.50
2010.11.04 16:29:12.960,1.00227,1.00239,1.50,1.50
2010.11.04 16:29:14.969,1.00225,1.00239,1.50,1.70
2010.11.04 16:29:17.010,1.00225,1.00239,1.50,1.70
2010.11.04 16:29:19.084,1.00219,1.00236,3.00,2.50
2010.11.04 16:29:21.191,1.00223,1.00238,1.50,1.50
2010.11.04 16:29:23.234,1.00224,1.00239,1.50,2.30
2010.11.04 16:29:25.244,1.00227,1.00241,1.50,4.70
2010.11.04 16:29:27.252,1.00226,1.0024,1.50,1.50
2010.11.04 16:29:29.269,1.00226,1.00241,1.50,2.30
2010.11.04 16:29:31.301,1.00229,1.00242,1.50,1.50
2010.11.04 16:29:33.399,1.00229,1.00244,1.50,4.70
2010.11.04 16:29:35.452,1.00232,1.00247,1.50,2.50
2010.11.04 16:29:37.698,1.00232,1.00247,1.50,2.50
2010.11.04 16:29:39.798,1.00232,1.00247,1.50,2.50
2010.11.04 16:29:41.901,1.00232,1.00247,1.50,2.50
2010.11.04 16:29:43.911,1.00232,1.00247,1.50,2.50
2010.11.04 16:29:46.389,1.00232,1.00247,1.50,2.50
2010.11.04 16:29:48.444,1.00232,1.00246,1.50,7.50
2010.11.04 16:29:48.583,1.00209,1.00232,2.30,3.00
2010.11.04 16:29:50.591,1.0021,1.00227,1.90,1.50
2010.11.04 16:29:52.657,1.00217,1.00234,1.50,4.70
2010.11.04 16:29:53.894,1.00217,1.00234,1.50,5.50
2010.11.04 16:29:54.231,1.00208,1.00223,1.50,1.10
2010.11.04 16:29:56.282,1.00213,1.00226,1.50,1.50
2010.11.04 16:29:58.404,1.00213,1.00226,1.50,1.50
2010.11.04 16:30:00.412,1.00213,1.00226,1.50,1.50
2010.11.04 16:30:02.479,1.00213,1.00226,1.50,1.50
2010.11.04 16:30:04.491,1.00213,1.00226,1.50,1.50
2010.11.04 16:30:06.822,1.00213,1.00226,1.50,1.50
2010.11.04 16:30:08.920,1.00213,1.00226,1.50,1.50
2010.11.04 16:30:10.949,1.00213,1.00226,1.50,1.50
2010.11.04 16:30:12.981,1.00213,1.00226,1.50,1.50
2010.11.04 16:30:15.216,1.00213,1.00226,1.50,1.50
2010.11.04 16:30:17.006,1.00205,1.00219,3.10,2.30
2010.11.04 16:30:19.205,1.00202,1.00217,1.50,2.50
2010.11.04 16:30:21.214,1.00202,1.00216,1.50,2.50
2010.11.04 16:30:23.545,1.00202,1.00217,1.50,2.50
2010.11.04 16:30:25.512,1.00202,1.00216,1.50,2.50
2010.11.04 16:30:27.619,1.00202,1.00216,1.50,2.50
2010.11.04 16:30:29.771,1.00202,1.00216,1.50,2.50
2010.11.04 16:30:32.140,1.00202,1.00216,1.50,2.50
2010.11.04 16:30:34.132,1.002,1.00211,1.50,1.50
2010.11.04 16:30:36.164,1.00195,1.00209,1.50,1.50
2010.11.04 16:30:38.173,1.00195,1.00209,1.50,1.50
2010.11.04 16:30:40.348,1.00195,1.00209,1.50,1.50
2010.11.04 16:30:42.456,1.00192,1.00203,1.50,1.50
2010.11.04 16:30:44.725,1.0019,1.00204,1.50,1.50
2010.11.04 16:30:46.757,1.0019,1.00204,1.50,1.50
2010.11.04 16:30:48.960,1.0019,1.00205,1.50,2.50
2010.11.04 16:30:50.991,1.0019,1.00205,1.50,2.50
2010.11.04 16:30:53.012,1.0019,1.00205,1.50,2.50
2010.11.04 16:30:55.081,1.00183,1.00198,1.50,2.30
2010.11.04 16:30:57.150,1.00183,1.00198,1.50,2.50
2010.11.04 16:30:59.199,1.00183,1.00198,1.50,2.50
2010.11.04 16:31:01.464,1.00183,1.00198,1.50,2.50
2010.11.04 16:31:03.479,1.00183,1.00198,1.50,2.50
2010.11.04 16:31:05.521,1.00183,1.00197,1.50,2.50
2010.11.04 16:31:07.533,1.00183,1.00197,1.50,2.50
2010.11.04 16:31:09.612,1.00183,1.00197,1.50,2.50
2010.11.04 16:31:11.700,1.00183,1.00197,1.50,2.50
2010.11.04 16:31:13.778,1.00183,1.00197,1.50,2.50
2010.11.04 16:31:15.837,1.00183,1.00197,1.50,2.50
2010.11.04 16:31:17.861,1.00183,1.00198,1.50,2.50
2010.11.04 16:31:19.889,1.00183,1.00198,1.50,2.50
2010.11.04 16:31:21.951,1.00183,1.00197,1.50,2.50
2010.11.04 16:31:24.416,1.00183,1.00197,1.50,2.50
2010.11.04 16:31:26.490,1.00183,1.00198,1.50,2.50
2010.11.04 16:31:28.750,1.00183,1.00198,1.50,2.50
2010.11.04 16:31:30.801,1.00183,1.00198,1.50,2.50
2010.11.04 16:31:32.812,1.00184,1.00198,4.50,1.50
2010.11.04 16:31:34.900,1.00184,1.00198,4.50,1.50
2010.11.04 16:31:37.024,1.00184,1.00198,4.50,1.50
2010.11.04 16:31:39.102,1.00183,1.00197,1.50,2.50
2010.11.04 16:31:41.200,1.00184,1.00198,3.80,2.50
2010.11.04 16:31:43.259,1.00184,1.00198,3.80,2.50
2010.11.04 16:31:45.388,1.00184,1.00198,3.80,2.50
2010.11.04 16:31:47.401,1.00184,1.00198,3.80,2.50
2010.11.04 16:31:49.480,1.00184,1.00198,3.80,2.50
2010.11.04 16:31:51.633,1.00183,1.00196,1.50,1.50
2010.11.04 16:31:53.711,1.00177,1.00191,1.50,1.50
2010.11.04 16:31:55.913,1.00177,1.0019,1.50,1.50
2010.11.04 16:31:57.993,1.00177,1.0019,1.50,1.50
2010.11.04 16:32:00.219,1.00177,1.0019,1.50,1.50
2010.11.04 16:32:02.526,1.00177,1.00189,1.50,1.50
2010.11.04 16:32:04.578,1.00177,1.00189,1.50,1.50
2010.11.04 16:32:06.653,1.00177,1.00189,1.50,1.50
2010.11.04 16:32:08.697,1.00177,1.00189,1.50,1.50
2010.11.04 16:32:09.779,1.00169,1.00184,1.50,1.90
2010.11.04 16:32:10.191,1.00169,1.00183,1.50,1.50
2010.11.04 16:32:12.221,1.00169,1.00181,1.50,1.50
2010.11.04 16:32:14.332,1.00169,1.0018,1.50,1.50
2010.11.04 16:32:16.626,1.00169,1.00179,1.50,1.50
2010.11.04 16:32:18.697,1.00169,1.00179,1.50,1.50
2010.11.04 16:32:20.770,1.00169,1.00179,1.50,1.50
2010.11.04 16:32:22.776,1.00169,1.00179,1.50,1.50
2010.11.04 16:32:24.886,1.00169,1.00179,1.50,1.50
2010.11.04 16:32:26.919,1.00169,1.00179,1.50,1.50
2010.11.04 16:32:28.972,1.00166,1.00179,1.50,1.50
2010.11.04 16:32:31.051,1.00159,1.00172,1.50,1.50
2010.11.04 16:32:33.110,1.00159,1.00171,1.50,1.50
2010.11.04 16:32:35.125,1.0016,1.00174,1.50,1.50
2010.11.04 16:32:37.222,1.00163,1.00174,1.50,1.50
2010.11.04 16:32:39.283,1.00163,1.00174,3.80,1.50
2010.11.04 16:32:41.398,1.00164,1.00176,1.50,1.50
2010.11.04 16:32:43.502,1.00164,1.00176,1.50,1.50
2010.11.04 16:32:45.543,1.00164,1.00176,1.50,1.50
2010.11.04 16:32:47.907,1.00162,1.00176,1.50,1.50
2010.11.04 16:32:50.005,1.00162,1.00175,1.50,2.30
2010.11.04 16:32:52.113,1.00163,1.00177,3.80,1.70
2010.11.04 16:32:54.156,1.00164,1.00178,1.50,1.50
2010.11.04 16:32:56.170,1.00164,1.00178,1.50,1.50
2010.11.04 16:32:58.201,1.00164,1.00178,1.50,1.50
2010.11.04 16:33:00.350,1.00163,1.00176,3.00,1.50
2010.11.04 16:33:02.585,1.00163,1.00172,1.50,1.50
2010.11.04 16:33:04.649,1.0016,1.00172,1.50,1.50
2010.11.04 16:33:06.716,1.00163,1.00177,4.90,2.30
2010.11.04 16:33:08.959,1.00164,1.00176,1.50,1.50
2010.11.04 16:33:11.045,1.00164,1.00177,1.50,1.50
2010.11.04 16:33:13.106,1.00164,1.00177,1.50,1.50
2010.11.04 16:33:13.747,1.00157,1.00173,1.50,2.50
2010.11.04 16:33:15.820,1.00157,1.0017,1.50,1.50
2010.11.04 16:33:17.829,1.00157,1.00167,1.50,1.50
2010.11.04 16:33:19.908,1.00155,1.00165,1.50,1.50
2010.11.04 16:33:21.970,1.00152,1.00166,1.50,1.50
2010.11.04 16:33:24.052,1.00155,1.00167,1.50,1.50
2010.11.04 16:33:26.065,1.00158,1.00169,1.50,1.50
2010.11.04 16:33:28.258,1.00156,1.00168,1.50,1.50
2010.11.04 16:33:30.292,1.00154,1.00164,1.50,1.50
2010.11.04 16:33:32.388,1.00154,1.00166,3.80,1.50
2010.11.04 16:33:34.401,1.00155,1.00168,1.50,1.50
2010.11.04 16:33:36.475,1.00155,1.00166,1.50,1.50
2010.11.04 16:33:38.482,1.00152,1.00164,1.50,1.50
2010.11.04 16:33:40.660,1.00152,1.00163,1.50,1.70
2010.11.04 16:33:42.944,1.0015,1.0016,1.50,1.50
2010.11.04 16:33:44.962,1.00148,1.00159,1.50,1.50
2010.11.04 16:33:47.006,1.00142,1.00153,3.00,1.70
2010.11.04 16:33:49.118,1.00137,1.00154,1.50,1.90
2010.11.04 16:33:51.399,1.00139,1.00152,2.30,1.50
2010.11.04 16:33:53.418,1.00137,1.00151,1.50,1.50
2010.11.04 16:33:54.920,1.00129,1.00143,3.00,1.70
2010.11.04 16:33:56.757,1.00137,1.00151,1.90,1.50
2010.11.04 16:33:58.812,1.00144,1.00156,1.50,1.50
2010.11.04 16:34:00.877,1.00143,1.00156,1.50,1.50
2010.11.04 16:34:02.891,1.00143,1.00156,1.50,1.50
2010.11.04 16:34:04.923,1.00143,1.00157,1.50,1.50
2010.11.04 16:34:06.983,1.00146,1.0016,1.50,1.70
2010.11.04 16:34:09.407,1.00151,1.00166,1.50,2.30
2010.11.04 16:34:11.183,1.0015,1.00164,1.50,1.50
2010.11.04 16:34:13.278,1.0015,1.00164,1.50,1.50
2010.11.04 16:34:15.318,1.0015,1.00164,1.50,1.50
2010.11.04 16:34:17.643,1.0015,1.00164,1.50,1.50
2010.11.04 16:34:19.641,1.0015,1.00164,1.50,1.50
2010.11.04 16:34:21.654,1.0015,1.00164,1.50,1.50
2010.11.04 16:34:23.950,1.0015,1.00164,1.50,1.50
2010.11.04 16:34:26.115,1.00146,1.00159,1.50,1.70
2010.11.04 16:34:28.194,1.00146,1.00157,1.50,1.70
2010.11.04 16:34:28.437,1.00138,1.00153,1.50,1.70
2010.11.04 16:34:30.541,1.0014,1.00154,1.90,1.50
2010.11.04 16:34:32.767,1.00144,1.00156,2.30,1.50
2010.11.04 16:34:34.874,1.00138,1.00152,1.50,1.70
2010.11.04 16:34:37.196,1.00137,1.00152,1.20,2.50
2010.11.04 16:34:41.229,1.00132,1.00147,1.50,1.70
2010.11.04 16:34:43.270,1.00139,1.00151,1.90,1.50
2010.11.04 16:34:45.292,1.0014,1.00156,1.20,2.50
2010.11.04 16:34:47.332,1.0014,1.00157,1.20,2.60
2010.11.04 16:34:49.433,1.00139,1.00157,4.50,1.10
2010.11.04 16:34:51.923,1.0014,1.00156,1.20,2.50
2010.11.04 16:34:53.982,1.00139,1.00154,1.50,2.50
2010.11.04 16:34:56.191,1.00145,1.00154,4.50,2.50
2010.11.04 16:34:56.311,1.00154,1.00174,2.30,1.30
2010.11.04 16:34:58.372,1.00151,1.00168,1.50,1.10
2010.11.04 16:35:00.438,1.00153,1.0017,5.30,1.10
2010.11.04 16:35:02.477,1.00153,1.0017,7.50,2.50
2010.11.04 16:35:04.826,1.00164,1.00178,1.50,1.10
2010.11.04 16:35:07.220,1.00169,1.00184,3.80,2.50
2010.11.04 16:35:09.573,1.00167,1.00181,1.50,4.70
2010.11.04 16:35:11.635,1.00166,1.0018,1.50,1.10
2010.11.04 16:35:13.666,1.00169,1.00184,3.80,2.50
2010.11.04 16:35:16.084,1.00169,1.00185,3.80,2.50
2010.11.04 16:35:18.092,1.00169,1.00185,3.80,2.50
2010.11.04 16:35:20.543,1.00169,1.00185,3.80,2.50
2010.11.04 16:35:22.547,1.00172,1.00188,2.30,1.10
2010.11.04 16:35:24.575,1.00171,1.00187,1.50,2.50
2010.11.04 16:35:26.838,1.00171,1.00187,1.50,2.50
2010.11.04 16:35:29.169,1.00171,1.00188,3.00,1.10
2010.11.04 16:35:30.941,1.00171,1.00188,3.00,1.10
2010.11.04 16:35:32.993,1.00173,1.00188,1.50,1.10
2010.11.04 16:35:35.023,1.00176,1.00192,2.30,1.10
2010.11.04 16:35:37.032,1.0018,1.00198,3.00,2.50
2010.11.04 16:35:39.122,1.00182,1.00198,1.50,2.50
2010.11.04 16:35:41.221,1.0018,1.00198,3.00,2.50
2010.11.04 16:35:43.293,1.0018,1.00196,1.50,2.30
2010.11.04 16:35:45.405,1.00177,1.00193,1.50,2.50
2010.11.04 16:35:47.478,1.00177,1.00189,1.50,1.70
2010.11.04 16:35:49.791,1.00171,1.00184,1.50,3.20
2010.11.04 16:35:51.817,1.00168,1.00183,1.50,1.70
2010.11.04 16:35:53.956,1.00166,1.00181,1.50,3.20
2010.11.04 16:35:56.296,1.00169,1.00186,2.30,2.50
2010.11.04 16:35:58.373,1.00178,1.00193,1.50,1.50
2010.11.04 16:36:00.483,1.00182,1.00198,1.50,2.50
2010.11.04 16:36:02.841,1.00177,1.00194,3.00,2.10
2010.11.04 16:36:04.351,1.00134,1.0017,6.20,1.40
2010.11.04 16:36:04.584,1.00129,1.00167,1.50,1.50
2010.11.04 16:36:06.598,1.0014,1.00155,2.30,1.50
2010.11.04 16:36:08.602,1.00139,1.00156,1.50,2.50
2010.11.04 16:36:10.606,1.00148,1.00156,1.50,2.50
2010.11.04 16:36:11.701,1.00161,1.00191,1.50,2.50
2010.11.04 16:36:13.704,1.00161,1.00175,1.50,3.20
2010.11.04 16:36:14.615,1.00153,1.00166,3.80,2.50
2010.11.04 16:36:16.703,1.00155,1.00173,3.00,3.60
2010.11.04 16:36:18.698,1.00157,1.00171,1.50,2.50
2010.11.04 16:36:20.780,1.00157,1.00172,1.50,2.50
2010.11.04 16:36:22.852,1.00157,1.00171,1.50,2.50
2010.11.04 16:36:24.937,1.00155,1.0017,1.50,2.50
2010.11.04 16:36:25.497,1.00153,1.00167,1.50,2.50
2010.11.04 16:36:27.487,1.0015,1.00167,1.80,2.50
2010.11.04 16:36:29.510,1.00154,1.00169,1.50,2.50
2010.11.04 16:36:31.533,1.00154,1.00169,1.90,2.50
2010.11.04 16:36:33.571,1.00153,1.00169,1.20,2.50
2010.11.04 16:36:35.796,1.00153,1.00169,1.20,2.50
2010.11.04 16:36:37.395,1.00149,1.00164,2.30,1.50
2010.11.04 16:36:39.561,1.00139,1.00155,2.30,2.50
2010.11.04 16:36:41.955,1.00139,1.00155,2.30,2.50
2010.11.04 16:36:43.992,1.00135,1.00154,3.00,2.50
2010.11.04 16:36:46.051,1.00134,1.0015,1.50,4.70
2010.11.04 16:36:46.452,1.00138,1.0015,1.50,4.00
2010.11.04 16:36:47.035,1.00151,1.00169,1.50,1.50
2010.11.04 16:36:49.066,1.00151,1.00167,1.50,2.50
2010.11.04 16:36:51.132,1.00151,1.00167,1.50,2.50
2010.11.04 16:36:53.315,1.00151,1.00167,1.50,2.50
2010.11.04 16:36:55.363,1.00155,1.0017,1.50,4.70
2010.11.04 16:36:57.481,1.00155,1.0017,1.50,4.70
2010.11.04 16:36:59.571,1.00154,1.00168,1.50,1.10
2010.11.04 16:37:01.592,1.00151,1.00168,3.00,2.50
2010.11.04 16:37:03.691,1.00159,1.00174,1.50,3.20
2010.11.04 16:37:05.751,1.00158,1.00174,3.00,3.20
2010.11.04 16:37:08.266,1.00158,1.00174,3.00,3.20
2010.11.04 16:37:10.371,1.00158,1.00174,3.00,3.20
2010.11.04 16:37:12.392,1.00158,1.00174,3.00,3.20
2010.11.04 16:37:14.421,1.00159,1.00174,1.50,3.20
2010.11.04 16:37:16.443,1.00163,1.00179,1.50,2.40
2010.11.04 16:37:18.480,1.00163,1.00179,1.50,2.30
2010.11.04 16:37:21.350,1.00165,1.00182,3.00,4.50
2010.11.04 16:37:23.491,1.00169,1.00184,1.50,3.20
2010.11.04 16:37:25.568,1.00169,1.00184,1.50,3.20
2010.11.04 16:37:27.594,1.00169,1.00184,1.50,3.20
2010.11.04 16:37:29.675,1.0017,1.00184,1.50,1.50
2010.11.04 16:37:32.062,1.00179,1.00195,2.30,1.50
2010.11.04 16:37:34.140,1.00181,1.00197,1.50,2.50
2010.11.04 16:37:36.184,1.00181,1.00197,1.50,2.50
2010.11.04 16:37:38.212,1.0018,1.00193,1.50,1.10
2010.11.04 16:37:40.221,1.00176,1.00191,1.50,7.50
2010.11.04 16:37:42.245,1.00166,1.00183,4.50,2.60
2010.11.04 16:37:44.324,1.00166,1.00182,3.00,2.30
2010.11.04 16:37:46.406,1.00171,1.00186,2.30,3.60
2010.11.04 16:37:48.451,1.00171,1.00187,1.50,2.30
2010.11.04 16:37:50.833,1.00165,1.00179,2.30,1.10
2010.11.04 16:37:52.856,1.00165,1.00179,2.30,1.10
2010.11.04 16:37:54.972,1.00165,1.00179,2.30,1.10
2010.11.04 16:37:56.990,1.00165,1.00179,2.30,1.10
2010.11.04 16:37:59.014,1.00165,1.00178,1.50,1.10
2010.11.04 16:38:01.170,1.00164,1.00178,1.50,1.10
2010.11.04 16:38:02.424,1.00155,1.00171,3.00,5.50
2010.11.04 16:38:04.751,1.00156,1.00173,1.50,1.10
2010.11.04 16:38:06.652,1.00163,1.00178,3.00,1.10
2010.11.04 16:38:08.744,1.00162,1.00178,1.50,2.60
2010.11.04 16:38:10.821,1.00162,1.00178,1.50,3.00
2010.11.04 16:38:14.903,1.00167,1.00184,1.50,5.60
2010.11.04 16:38:16.932,1.00167,1.00181,1.50,6.00
2010.11.04 16:38:19.031,1.00167,1.00181,1.50,6.00
2010.11.04 16:38:21.141,1.00167,1.00181,1.50,6.00
2010.11.04 16:38:23.214,1.00167,1.00181,1.50,6.00
2010.11.04 16:38:25.366,1.00167,1.00181,1.50,6.00
2010.11.04 16:38:27.386,1.00167,1.00181,1.50,7.50
2010.11.04 16:38:29.462,1.00165,1.00182,1.50,2.50
2010.11.04 16:38:31.550,1.00165,1.00182,1.50,2.50
2010.11.04 16:38:32.652,1.00164,1.00178,4.50,1.40
2010.11.04 16:38:33.322,1.00153,1.00168,1.50,1.70
2010.11.04 16:38:35.362,1.0015,1.00166,1.50,2.50
2010.11.04 16:38:37.547,1.00155,1.0017,2.30,3.20
2010.11.04 16:38:39.749,1.00155,1.0017,3.00,3.20
2010.11.04 16:38:41.986,1.00156,1.00174,1.50,4.70
2010.11.04 16:38:44.102,1.00156,1.00174,1.50,4.70
2010.11.04 16:38:46.192,1.00161,1.00179,3.00,2.50
2010.11.04 16:38:48.363,1.00159,1.00177,3.80,2.50
2010.11.04 16:38:50.362,1.00159,1.00177,3.80,2.50
2010.11.04 16:38:52.373,1.00163,1.0018,2.30,4.70
2010.11.04 16:38:54.590,1.00164,1.00181,3.70,2.50
2010.11.04 16:38:56.605,1.0017,1.00187,1.50,2.50
2010.11.04 16:38:58.611,1.00169,1.00184,1.50,1.70
2010.11.04 16:39:00.653,1.00175,1.00189,1.50,1.50
2010.11.04 16:39:02.660,1.00175,1.00191,1.50,6.60
2010.11.04 16:39:04.831,1.00175,1.00191,1.50,6.60
2010.11.04 16:39:06.934,1.00178,1.00193,1.50,2.50
2010.11.04 16:39:09.001,1.00178,1.00193,1.50,2.50
2010.11.04 16:39:11.087,1.0018,1.00197,3.00,3.20
2010.11.04 16:39:13.099,1.00184,1.002,2.20,2.50
2010.11.04 16:39:15.184,1.00188,1.00204,1.50,1.70
2010.11.04 16:39:19.401,1.00191,1.00207,1.50,2.50
2010.11.04 16:39:21.461,1.00191,1.00207,1.50,2.50
2010.11.04 16:39:23.550,1.00191,1.00207,1.50,2.50
2010.11.04 16:39:25.791,1.00191,1.00207,1.50,2.50
2010.11.04 16:39:27.841,1.00189,1.00206,3.00,7.00
2010.11.04 16:39:30.328,1.00189,1.00206,3.00,7.40
2010.11.04 16:39:32.333,1.00181,1.00198,4.50,2.50
2010.11.04 16:39:34.376,1.00179,1.00191,1.50,2.50
2010.11.04 16:39:36.482,1.0018,1.00197,4.50,2.50
2010.11.04 16:39:37.396,1.00176,1.00185,1.50,3.80
2010.11.04 16:39:39.468,1.00169,1.00185,1.50,2.50
2010.11.04 16:39:41.807,1.00169,1.00185,1.50,2.50
2010.11.04 16:39:43.891,1.00161,1.00177,2.30,2.50
2010.11.04 16:39:45.914,1.00161,1.00176,1.50,2.50
2010.11.04 16:39:47.993,1.00161,1.00178,4.50,2.50
2010.11.04 16:39:50.081,1.00161,1.00178,4.50,2.50
2010.11.04 16:39:52.163,1.00161,1.00178,3.00,2.50
2010.11.04 16:39:53.000,1.00174,1.00181,1.50,2.30
2010.11.04 16:39:53.786,1.00174,1.00195,1.50,2.50
2010.11.04 16:39:55.784,1.00172,1.00189,1.50,2.50
2010.11.04 16:39:56.914,1.00176,1.00187,2.30,1.40
2010.11.04 16:39:59.288,1.00178,1.00193,1.50,2.50
2010.11.04 16:40:01.311,1.0018,1.00197,1.50,2.50
2010.11.04 16:40:03.402,1.0018,1.00197,1.50,2.50
2010.11.04 16:40:05.601,1.0018,1.00197,1.50,2.50
2010.11.04 16:40:06.373,1.00179,1.00188,1.50,1.70
2010.11.04 16:40:08.387,1.00175,1.0019,2.30,2.50
2010.11.04 16:40:10.396,1.00171,1.00189,3.00,3.20
2010.11.04 16:40:12.503,1.00171,1.00189,3.00,3.20
2010.11.04 16:40:13.904,1.00179,1.00185,1.50,3.20
2010.11.04 16:40:14.683,1.00185,1.00208,1.50,2.50
2010.11.04 16:40:16.772,1.00184,1.00202,4.50,2.50
2010.11.04 16:40:17.326,1.00193,1.00199,1.20,2.30
2010.11.04 16:40:17.555,1.00198,1.00213,1.50,1.50
2010.11.04 16:40:18.337,1.00205,1.00224,1.50,4.70
2010.11.04 16:40:20.384,1.00204,1.00219,2.30,1.50
2010.11.04 16:40:22.512,1.00201,1.00215,1.50,1.70
2010.11.04 16:40:24.748,1.00201,1.00215,1.50,1.70
2010.11.04 16:40:26.812,1.00201,1.00215,1.50,1.70
2010.11.04 16:40:28.916,1.00202,1.00216,1.90,4.70
2010.11.04 16:40:31.195,1.00201,1.00218,2.30,2.50
2010.11.04 16:40:33.196,1.00194,1.0021,3.80,2.70
2010.11.04 16:40:35.284,1.00192,1.00208,1.50,2.50
2010.11.04 16:40:37.352,1.00193,1.00209,1.50,2.50
2010.11.04 16:40:39.373,1.00194,1.00209,1.50,1.50
2010.11.04 16:40:41.432,1.00194,1.00209,1.50,1.50
2010.11.04 16:40:43.451,1.00194,1.00209,1.50,1.50
2010.11.04 16:40:45.531,1.00194,1.00209,1.50,2.50
2010.11.04 16:40:47.631,1.00194,1.00209,1.50,2.50
2010.11.04 16:40:49.741,1.00194,1.00209,1.50,2.50
2010.11.04 16:40:51.793,1.00194,1.00209,1.50,2.50
2010.11.04 16:40:53.804,1.00194,1.00209,1.50,2.50
2010.11.04 16:40:56.135,1.00194,1.00209,1.50,2.50
2010.11.04 16:40:58.380,1.00194,1.00209,1.50,2.50
2010.11.04 16:41:00.592,1.00192,1.00208,1.50,2.50
2010.11.04 16:41:02.699,1.00191,1.00208,1.50,2.50
2010.11.04 16:41:05.124,1.00189,1.00201,1.50,1.50
2010.11.04 16:41:07.122,1.00185,1.00201,1.50,6.20
2010.11.04 16:41:09.172,1.00185,1.00201,1.50,6.20
2010.11.04 16:41:11.207,1.00185,1.002,1.50,2.30
2010.11.04 16:41:13.252,1.00185,1.002,1.50,2.30
2010.11.04 16:41:15.282,1.00185,1.002,1.50,2.30
2010.11.04 16:41:17.292,1.00183,1.002,1.50,2.50
2010.11.04 16:41:19.310,1.00183,1.002,1.50,2.50
2010.11.04 16:41:21.413,1.00189,1.00203,3.00,1.70
2010.11.04 16:41:23.425,1.00189,1.00204,3.00,1.70
2010.11.04 16:41:25.452,1.00192,1.00205,1.10,1.70
2010.11.04 16:41:26.414,1.002,1.00217,1.50,2.50
2010.11.04 16:41:28.867,1.002,1.00218,3.00,2.50
2010.11.04 16:41:30.564,1.002,1.00215,1.50,1.70
2010.11.04 16:41:32.570,1.00198,1.00215,1.50,3.20
2010.11.04 16:41:34.634,1.00195,1.00211,1.50,6.20
2010.11.04 16:41:36.718,1.00198,1.00213,1.50,2.10
2010.11.04 16:41:38.755,1.00202,1.00218,1.50,2.50
2010.11.04 16:41:40.800,1.00202,1.00218,1.50,2.50
2010.11.04 16:41:43.120,1.00196,1.0021,1.50,2.50
2010.11.04 16:41:45.210,1.00195,1.0021,1.50,2.50
2010.11.04 16:41:46.410,1.00203,1.00221,1.50,6.20
2010.11.04 16:41:48.454,1.00204,1.00219,1.50,2.50
2010.11.04 16:41:50.781,1.002,1.00216,1.50,2.50
2010.11.04 16:41:52.966,1.00199,1.00216,4.50,2.50
2010.11.04 16:41:55.134,1.00203,1.0022,1.50,2.50
2010.11.04 16:41:57.148,1.00203,1.0022,4.50,2.50
2010.11.04 16:41:59.162,1.00204,1.00221,2.30,2.50
2010.11.04 16:42:01.201,1.00204,1.00221,2.30,2.50
2010.11.04 16:42:03.245,1.002,1.00218,3.00,2.50
2010.11.04 16:42:05.303,1.002,1.00218,3.00,2.50
2010.11.04 16:42:07.362,1.00203,1.0022,1.50,3.20
2010.11.04 16:42:09.555,1.00203,1.0022,1.50,3.20
2010.11.04 16:42:11.693,1.00203,1.0022,1.50,3.20
2010.11.04 16:42:13.742,1.00203,1.00219,1.50,2.50
2010.11.04 16:42:15.887,1.00209,1.00223,1.50,1.70
2010.11.04 16:42:17.964,1.00209,1.00223,1.50,1.70
2010.11.04 16:42:20.063,1.00209,1.00223,1.50,1.70
2010.11.04 16:42:22.154,1.00209,1.00223,1.50,1.70
2010.11.04 16:42:24.205,1.00209,1.00223,1.50,1.70
2010.11.04 16:42:26.252,1.00209,1.00223,1.50,1.70
2010.11.04 16:42:28.301,1.00205,1.0022,1.50,1.70
2010.11.04 16:42:30.023,1.00204,1.00217,1.10,6.00
2010.11.04 16:42:30.263,1.00198,1.00214,1.50,2.50
2010.11.04 16:42:32.415,1.00194,1.0021,1.50,2.30
2010.11.04 16:42:34.741,1.00189,1.00206,6.80,2.50
2010.11.04 16:42:36.801,1.00193,1.00209,1.50,1.10
2010.11.04 16:42:38.813,1.00193,1.00209,1.50,1.10
2010.11.04 16:42:40.829,1.00192,1.00209,3.00,1.10
2010.11.04 16:42:42.884,1.0019,1.00207,1.50,2.50
2010.11.04 16:42:45.006,1.0019,1.00207,1.50,2.50
2010.11.04 16:42:46.242,1.00193,1.00207,1.50,1.90
2010.11.04 16:42:46.937,1.00185,1.002,3.30,1.70
2010.11.04 16:42:49.161,1.00185,1.00199,1.50,1.10
2010.11.04 16:42:51.165,1.00183,1.00199,1.50,1.10
2010.11.04 16:42:53.262,1.00184,1.002,1.50,1.90
2010.11.04 16:42:55.312,1.00186,1.002,2.30,1.70
2010.11.04 16:42:57.342,1.00183,1.00199,1.50,2.50
2010.11.04 16:42:59.483,1.00181,1.00198,1.50,2.50
2010.11.04 16:43:01.507,1.00177,1.00191,1.50,3.40
2010.11.04 16:43:03.543,1.00177,1.00191,1.50,3.40
2010.11.04 16:43:05.726,1.00177,1.00191,1.50,1.70
2010.11.04 16:43:07.805,1.00176,1.00195,1.50,2.60
2010.11.04 16:43:10.253,1.00176,1.00195,1.50,3.00
2010.11.04 16:43:12.261,1.00176,1.00195,1.50,3.00
2010.11.04 16:43:14.302,1.00176,1.00195,1.50,3.00
2010.11.04 16:43:16.405,1.00176,1.00191,1.50,5.60
2010.11.04 16:43:18.408,1.00176,1.00191,1.50,1.70
2010.11.04 16:43:20.804,1.00176,1.00191,1.50,5.60
2010.11.04 16:43:22.809,1.00173,1.0019,3.00,1.50
2010.11.04 16:43:24.887,1.00179,1.00197,4.50,2.50
2010.11.04 16:43:26.974,1.00183,1.00199,1.50,2.50
2010.11.04 16:43:28.992,1.00184,1.00199,1.50,1.50
2010.11.04 16:43:31.084,1.00181,1.00199,1.50,4.70
2010.11.04 16:43:33.123,1.00183,1.00199,1.50,2.50
2010.11.04 16:43:35.163,1.00183,1.00199,1.50,2.50
2010.11.04 16:43:36.550,1.00189,1.00206,1.50,2.50
2010.11.04 16:43:38.613,1.00192,1.00209,1.90,2.50
2010.11.04 16:43:40.876,1.0019,1.00208,3.00,2.50
2010.11.04 16:43:42.927,1.00191,1.00209,3.00,2.50
2010.11.04 16:43:45.030,1.00193,1.00209,1.50,2.50
2010.11.04 16:43:47.130,1.00193,1.00209,1.50,2.50
2010.11.04 16:43:49.191,1.00193,1.00209,1.50,2.50
2010.11.04 16:43:51.363,1.00193,1.00209,1.50,2.50
2010.11.04 16:43:53.432,1.00199,1.00217,4.50,2.50
2010.11.04 16:43:55.434,1.00204,1.00221,1.50,6.20
2010.11.04 16:43:57.462,1.00204,1.00221,1.50,6.20
2010.11.04 16:43:59.539,1.00204,1.00221,1.50,6.20
2010.11.04 16:44:01.596,1.00204,1.00221,1.50,5.50
2010.11.04 16:44:03.652,1.00209,1.00227,6.00,2.50
2010.11.04 16:44:05.743,1.00206,1.00224,1.50,5.50
2010.11.04 16:44:07.883,1.00209,1.00225,4.50,2.50
2010.11.04 16:44:09.932,1.00209,1.00227,6.80,2.50
2010.11.04 16:44:11.385,1.00219,1.00233,1.50,2.30
2010.11.04 16:44:13.452,1.00219,1.00234,3.00,1.70
2010.11.04 16:44:15.482,1.00218,1.00234,4.50,1.70
2010.11.04 16:44:17.510,1.00218,1.00234,4.50,1.70
2010.11.04 16:44:19.605,1.00219,1.00235,3.80,2.30
2010.11.04 16:44:21.865,1.00222,1.00239,1.50,4.70
2010.11.04 16:44:23.946,1.00225,1.00241,1.50,6.00
2010.11.04 16:44:25.985,1.00225,1.00241,1.50,6.00
2010.11.04 16:44:28.051,1.00225,1.00241,1.50,6.00
2010.11.04 16:44:30.062,1.00222,1.00236,1.50,1.50
2010.11.04 16:44:32.076,1.0022,1.00236,1.50,2.50
2010.11.04 16:44:33.236,1.00213,1.00229,4.50,2.50
2010.11.04 16:44:34.848,1.00204,1.00219,1.50,2.50
2010.11.04 16:44:34.968,1.0021,1.00221,1.50,4.70
2010.11.04 16:44:35.083,1.00204,1.00219,1.50,2.50
2010.11.04 16:44:37.122,1.00204,1.00221,3.00,4.70
2010.11.04 16:44:39.125,1.00204,1.00219,1.50,1.50
2010.11.04 16:44:41.179,1.00206,1.00221,1.50,4.50
2010.11.04 16:44:43.210,1.00206,1.00221,1.50,4.50
2010.11.04 16:44:45.619,1.00206,1.00221,1.50,4.50
2010.11.04 16:44:48.015,1.00202,1.00217,1.50,1.50
2010.11.04 16:44:49.741,1.00206,1.00221,1.50,1.50
2010.11.04 16:44:51.883,1.00206,1.00221,1.50,1.50
2010.11.04 16:44:54.011,1.00206,1.00221,1.50,1.50
2010.11.04 16:44:56.343,1.00208,1.00224,1.50,2.30
2010.11.04 16:44:58.375,1.00206,1.0022,1.50,1.50
2010.11.04 16:45:00.455,1.00206,1.0022,1.50,1.50
2010.11.04 16:45:00.792,1.00206,1.00212,1.50,2.30
2010.11.04 16:45:01.927,1.00209,1.00217,1.70,1.50
2010.11.04 16:45:02.164,1.00214,1.00231,3.80,2.50
2010.11.04 16:45:04.283,1.00211,1.00228,3.00,2.50
2010.11.04 16:45:06.321,1.00211,1.00229,3.00,2.50
2010.11.04 16:45:08.516,1.00213,1.00229,1.50,2.50
2010.11.04 16:45:10.601,1.00213,1.0023,1.50,2.50
2010.11.04 16:45:12.731,1.00213,1.0023,1.50,2.50
2010.11.04 16:45:14.983,1.00213,1.0023,1.50,2.50
2010.11.04 16:45:17.024,1.00217,1.00234,1.50,2.50
2010.11.04 16:45:19.136,1.00217,1.00231,1.50,2.50
2010.11.04 16:45:21.532,1.00215,1.00231,3.00,2.50
2010.11.04 16:45:23.551,1.00215,1.00231,3.00,2.50
2010.11.04 16:45:25.663,1.00215,1.00231,1.50,2.50
2010.11.04 16:45:27.805,1.00215,1.00231,1.50,2.50
2010.11.04 16:45:29.822,1.00215,1.00231,1.50,2.50
2010.11.04 16:45:31.888,1.00217,1.00232,1.50,9.20
2010.11.04 16:45:34.239,1.00217,1.00231,1.50,3.20
2010.11.04 16:45:36.234,1.00215,1.00231,1.50,3.20
2010.11.04 16:45:38.348,1.00215,1.00231,1.50,3.20
2010.11.04 16:45:39.374,1.00209,1.00223,5.30,1.40
2010.11.04 16:45:39.789,1.00202,1.00209,3.80,2.30
2010.11.04 16:45:41.893,1.002,1.00216,3.00,2.50
2010.11.04 16:45:42.883,1.002,1.00216,4.00,2.50
2010.11.04 16:45:43.006,1.00214,1.00222,1.50,4.20
2010.11.04 16:45:43.233,1.00219,1.0023,1.50,1.50
2010.11.04 16:45:45.312,1.0022,1.00235,1.50,2.50
2010.11.04 16:45:47.371,1.0022,1.00235,1.50,2.50
2010.11.04 16:45:49.701,1.00219,1.00233,1.50,2.50
2010.11.04 16:45:51.900,1.00219,1.00233,1.50,2.50
2010.11.04 16:45:54.167,1.00219,1.00233,1.50,2.50
2010.11.04 16:45:56.225,1.00204,1.00222,1.50,8.50
2010.11.04 16:45:58.318,1.00203,1.0022,1.20,2.50
2010.11.04 16:46:00.415,1.00201,1.00219,1.20,2.50
2010.11.04 16:46:02.517,1.00207,1.00221,1.50,2.50
2010.11.04 16:46:04.588,1.0021,1.00227,2.30,3.20
2010.11.04 16:46:06.805,1.00215,1.00231,1.50,2.50
2010.11.04 16:46:08.906,1.00213,1.00231,3.00,2.50
2010.11.04 16:46:11.469,1.00213,1.00231,3.00,2.50
2010.11.04 16:46:13.515,1.00211,1.00229,1.50,2.50
2010.11.04 16:46:15.603,1.00211,1.00229,1.50,2.50
2010.11.04 16:46:17.653,1.00212,1.00231,3.00,4.00
2010.11.04 16:46:19.708,1.00212,1.0023,1.50,2.50
2010.11.04 16:46:21.802,1.00212,1.0023,1.50,2.80
2010.11.04 16:46:22.587,1.00206,1.00221,3.00,1.50
2010.11.04 16:46:24.633,1.00207,1.00224,1.50,5.50
2010.11.04 16:46:27.173,1.00207,1.00224,1.50,5.50
2010.11.04 16:46:29.253,1.00209,1.00226,1.50,3.20
2010.11.04 16:46:31.277,1.00209,1.00221,1.50,3.80
2010.11.04 16:46:33.309,1.00209,1.00226,1.50,3.20
2010.11.04 16:46:35.622,1.0021,1.00229,2.30,2.80
2010.11.04 16:46:37.736,1.00211,1.00229,1.50,1.30
2010.11.04 16:46:39.755,1.00213,1.0023,1.50,2.50
2010.11.04 16:46:42.003,1.00215,1.00231,1.50,2.50
2010.11.04 16:46:44.477,1.00215,1.00231,1.50,2.50
2010.11.04 16:46:46.485,1.00213,1.0023,1.50,2.50
2010.11.04 16:46:47.865,1.00201,1.0022,3.00,2.50
2010.11.04 16:46:50.182,1.00208,1.00222,1.50,2.50
2010.11.04 16:46:52.273,1.00208,1.00222,1.50,2.50
2010.11.04 16:46:54.291,1.00208,1.00222,1.50,2.50
2010.11.04 16:46:56.316,1.00201,1.00218,1.50,2.50
2010.11.04 16:46:58.344,1.00211,1.0023,3.00,2.50
2010.11.04 16:47:00.403,1.00213,1.0023,1.50,2.50
2010.11.04 16:47:02.411,1.0021,1.00228,1.50,2.50
2010.11.04 16:47:04.452,1.0021,1.00228,1.50,2.50
2010.11.04 16:47:06.862,1.0021,1.00228,1.50,2.50
2010.11.04 16:47:08.926,1.0021,1.00228,1.50,2.50
2010.11.04 16:47:11.001,1.0021,1.00228,1.50,2.50
2010.11.04 16:47:13.108,1.0021,1.00228,1.50,2.50
2010.11.04 16:47:15.164,1.00211,1.00229,1.50,7.00
2010.11.04 16:47:15.858,1.00219,1.00229,3.40,1.50
2010.11.04 16:47:15.973,1.00223,1.00241,1.50,2.50
2010.11.04 16:47:18.019,1.00223,1.00241,1.50,4.00
2010.11.04 16:47:20.114,1.00223,1.00241,1.50,4.00
2010.11.04 16:47:22.202,1.00223,1.00241,1.50,4.00
2010.11.04 16:47:24.310,1.00223,1.00241,1.50,4.00
2010.11.04 16:47:26.428,1.00215,1.00231,1.50,9.20
2010.11.04 16:47:28.515,1.00217,1.00231,1.50,3.80
2010.11.04 16:47:30.591,1.00217,1.00234,1.50,3.20
2010.11.04 16:47:32.642,1.00217,1.00234,1.50,3.20
2010.11.04 16:47:34.798,1.0022,1.00239,1.50,2.50
2010.11.04 16:47:36.905,1.0022,1.00239,2.30,2.50
2010.11.04 16:47:38.942,1.0022,1.00239,2.30,2.50
2010.11.04 16:47:41.002,1.0022,1.00239,2.30,2.50
2010.11.04 16:47:43.005,1.00219,1.00237,6.80,1.30
2010.11.04 16:47:45.027,1.00219,1.00237,1.50,2.50
2010.11.04 16:47:47.083,1.00221,1.0024,3.00,2.50
2010.11.04 16:47:49.333,1.00221,1.0024,3.00,2.50
2010.11.04 16:47:51.495,1.00219,1.00237,2.30,2.50
2010.11.04 16:47:53.593,1.0022,1.00239,3.00,2.50
2010.11.04 16:47:55.614,1.0022,1.00236,3.00,1.30
2010.11.04 16:47:57.713,1.00221,1.0024,2.30,2.50
2010.11.04 16:47:59.798,1.0023,1.00244,1.50,2.50
2010.11.04 16:48:02.205,1.00234,1.00249,1.50,5.50
2010.11.04 16:48:04.352,1.00232,1.00249,1.50,7.00
2010.11.04 16:48:06.711,1.00232,1.00249,1.50,7.00
2010.11.04 16:48:08.490,1.00232,1.00249,1.50,5.50
2010.11.04 16:48:10.630,1.00232,1.00249,1.60,5.50
2010.11.04 16:48:12.788,1.00232,1.00249,1.60,5.50
2010.11.04 16:48:14.858,1.00232,1.00249,1.60,5.50
2010.11.04 16:48:17.151,1.00232,1.00249,1.60,5.50
2010.11.04 16:48:19.230,1.00232,1.00248,1.60,2.50
2010.11.04 16:48:21.497,1.00234,1.00249,1.30,3.20
2010.11.04 16:48:21.618,1.00239,1.00256,6.80,3.30
2010.11.04 16:48:23.673,1.00241,1.00256,1.50,2.40
2010.11.04 16:48:25.881,1.00243,1.00256,1.50,2.50
2010.11.04 16:48:27.903,1.00242,1.00258,1.50,2.40
2010.11.04 16:48:29.934,1.0025,1.00261,2.30,2.50
2010.11.04 16:48:32.042,1.00254,1.00269,1.50,3.80
2010.11.04 16:48:34.107,1.00263,1.00276,1.50,1.50
2010.11.04 16:48:36.140,1.00268,1.00281,1.50,3.00
2010.11.04 16:48:38.216,1.00267,1.00281,1.50,3.00
2010.11.04 16:48:40.217,1.00267,1.00281,1.50,1.50
2010.11.04 16:48:42.240,1.00267,1.00281,1.50,1.50
2010.11.04 16:48:44.759,1.00267,1.00281,1.50,1.50
2010.11.04 16:48:46.792,1.00262,1.00279,1.50,2.50
2010.11.04 16:48:48.904,1.00262,1.00279,1.50,2.50
2010.11.04 16:48:49.940,1.00262,1.00277,1.50,2.30
2010.11.04 16:48:50.726,1.00254,1.00272,4.50,8.80
2010.11.04 16:48:52.975,1.0025,1.00268,3.00,4.90
2010.11.04 16:48:55.391,1.00247,1.00262,1.50,8.70
2010.11.04 16:48:57.084,1.00247,1.00262,1.50,9.60
2010.11.04 16:48:59.177,1.00248,1.00261,1.50,2.30
2010.11.04 16:49:01.291,1.00242,1.0026,2.30,2.50
2010.11.04 16:49:03.722,1.00243,1.00261,3.00,4.70
2010.11.04 16:49:05.721,1.0024,1.00255,1.50,2.30
2010.11.04 16:49:07.811,1.0024,1.00255,2.10,2.30
2010.11.04 16:49:09.838,1.00255,1.00275,1.50,1.50
2010.11.04 16:49:12.020,1.0025,1.00266,3.00,2.50
2010.11.04 16:49:14.094,1.00254,1.00269,1.50,1.50
2010.11.04 16:49:16.132,1.00254,1.0027,1.50,2.30
2010.11.04 16:49:18.217,1.00253,1.00268,1.50,2.50
2010.11.04 16:49:20.619,1.0026,1.00274,1.50,2.50
2010.11.04 16:49:22.690,1.0026,1.00273,1.50,1.50
2010.11.04 16:49:24.718,1.0026,1.00273,1.50,1.50
2010.11.04 16:49:26.882,1.00259,1.0027,1.50,1.50
2010.11.04 16:49:28.896,1.00259,1.0027,1.50,1.50
2010.11.04 16:49:30.987,1.00259,1.0027,1.50,1.50
2010.11.04 16:49:33.039,1.0026,1.00275,1.50,2.50
2010.11.04 16:49:35.430,1.00261,1.00276,1.50,1.50
2010.11.04 16:49:37.433,1.00261,1.00276,1.50,1.50
2010.11.04 16:49:39.668,1.00261,1.00277,1.50,2.30
2010.11.04 16:49:41.765,1.00261,1.00277,1.50,2.30
2010.11.04 16:49:44.074,1.00261,1.00276,1.50,1.50
2010.11.04 16:49:46.361,1.00261,1.00276,1.50,1.50
2010.11.04 16:49:48.374,1.00261,1.00276,1.50,1.50
2010.11.04 16:49:49.885,1.00279,1.00312,5.50,5.10
2010.11.04 16:49:51.453,1.003,1.00312,1.50,1.50
2010.11.04 16:49:52.455,1.00298,1.00312,1.50,1.20
2010.11.04 16:49:54.458,1.00292,1.00307,1.50,1.50
2010.11.04 16:49:56.483,1.00292,1.00307,1.50,1.50
2010.11.04 16:49:58.521,1.00292,1.00306,1.50,1.50
2010.11.04 16:50:00.616,1.00292,1.00308,1.50,2.50
2010.11.04 16:50:02.651,1.00292,1.00308,1.50,2.50
2010.11.04 16:50:04.666,1.00292,1.00308,1.50,2.50
2010.11.04 16:50:06.730,1.00292,1.00308,1.50,2.50
2010.11.04 16:50:08.951,1.00292,1.00308,1.50,2.50
2010.11.04 16:50:10.978,1.00292,1.00308,1.50,2.50
2010.11.04 16:50:12.998,1.00298,1.00311,1.50,2.50
2010.11.04 16:50:15.060,1.00298,1.00311,1.50,2.50
2010.11.04 16:50:17.082,1.00298,1.00311,1.50,2.50
2010.11.04 16:50:19.105,1.00293,1.00309,1.50,4.70
2010.11.04 16:50:21.150,1.00293,1.00309,1.50,4.70
2010.11.04 16:50:23.205,1.00292,1.00307,1.50,2.30
2010.11.04 16:50:25.215,1.00288,1.003,1.50,1.50
2010.11.04 16:50:25.821,1.00294,1.00308,2.70,2.50
2010.11.04 16:50:28.203,1.0029,1.00302,1.50,1.50
2010.11.04 16:50:30.213,1.0029,1.00302,1.50,1.50
2010.11.04 16:50:32.606,1.0029,1.00306,1.50,3.30
2010.11.04 16:50:33.620,1.0028,1.00295,1.50,2.50
2010.11.04 16:50:35.623,1.0028,1.00296,4.20,2.50
2010.11.04 16:50:37.725,1.0028,1.00296,4.20,2.50
2010.11.04 16:50:39.785,1.00279,1.00295,1.50,2.50
2010.11.04 16:50:41.819,1.00274,1.00291,1.50,4.00
2010.11.04 16:50:43.976,1.00274,1.00289,1.50,2.50
2010.11.04 16:50:46.266,1.00275,1.00291,1.50,4.00
2010.11.04 16:50:48.592,1.00274,1.00291,1.50,2.50
2010.11.04 16:50:50.685,1.00275,1.00289,1.50,1.20
2010.11.04 16:50:53.063,1.00272,1.00288,1.50,2.50
2010.11.04 16:50:55.129,1.00274,1.00288,1.50,1.20
2010.11.04 16:50:57.144,1.00274,1.00287,1.50,1.20
2010.11.04 16:50:59.158,1.00274,1.00289,1.50,2.70
2010.11.04 16:51:01.255,1.00274,1.00285,1.50,1.50
2010.11.04 16:51:01.718,1.00266,1.00281,1.50,1.50
2010.11.04 16:51:03.737,1.00266,1.00281,1.50,1.50
2010.11.04 16:51:05.750,1.00271,1.00285,1.40,5.50
2010.11.04 16:51:06.326,1.00275,1.0029,1.50,2.30
2010.11.04 16:51:08.403,1.00275,1.00289,1.50,1.50
2010.11.04 16:51:10.474,1.00273,1.00287,3.00,1.90
2010.11.04 16:51:11.025,1.00267,1.00281,1.50,1.50
2010.11.04 16:51:12.966,1.00262,1.00279,4.50,2.50
2010.11.04 16:51:14.134,1.00267,1.00282,2.30,3.20
2010.11.04 16:51:16.145,1.00276,1.0029,1.50,2.50
2010.11.04 16:51:18.257,1.00273,1.00289,1.50,4.50
2010.11.04 16:51:20.254,1.00273,1.00287,1.50,2.50
2010.11.04 16:51:22.322,1.00272,1.00286,1.50,2.50
2010.11.04 16:51:24.384,1.00264,1.0028,1.50,2.30
2010.11.04 16:51:26.465,1.00263,1.00277,1.50,2.50
2010.11.04 16:51:28.668,1.00264,1.00279,1.50,2.50
2010.11.04 16:51:30.675,1.00266,1.00283,1.50,2.50
2010.11.04 16:51:32.730,1.00266,1.00283,1.50,2.50
2010.11.04 16:51:34.737,1.00266,1.00278,1.50,1.50
2010.11.04 16:51:36.734,1.00265,1.00279,1.50,2.50
2010.11.04 16:51:38.930,1.00262,1.00278,1.50,1.20
2010.11.04 16:51:41.005,1.00259,1.00275,4.20,2.50
2010.11.04 16:51:43.015,1.00258,1.00274,3.00,2.50
2010.11.04 16:51:45.304,1.00258,1.00274,3.00,2.50
2010.11.04 16:51:47.331,1.00257,1.00271,1.50,1.50
2010.11.04 16:51:49.425,1.00257,1.00273,1.50,7.00
2010.11.04 16:51:51.433,1.00257,1.00271,1.50,1.50
2010.11.04 16:51:53.514,1.00257,1.00274,1.50,2.50
2010.11.04 16:51:55.556,1.00264,1.00278,2.70,2.50
2010.11.04 16:51:57.671,1.00265,1.0028,1.50,2.50
2010.11.04 16:51:59.712,1.00262,1.00277,3.00,2.80
2010.11.04 16:52:01.753,1.00265,1.00281,1.50,4.00
2010.11.04 16:52:03.938,1.00265,1.00281,1.50,4.00
2010.11.04 16:52:06.325,1.00265,1.00281,1.50,4.00
2010.11.04 16:52:08.393,1.00264,1.0028,1.50,2.50
2010.11.04 16:52:10.434,1.00264,1.0028,1.50,2.50
2010.11.04 16:52:12.499,1.00264,1.0028,1.50,2.50
2010.11.04 16:52:14.557,1.00264,1.00279,1.50,3.20
2010.11.04 16:52:16.583,1.00264,1.0028,1.50,2.50
2010.11.04 16:52:18.597,1.00261,1.00279,3.00,7.00
2010.11.04 16:52:20.939,1.00261,1.00279,3.00,2.50
2010.11.04 16:52:23.036,1.00263,1.0028,1.50,2.50
2010.11.04 16:52:25.400,1.0026,1.00278,5.30,2.50
2010.11.04 16:52:27.444,1.00258,1.00269,1.50,1.50
2010.11.04 16:52:29.552,1.00258,1.00275,1.50,5.60
2010.11.04 16:52:31.621,1.00258,1.00275,1.50,5.60
2010.11.04 16:52:33.665,1.00258,1.00275,1.50,5.60
2010.11.04 16:52:35.694,1.00258,1.00275,1.50,5.60
2010.11.04 16:52:37.784,1.00253,1.00269,2.30,4.50
2010.11.04 16:52:39.821,1.00253,1.00269,1.50,4.70
2010.11.04 16:52:41.896,1.00253,1.00269,1.50,2.50
2010.11.04 16:52:44.083,1.00253,1.00268,1.50,2.50
2010.11.04 16:52:46.113,1.00253,1.00266,1.50,1.70
2010.11.04 16:52:48.220,1.0025,1.00268,3.00,2.50
2010.11.04 16:52:50.218,1.00255,1.0027,1.50,2.30
2010.11.04 16:52:52.009,1.00249,1.00264,3.00,2.50
2010.11.04 16:52:54.026,1.00252,1.00269,1.50,2.50
2010.11.04 16:52:56.093,1.00252,1.00269,1.50,2.50
2010.11.04 16:52:58.194,1.00252,1.00269,1.50,2.50
2010.11.04 16:52:58.660,1.00259,1.00277,7.50,2.50
2010.11.04 16:52:59.221,1.00264,1.00279,1.50,2.30
2010.11.04 16:53:01.578,1.00271,1.00286,1.50,1.50
2010.11.04 16:53:03.650,1.00271,1.00285,1.50,1.50
2010.11.04 16:53:05.686,1.00275,1.00288,1.50,1.50
2010.11.04 16:53:07.751,1.0027,1.00287,3.00,2.50
2010.11.04 16:53:09.853,1.0027,1.00282,1.50,3.20
2010.11.04 16:53:11.918,1.00268,1.00281,1.50,2.50
2010.11.04 16:53:13.929,1.00267,1.00283,1.50,2.50
2010.11.04 16:53:16.154,1.00269,1.00284,5.70,2.50
2010.11.04 16:53:18.171,1.00269,1.00285,5.30,2.50
2010.11.04 16:53:20.395,1.00267,1.00281,1.50,1.70
2010.11.04 16:53:22.478,1.00267,1.00283,1.50,2.50
2010.11.04 16:53:24.477,1.0027,1.00285,1.50,2.50
2010.11.04 16:53:26.524,1.0027,1.00285,1.50,2.50
2010.11.04 16:53:28.545,1.0027,1.00285,1.50,2.50
2010.11.04 16:53:30.616,1.0027,1.00283,1.50,1.50
2010.11.04 16:53:32.657,1.0027,1.00283,1.50,1.50
2010.11.04 16:53:34.741,1.0027,1.00283,1.50,1.50
2010.11.04 16:53:36.817,1.00267,1.00283,1.50,2.30
2010.11.04 16:53:39.016,1.00267,1.00283,1.50,2.30
2010.11.04 16:53:41.081,1.00267,1.00283,1.50,2.30
2010.11.04 16:53:43.216,1.00265,1.00281,3.10,2.50
2010.11.04 16:53:45.234,1.00264,1.00279,1.60,6.00
2010.11.04 16:53:47.399,1.00263,1.00278,1.50,2.50
2010.11.04 16:53:48.392,1.00262,1.00279,1.50,2.50
2010.11.04 16:53:50.510,1.00254,1.0027,1.50,2.50
2010.11.04 16:53:52.572,1.00254,1.00271,1.50,4.50
2010.11.04 16:53:54.797,1.00254,1.00271,1.50,4.50
2010.11.04 16:53:56.812,1.00254,1.00271,1.50,4.50
2010.11.04 16:53:59.239,1.0026,1.00275,1.50,5.50
2010.11.04 16:54:01.280,1.00258,1.00275,1.50,5.50
2010.11.04 16:54:03.273,1.00258,1.00275,1.50,5.50
2010.11.04 16:54:05.378,1.00258,1.00275,1.50,5.50
2010.11.04 16:54:07.707,1.00258,1.00275,1.50,5.50
2010.11.04 16:54:09.706,1.00253,1.00271,1.90,6.00
2010.11.04 16:54:11.877,1.00257,1.00275,1.50,3.20
2010.11.04 16:54:13.940,1.00257,1.00271,1.50,3.80
2010.11.04 16:54:16.181,1.00264,1.00276,1.50,2.30
2010.11.04 16:54:18.163,1.00261,1.00279,1.50,4.70
2010.11.04 16:54:20.204,1.00264,1.00282,2.30,2.50
2010.11.04 16:54:22.517,1.00264,1.00282,2.30,2.50
2010.11.04 16:54:24.594,1.00262,1.00278,1.50,2.50
2010.11.04 16:54:26.643,1.00262,1.00278,1.50,2.50
2010.11.04 16:54:28.681,1.00261,1.00275,1.50,5.50
2010.11.04 16:54:30.962,1.00259,1.00275,1.50,5.50
2010.11.04 16:54:32.965,1.00262,1.00279,3.00,5.50
2010.11.04 16:54:35.078,1.00262,1.00279,3.00,5.50
2010.11.04 16:54:37.116,1.00253,1.00271,7.50,4.70
2010.11.04 16:54:39.185,1.00258,1.00275,1.50,3.30
2010.11.04 16:54:41.284,1.00258,1.00275,1.50,3.20
2010.11.04 16:54:43.382,1.00258,1.00275,1.50,3.20
2010.11.04 16:54:45.402,1.00262,1.00279,2.30,5.50
2010.11.04 16:54:47.452,1.00264,1.00279,1.50,3.20
2010.11.04 16:54:49.464,1.00263,1.00279,1.50,3.20
2010.11.04 16:54:51.565,1.00264,1.00281,1.50,2.50
2010.11.04 16:54:53.661,1.00264,1.00281,1.50,2.50
2010.11.04 16:54:55.665,1.00264,1.00281,1.50,2.60
2010.11.04 16:54:57.782,1.00261,1.00279,1.50,4.70
2010.11.04 16:54:59.976,1.00263,1.00281,2.30,2.50
2010.11.04 16:55:02.301,1.00262,1.00279,1.50,7.00
2010.11.04 16:55:04.405,1.00262,1.00279,1.50,7.00
2010.11.04 16:55:06.709,1.00262,1.00279,1.50,7.00
2010.11.04 16:55:08.713,1.00262,1.00281,3.00,4.00
2010.11.04 16:55:10.955,1.00262,1.00281,3.00,4.00
2010.11.04 16:55:12.982,1.00262,1.00281,3.00,4.00
2010.11.04 16:55:15.252,1.00262,1.00281,3.00,4.00
2010.11.04 16:55:17.251,1.00262,1.00281,3.00,4.00
2010.11.04 16:55:19.357,1.00262,1.00279,3.00,3.20
2010.11.04 16:55:21.373,1.00263,1.00279,1.50,3.20
2010.11.04 16:55:23.643,1.00263,1.00279,3.00,3.20
2010.11.04 16:55:25.686,1.00263,1.00279,1.50,3.20
2010.11.04 16:55:29.779,1.00261,1.00278,1.50,2.50
2010.11.04 16:55:31.894,1.00261,1.00278,1.50,2.50
2010.11.04 16:55:33.896,1.00263,1.00277,1.50,5.70
2010.11.04 16:55:35.954,1.00264,1.00279,1.50,7.00
2010.11.04 16:55:38.310,1.00261,1.00278,1.50,2.50
2010.11.04 16:55:40.303,1.00261,1.00278,1.50,1.10
2010.11.04 16:55:42.403,1.00261,1.00278,1.50,1.10
2010.11.04 16:55:43.608,1.0027,1.00279,1.50,4.50
2010.11.04 16:55:45.620,1.00274,1.00289,1.50,4.70
2010.11.04 16:55:47.679,1.00274,1.00289,1.50,4.70
2010.11.04 16:55:49.762,1.00276,1.00292,1.50,2.50
2010.11.04 16:55:51.841,1.00276,1.00292,1.50,2.50
2010.11.04 16:55:54.053,1.00276,1.00292,1.50,2.50
2010.11.04 16:55:56.094,1.00276,1.00292,1.50,2.50
2010.11.04 16:55:56.877,1.0027,1.00285,1.50,1.70
2010.11.04 16:55:57.584,1.00262,1.0028,2.30,2.50
2010.11.04 16:55:59.684,1.00262,1.00278,2.30,2.50
2010.11.04 16:56:01.763,1.00259,1.00271,1.50,1.70
2010.11.04 16:56:03.803,1.00257,1.00271,3.00,1.70
2010.11.04 16:56:05.852,1.00254,1.00271,2.30,2.50
2010.11.04 16:56:07.909,1.00252,1.00268,3.00,1.10
2010.11.04 16:56:09.986,1.00252,1.00268,3.00,1.10
2010.11.04 16:56:12.249,1.00252,1.00268,3.00,1.10
2010.11.04 16:56:14.374,1.00253,1.00268,1.50,1.10
2010.11.04 16:56:16.434,1.00253,1.00268,1.50,1.10
2010.11.04 16:56:18.713,1.00257,1.00271,3.00,2.60
2010.11.04 16:56:20.770,1.00258,1.00271,1.50,4.00
2010.11.04 16:56:22.990,1.00256,1.00271,1.50,4.90
2010.11.04 16:56:25.024,1.00256,1.00271,1.50,4.90
2010.11.04 16:56:27.068,1.00256,1.00271,1.50,4.90
2010.11.04 16:56:29.096,1.00254,1.0027,3.00,1.10
2010.11.04 16:56:31.203,1.00253,1.00268,1.50,1.10
2010.11.04 16:56:33.381,1.00253,1.00268,1.50,1.10
2010.11.04 16:56:35.392,1.00253,1.00268,1.50,1.10
2010.11.04 16:56:37.412,1.00253,1.00269,1.50,3.20
2010.11.04 16:56:39.457,1.00252,1.00261,3.00,1.70
2010.11.04 16:56:41.538,1.00247,1.0026,1.50,1.10
2010.11.04 16:56:43.566,1.0025,1.00266,3.00,3.40
2010.11.04 16:56:43.915,1.00251,1.00258,2.30,1.40
2010.11.04 16:56:45.978,1.00248,1.00265,1.50,5.10
2010.11.04 16:56:48.076,1.00254,1.00269,1.50,5.50
2010.11.04 16:56:50.085,1.00252,1.00269,1.50,5.50
2010.11.04 16:56:52.198,1.00252,1.00269,1.50,5.50
2010.11.04 16:56:54.284,1.00252,1.00269,3.00,5.50
2010.11.04 16:56:56.349,1.00254,1.00269,3.00,5.50
2010.11.04 16:56:58.476,1.00254,1.00269,3.00,5.50
2010.11.04 16:57:00.554,1.00254,1.00269,1.50,5.50
2010.11.04 16:57:02.585,1.00254,1.00269,1.50,5.50
2010.11.04 16:57:04.788,1.00254,1.00269,1.50,5.50
2010.11.04 16:57:06.893,1.00254,1.00269,1.50,5.50
2010.11.04 16:57:08.975,1.00254,1.00269,1.50,5.50
2010.11.04 16:57:11.035,1.00254,1.00269,1.50,5.50
2010.11.04 16:57:13.044,1.00254,1.00269,1.50,5.50
2010.11.04 16:57:15.463,1.00254,1.00269,1.50,5.50
2010.11.04 16:57:17.223,1.00254,1.00269,1.50,5.50
2010.11.04 16:57:19.253,1.00254,1.00269,1.50,5.50
2010.11.04 16:57:21.314,1.00254,1.00269,1.50,5.50
2010.11.04 16:57:23.508,1.00254,1.00269,1.50,5.50
2010.11.04 16:57:25.840,1.00252,1.00269,1.50,5.50
2010.11.04 16:57:27.856,1.00252,1.00269,1.50,5.50
2010.11.04 16:57:29.856,1.00253,1.00269,1.50,5.50
2010.11.04 16:57:32.260,1.00253,1.00269,1.50,5.50
2010.11.04 16:57:34.183,1.00253,1.00269,1.50,5.50
2010.11.04 16:57:35.627,1.00265,1.00272,1.50,2.30
2010.11.04 16:57:36.291,1.00266,1.00281,2.30,2.50
2010.11.04 16:57:38.339,1.00259,1.00272,1.50,2.90
2010.11.04 16:57:40.481,1.00261,1.00279,3.00,4.70
2010.11.04 16:57:42.520,1.00262,1.0028,2.30,1.10
2010.11.04 16:57:44.574,1.00264,1.0028,1.50,1.10
2010.11.04 16:57:46.592,1.00264,1.0028,1.50,1.10
2010.11.04 16:57:48.202,1.00263,1.00278,1.50,3.30
2010.11.04 16:57:50.256,1.00257,1.00271,1.50,4.00
2010.11.04 16:57:52.486,1.00256,1.00271,3.00,4.70
2010.11.04 16:57:54.506,1.00256,1.00271,1.50,4.70
2010.11.04 16:57:56.678,1.00254,1.00271,1.50,4.90
2010.11.04 16:57:58.755,1.00254,1.00271,3.00,4.90
2010.11.04 16:58:01.034,1.00254,1.0027,1.50,1.10
2010.11.04 16:58:03.381,1.00254,1.0027,1.50,1.10
2010.11.04 16:58:05.479,1.00254,1.00269,1.50,5.50
2010.11.04 16:58:07.518,1.00254,1.00269,1.50,5.50
2010.11.04 16:58:09.741,1.00254,1.00269,1.50,5.50
2010.11.04 16:58:11.759,1.00254,1.00269,1.50,5.50
2010.11.04 16:58:13.504,1.00263,1.0028,3.00,1.10
2010.11.04 16:58:15.614,1.00261,1.0028,4.50,2.60
2010.11.04 16:58:17.628,1.00261,1.00279,3.00,4.70
2010.11.04 16:58:19.917,1.00255,1.0027,1.50,1.10
2010.11.04 16:58:21.984,1.00255,1.0027,1.50,1.10
2010.11.04 16:58:24.103,1.00255,1.00271,1.50,2.60
2010.11.04 16:58:26.097,1.00261,1.00278,2.30,2.50
2010.11.04 16:58:28.245,1.0026,1.00278,1.50,3.60
2010.11.04 16:58:30.245,1.0026,1.00275,1.50,1.10
2010.11.04 16:58:32.290,1.00259,1.00275,3.00,1.10
2010.11.04 16:58:34.316,1.00259,1.00275,3.00,1.10
2010.11.04 16:58:36.433,1.00259,1.00275,3.00,1.10
2010.11.04 16:58:38.533,1.00256,1.00269,3.00,2.30
2010.11.04 16:58:40.574,1.00252,1.00269,4.50,3.20
2010.11.04 16:58:42.627,1.00253,1.00269,1.50,3.20
2010.11.04 16:58:44.721,1.00255,1.00269,1.50,3.20
2010.11.04 16:58:46.747,1.00251,1.00266,2.30,3.40
2010.11.04 16:58:47.857,1.00251,1.00259,3.00,1.70
2010.11.04 16:58:49.964,1.00249,1.00264,1.50,1.30
2010.11.04 16:58:51.985,1.00246,1.0026,1.50,1.10
2010.11.04 16:58:54.346,1.00252,1.00264,1.50,1.30
2010.11.04 16:58:56.682,1.00252,1.00264,1.50,1.30
2010.11.04 16:58:58.772,1.00252,1.00264,1.50,1.30
2010.11.04 16:59:00.807,1.00254,1.00269,1.50,3.40
2010.11.04 16:59:03.036,1.00254,1.00269,1.50,3.20
2010.11.04 16:59:05.425,1.00255,1.00269,1.50,3.20
2010.11.04 16:59:07.546,1.00255,1.00269,1.50,3.20
2010.11.04 16:59:09.603,1.00253,1.00269,1.50,3.40
2010.11.04 16:59:11.935,1.00255,1.00274,1.50,7.00
2010.11.04 16:59:14.308,1.00256,1.00274,1.50,5.50
2010.11.04 16:59:16.101,1.00256,1.00274,1.50,5.50
2010.11.04 16:59:18.155,1.00256,1.00274,1.50,5.50
2010.11.04 16:59:20.242,1.00256,1.00274,1.50,5.50
2010.11.04 16:59:21.833,1.00266,1.00277,1.50,2.30
2010.11.04 16:59:24.146,1.00268,1.00285,1.50,3.40
2010.11.04 16:59:26.146,1.00266,1.0028,3.00,1.10
2010.11.04 16:59:28.395,1.00267,1.0028,1.50,1.10
2010.11.04 16:59:30.410,1.00267,1.00285,1.50,3.40
2010.11.04 16:59:32.483,1.00267,1.00285,1.50,3.40
2010.11.04 16:59:34.632,1.00267,1.00285,1.50,3.80
2010.11.04 16:59:36.702,1.00267,1.00285,1.50,3.40
2010.11.04 16:59:38.768,1.00267,1.00285,1.50,3.40
2010.11.04 16:59:40.843,1.00267,1.00285,1.50,3.40
2010.11.04 16:59:43.014,1.00267,1.00285,1.50,3.40
2010.11.04 16:59:45.130,1.00267,1.00285,1.50,3.40
2010.11.04 16:59:47.223,1.00267,1.00285,3.00,3.40
2010.11.04 16:59:49.245,1.00267,1.00282,1.50,5.80
2010.11.04 16:59:51.273,1.00259,1.00275,1.50,1.10
2010.11.04 16:59:53.316,1.00259,1.00275,1.50,1.10
2010.11.04 16:59:55.393,1.00259,1.00272,1.50,1.30
2010.11.04 16:59:57.575,1.00259,1.00274,1.50,1.10
2010.11.04 16:59:59.628,1.00251,1.00264,1.50,1.10
