2010.11.30 14:00:00.532,1.02794,1.02817,1.20,2.70
2010.11.30 14:00:00.652,1.02796,1.02817,2.60,2.30
2010.11.30 14:00:01.692,1.02798,1.02822,2.40,2.70
2010.11.30 14:00:01.835,1.02804,1.02824,2.40,1.30
2010.11.30 14:00:01.948,1.02802,1.02822,1.70,2.70
2010.11.30 14:00:02.533,1.02802,1.02822,1.70,2.70
2010.11.30 14:00:03.727,1.02802,1.02822,1.70,2.70
2010.11.30 14:00:03.837,1.02804,1.02825,2.40,2.30
2010.11.30 14:00:03.949,1.02804,1.02825,2.50,1.70
2010.11.30 14:00:04.183,1.02804,1.02825,2.50,1.20
2010.11.30 14:00:04.325,1.02802,1.02822,1.70,2.70
2010.11.30 14:00:04.439,1.02804,1.02825,2.50,2.30
2010.11.30 14:00:05.997,1.02804,1.02826,2.40,2.70
2010.11.30 14:00:07.444,1.02804,1.02826,2.60,2.70
2010.11.30 14:00:07.783,1.02809,1.02828,3.00,1.50
2010.11.30 14:00:08.124,1.02809,1.02828,2.40,1.50
2010.11.30 14:00:08.346,1.02809,1.0283,2.40,1.90
2010.11.30 14:00:09.928,1.02809,1.0283,2.70,1.90
2010.11.30 14:00:10.257,1.02806,1.02827,1.60,2.50
2010.11.30 14:00:10.730,1.02806,1.02827,1.90,2.50
2010.11.30 14:00:11.286,1.02806,1.02827,1.80,2.50
2010.11.30 14:00:11.975,1.02807,1.02827,2.70,2.30
2010.11.30 14:00:12.547,1.02819,1.02841,2.30,4.80
2010.11.30 14:00:12.767,1.02819,1.02836,2.30,1.20
2010.11.30 14:00:13.033,1.02814,1.02832,1.50,2.50
2010.11.30 14:00:16.207,1.02814,1.02832,1.50,3.00
2010.11.30 14:00:17.773,1.02814,1.02834,3.90,1.30
2010.11.30 14:00:18.466,1.02818,1.02836,1.10,3.60
2010.11.30 14:00:18.705,1.02823,1.02836,1.40,2.80
2010.11.30 14:00:18.979,1.02819,1.02837,3.80,2.10
2010.11.30 14:00:19.973,1.02819,1.02835,2.30,1.30
2010.11.30 14:00:20.284,1.02816,1.02835,1.50,2.10
2010.11.30 14:00:20.432,1.02814,1.02831,1.50,2.80
2010.11.30 14:00:21.094,1.02813,1.02831,1.50,2.80
2010.11.30 14:00:21.654,1.0281,1.0283,1.50,1.30
2010.11.30 14:00:22.491,1.0281,1.02828,1.50,1.70
2010.11.30 14:00:22.927,1.02809,1.02826,1.50,2.80
2010.11.30 14:00:23.830,1.0281,1.02826,1.50,2.30
2010.11.30 14:00:23.948,1.0281,1.02829,1.50,2.10
2010.11.30 14:00:24.579,1.02811,1.02831,1.50,2.80
2010.11.30 14:00:25.414,1.02813,1.02832,1.50,4.70
2010.11.30 14:00:26.222,1.02815,1.02835,1.50,1.30
2010.11.30 14:00:27.779,1.02817,1.02836,1.90,2.80
2010.11.30 14:00:32.761,1.0282,1.02837,1.20,3.60
2010.11.30 14:00:33.688,1.02823,1.02837,1.10,3.60
2010.11.30 14:00:34.141,1.02823,1.02837,1.10,2.80
2010.11.30 14:00:34.952,1.02822,1.02836,1.50,2.30
2010.11.30 14:00:35.070,1.02824,1.02839,3.80,1.30
2010.11.30 14:00:35.187,1.02824,1.02842,3.00,1.30
2010.11.30 14:00:35.856,1.02824,1.0284,3.00,1.30
2010.11.30 14:00:36.530,1.02823,1.0284,3.60,1.30
2010.11.30 14:00:37.261,1.02824,1.0284,1.20,1.30
2010.11.30 14:00:38.739,1.02823,1.0284,2.20,1.30
2010.11.30 14:00:39.173,1.02822,1.02834,1.50,1.40
2010.11.30 14:00:39.325,1.02818,1.02834,1.50,3.60
2010.11.30 14:00:40.733,1.02817,1.02832,2.30,4.20
2010.11.30 14:00:41.701,1.02822,1.02832,1.20,3.80
2010.11.30 14:00:41.819,1.02824,1.02837,4.50,1.20
2010.11.30 14:00:41.942,1.02825,1.02843,2.30,1.70
2010.11.30 14:00:42.172,1.02825,1.02841,1.50,1.70
2010.11.30 14:00:42.492,1.02825,1.02836,3.00,2.30
2010.11.30 14:00:43.244,1.02825,1.02836,2.30,2.10
2010.11.30 14:00:43.364,1.02825,1.02832,1.50,2.30
2010.11.30 14:00:43.763,1.02825,1.02839,2.50,2.10
2010.11.30 14:00:44.284,1.02836,1.02846,1.50,2.30
2010.11.30 14:00:44.401,1.02837,1.02846,3.00,2.30
2010.11.30 14:00:45.892,1.02839,1.02852,3.00,1.50
2010.11.30 14:00:46.008,1.02839,1.02859,3.00,1.30
2010.11.30 14:00:46.120,1.0284,1.02855,1.50,1.20
2010.11.30 14:00:46.347,1.02839,1.02851,2.30,1.90
2010.11.30 14:00:46.470,1.02834,1.02847,3.80,2.30
2010.11.30 14:00:46.826,1.02837,1.02852,2.30,2.70
2010.11.30 14:00:47.768,1.02835,1.02852,1.50,4.70
2010.11.30 14:00:48.131,1.02833,1.02846,2.40,2.30
2010.11.30 14:00:48.247,1.02829,1.02846,3.20,2.80
2010.11.30 14:00:48.691,1.02828,1.02846,2.30,2.80
2010.11.30 14:00:49.101,1.02826,1.02841,2.30,2.80
2010.11.30 14:00:50.408,1.02827,1.02841,1.50,2.80
2010.11.30 14:00:50.809,1.02834,1.02846,2.10,3.00
2010.11.30 14:00:51.230,1.02834,1.02849,4.40,2.10
2010.11.30 14:00:51.403,1.02836,1.02853,2.30,1.30
2010.11.30 14:00:51.522,1.02836,1.02855,2.30,1.30
2010.11.30 14:00:52.648,1.02837,1.02856,2.30,3.60
2010.11.30 14:00:53.275,1.02837,1.02852,1.50,4.00
2010.11.30 14:00:53.386,1.02835,1.02852,2.60,4.00
2010.11.30 14:00:53.504,1.02838,1.02852,1.50,4.00
2010.11.30 14:00:53.887,1.02846,1.02857,1.20,1.50
2010.11.30 14:00:54.010,1.02845,1.02864,1.50,1.30
2010.11.30 14:00:54.128,1.02842,1.02866,2.30,3.60
2010.11.30 14:00:54.476,1.02841,1.02865,3.00,1.30
2010.11.30 14:00:55.510,1.02846,1.02861,3.00,2.30
2010.11.30 14:00:57.126,1.02846,1.02864,3.00,1.90
2010.11.30 14:00:58.436,1.02846,1.02865,3.00,2.80
2010.11.30 14:00:58.772,1.02847,1.02856,1.50,2.30
2010.11.30 14:00:59.140,1.02843,1.02861,2.30,2.80
2010.11.30 14:00:59.368,1.02843,1.02861,2.40,2.80
2010.11.30 14:01:00.811,1.02844,1.02861,1.70,4.00
2010.11.30 14:01:01.482,1.02844,1.02861,3.20,2.30
2010.11.30 14:01:01.600,1.02848,1.02864,1.50,1.30
2010.11.30 14:01:01.716,1.02848,1.02865,1.50,1.30
2010.11.30 14:01:01.826,1.0285,1.02865,1.50,1.30
2010.11.30 14:01:02.532,1.02848,1.02868,5.30,2.80
2010.11.30 14:01:03.218,1.0285,1.02866,2.40,2.80
2010.11.30 14:01:04.481,1.02855,1.02869,2.30,1.30
2010.11.30 14:01:04.834,1.02853,1.02869,2.30,1.30
2010.11.30 14:01:05.277,1.02852,1.02869,2.30,1.30
2010.11.30 14:01:06.798,1.02853,1.02869,2.30,1.30
2010.11.30 14:01:07.477,1.02855,1.02869,2.30,1.30
2010.11.30 14:01:07.586,1.02855,1.02872,3.00,1.30
2010.11.30 14:01:09.395,1.02855,1.02872,3.00,1.30
2010.11.30 14:01:10.789,1.02855,1.02864,2.30,1.20
2010.11.30 14:01:10.913,1.02846,1.02863,1.60,1.30
2010.11.30 14:01:11.247,1.02844,1.02863,1.50,3.20
2010.11.30 14:01:11.672,1.02844,1.02857,1.20,1.70
2010.11.30 14:01:12.831,1.02845,1.02854,1.20,1.30
2010.11.30 14:01:13.373,1.02845,1.02861,1.20,2.10
2010.11.30 14:01:14.135,1.02844,1.02864,1.90,2.50
2010.11.30 14:01:14.360,1.02845,1.02865,1.50,2.80
2010.11.30 14:01:14.904,1.02838,1.02849,19.10,1.20
2010.11.30 14:01:15.018,1.0284,1.02849,5.30,1.70
2010.11.30 14:01:15.444,1.02826,1.02844,1.50,2.30
2010.11.30 14:01:15.564,1.02828,1.02851,1.40,1.90
2010.11.30 14:01:15.683,1.02828,1.02854,1.40,2.30
2010.11.30 14:01:16.113,1.02829,1.02851,2.10,1.50
2010.11.30 14:01:16.436,1.0283,1.02848,1.50,1.50
2010.11.30 14:01:17.023,1.02835,1.02845,1.50,2.10
2010.11.30 14:01:17.250,1.02818,1.02836,3.80,1.30
2010.11.30 14:01:17.597,1.02829,1.02836,1.50,1.30
2010.11.30 14:01:17.713,1.02819,1.02833,1.50,3.60
2010.11.30 14:01:17.940,1.02819,1.02831,1.50,1.30
2010.11.30 14:01:18.639,1.02813,1.02831,2.30,1.30
2010.11.30 14:01:21.309,1.02813,1.02831,2.40,3.60
2010.11.30 14:01:21.914,1.02823,1.02836,1.30,2.80
2010.11.30 14:01:22.136,1.02825,1.02839,1.50,1.50
2010.11.30 14:01:22.693,1.0283,1.02839,1.50,1.50
2010.11.30 14:01:22.816,1.02833,1.02848,2.40,1.50
2010.11.30 14:01:22.929,1.02835,1.02847,1.50,1.50
2010.11.30 14:01:23.502,1.02837,1.02853,1.50,1.50
2010.11.30 14:01:23.618,1.02837,1.02852,1.50,11.30
2010.11.30 14:01:23.729,1.02829,1.02847,3.00,1.30
2010.11.30 14:01:24.155,1.02829,1.02845,1.50,1.20
2010.11.30 14:01:24.389,1.02823,1.02837,1.30,2.80
2010.11.30 14:01:24.626,1.02821,1.02839,1.10,1.30
2010.11.30 14:01:24.850,1.02824,1.0284,1.10,2.10
2010.11.30 14:01:25.224,1.02817,1.02834,1.10,1.30
2010.11.30 14:01:27.353,1.0282,1.02836,1.50,5.10
2010.11.30 14:01:32.841,1.02817,1.02834,2.30,1.30
2010.11.30 14:01:33.090,1.02814,1.02826,3.00,2.30
2010.11.30 14:01:33.494,1.02812,1.02829,1.90,2.50
2010.11.30 14:01:34.965,1.02811,1.02821,1.20,1.90
2010.11.30 14:01:35.287,1.0281,1.02816,1.50,1.50
2010.11.30 14:01:35.408,1.02797,1.02816,1.50,1.30
2010.11.30 14:01:36.923,1.02797,1.02815,1.50,2.10
2010.11.30 14:01:37.582,1.02797,1.02817,1.50,4.50
2010.11.30 14:01:38.280,1.02799,1.02817,1.50,5.10
2010.11.30 14:01:39.917,1.02799,1.0281,1.50,1.40
2010.11.30 14:01:40.271,1.02772,1.02798,1.80,1.30
2010.11.30 14:01:40.792,1.02775,1.02801,1.90,2.30
2010.11.30 14:01:40.939,1.02781,1.02804,1.50,1.50
2010.11.30 14:01:41.648,1.02785,1.028,1.50,1.50
2010.11.30 14:01:42.242,1.02785,1.02796,1.50,2.30
2010.11.30 14:01:42.368,1.02783,1.02796,1.50,2.30
2010.11.30 14:01:42.491,1.0278,1.02796,2.70,2.80
2010.11.30 14:01:42.907,1.0278,1.02794,2.30,1.70
2010.11.30 14:01:43.137,1.02772,1.02787,1.90,2.10
2010.11.30 14:01:43.249,1.02772,1.02787,2.70,1.50
2010.11.30 14:01:43.702,1.02773,1.02789,1.50,1.50
2010.11.30 14:01:44.039,1.02778,1.02789,2.30,1.50
2010.11.30 14:01:44.147,1.0278,1.02797,1.50,2.10
2010.11.30 14:01:44.974,1.02782,1.02799,1.50,1.50
2010.11.30 14:01:45.099,1.02785,1.02799,1.60,1.50
2010.11.30 14:01:45.443,1.02788,1.02802,2.30,2.30
2010.11.30 14:01:45.565,1.02791,1.02807,1.90,5.30
2010.11.30 14:01:46.537,1.02792,1.02806,1.50,1.50
2010.11.30 14:01:47.330,1.02786,1.02801,1.50,1.30
2010.11.30 14:01:47.777,1.02786,1.028,1.50,1.30
2010.11.30 14:01:47.886,1.02784,1.028,2.30,1.30
2010.11.30 14:01:48.547,1.02784,1.02803,2.30,1.30
2010.11.30 14:01:49.214,1.02786,1.02803,1.90,1.30
2010.11.30 14:01:49.333,1.0279,1.02805,1.20,1.30
2010.11.30 14:01:49.449,1.02789,1.02805,1.50,2.10
2010.11.30 14:01:49.571,1.02791,1.02805,1.20,1.50
2010.11.30 14:01:50.112,1.02794,1.02807,1.50,1.50
2010.11.30 14:01:50.237,1.02797,1.02807,1.50,1.50
2010.11.30 14:01:51.276,1.02787,1.02806,3.00,2.80
2010.11.30 14:01:51.390,1.02787,1.02806,3.00,2.80
2010.11.30 14:01:52.456,1.02791,1.02806,1.50,2.30
2010.11.30 14:01:53.167,1.02787,1.02806,3.00,2.70
2010.11.30 14:01:53.280,1.02785,1.02802,2.30,3.60
2010.11.30 14:01:53.616,1.02786,1.02802,3.00,2.80
2010.11.30 14:01:54.068,1.0279,1.02805,1.50,1.50
2010.11.30 14:01:54.286,1.02792,1.02807,1.50,3.80
2010.11.30 14:01:56.528,1.02792,1.02806,1.50,1.50
2010.11.30 14:01:56.858,1.02793,1.02808,1.50,1.90
2010.11.30 14:01:57.177,1.02793,1.02808,1.50,1.90
2010.11.30 14:01:57.293,1.02789,1.02807,1.50,2.70
2010.11.30 14:01:57.407,1.02789,1.02801,1.50,1.90
2010.11.30 14:01:57.521,1.02779,1.02799,1.50,1.70
2010.11.30 14:01:57.859,1.0278,1.02795,1.90,1.50
2010.11.30 14:01:58.091,1.02781,1.02795,1.50,2.10
2010.11.30 14:01:59.721,1.0278,1.02798,2.30,2.80
2010.11.30 14:01:59.846,1.02786,1.02798,1.20,2.10
2010.11.30 14:02:00.215,1.02781,1.02797,1.50,1.30
2010.11.30 14:02:00.336,1.02774,1.02789,2.30,1.30
2010.11.30 14:02:00.450,1.02775,1.02795,1.50,1.30
2010.11.30 14:02:02.541,1.02779,1.02795,2.30,1.30
2010.11.30 14:02:02.887,1.02779,1.02797,3.00,2.10
2010.11.30 14:02:03.108,1.0278,1.02798,1.50,2.10
2010.11.30 14:02:06.444,1.0278,1.02795,1.50,2.30
2010.11.30 14:02:07.030,1.02779,1.02795,1.50,2.30
2010.11.30 14:02:07.148,1.02779,1.02785,1.50,2.30
2010.11.30 14:02:07.489,1.02765,1.02785,2.30,2.30
2010.11.30 14:02:07.943,1.02775,1.02795,1.90,1.40
2010.11.30 14:02:08.061,1.02776,1.02798,2.70,1.30
2010.11.30 14:02:08.743,1.02774,1.02791,3.00,2.30
2010.11.30 14:02:09.272,1.02775,1.02791,1.20,1.30
2010.11.30 14:02:09.390,1.02777,1.02796,2.30,1.70
2010.11.30 14:02:09.655,1.02777,1.0279,1.50,2.30
2010.11.30 14:02:09.821,1.02774,1.0279,1.50,2.30
2010.11.30 14:02:10.585,1.02774,1.02792,3.00,1.30
2010.11.30 14:02:10.700,1.02776,1.02792,4.20,1.30
2010.11.30 14:02:12.503,1.02779,1.02797,1.50,1.30
2010.11.30 14:02:15.548,1.02778,1.02796,1.20,1.30
2010.11.30 14:02:17.488,1.02776,1.02793,2.30,1.30
2010.11.30 14:02:18.607,1.0277,1.0279,1.50,3.00
2010.11.30 14:02:18.721,1.0277,1.02788,1.50,1.70
2010.11.30 14:02:18.950,1.02769,1.02785,1.50,2.70
2010.11.30 14:02:19.182,1.02765,1.0278,1.50,2.30
2010.11.30 14:02:19.524,1.02761,1.0278,1.50,2.80
2010.11.30 14:02:20.360,1.02762,1.0278,1.50,3.60
2010.11.30 14:02:21.353,1.02757,1.0277,1.50,2.30
2010.11.30 14:02:21.797,1.02754,1.0277,1.50,2.30
2010.11.30 14:02:22.614,1.02754,1.02772,1.60,1.30
2010.11.30 14:02:22.902,1.02756,1.02773,3.40,1.30
2010.11.30 14:02:23.026,1.02759,1.02774,1.20,1.50
2010.11.30 14:02:23.568,1.02762,1.02781,2.70,3.60
2010.11.30 14:02:26.677,1.02763,1.0278,1.50,2.80
2010.11.30 14:02:27.008,1.02762,1.02774,1.50,1.50
2010.11.30 14:02:27.417,1.02757,1.0277,1.50,2.30
2010.11.30 14:02:31.424,1.02757,1.02775,1.50,3.60
2010.11.30 14:02:32.213,1.02759,1.02777,3.00,1.30
2010.11.30 14:02:33.973,1.02759,1.02779,3.00,1.30
2010.11.30 14:02:34.637,1.02762,1.0278,1.50,3.60
2010.11.30 14:02:35.880,1.02762,1.02776,1.50,2.30
2010.11.30 14:02:36.002,1.0276,1.02778,2.30,1.30
2010.11.30 14:02:39.688,1.02761,1.0278,1.50,2.80
2010.11.30 14:02:40.017,1.02759,1.02775,2.30,2.80
2010.11.30 14:02:40.468,1.02758,1.02775,1.90,3.60
2010.11.30 14:02:40.907,1.02756,1.02773,2.30,1.30
2010.11.30 14:02:45.680,1.02755,1.02766,1.50,2.30
2010.11.30 14:02:45.910,1.02751,1.02766,3.00,2.30
2010.11.30 14:02:46.138,1.02751,1.0277,3.00,2.10
2010.11.30 14:02:51.432,1.02751,1.02768,1.50,1.60
2010.11.30 14:02:51.814,1.02742,1.02751,1.50,2.30
2010.11.30 14:02:52.151,1.02735,1.02751,2.30,2.30
2010.11.30 14:02:52.275,1.02733,1.02746,1.90,2.30
2010.11.30 14:02:52.391,1.02733,1.02749,1.90,1.90
2010.11.30 14:02:52.508,1.02729,1.02749,3.40,1.50
2010.11.30 14:02:52.821,1.02729,1.02751,1.50,3.40
2010.11.30 14:02:52.965,1.02724,1.0274,1.50,2.30
2010.11.30 14:02:53.650,1.02724,1.02735,1.50,3.00
2010.11.30 14:02:53.770,1.02722,1.02735,1.50,4.90
2010.11.30 14:02:53.889,1.02716,1.0273,2.70,2.30
2010.11.30 14:02:54.007,1.02712,1.02729,1.50,1.30
2010.11.30 14:02:54.291,1.02712,1.02729,2.00,1.30
2010.11.30 14:02:54.626,1.02713,1.0273,1.20,2.80
2010.11.30 14:02:55.345,1.02714,1.02731,1.40,1.30
2010.11.30 14:02:55.470,1.02718,1.02735,1.20,1.30
2010.11.30 14:02:56.031,1.02718,1.02735,1.20,1.30
2010.11.30 14:02:56.422,1.02719,1.02736,1.60,2.80
2010.11.30 14:02:56.544,1.02721,1.0274,1.60,2.10
2010.11.30 14:02:56.878,1.02724,1.02741,1.60,3.80
2010.11.30 14:02:56.991,1.02724,1.02738,1.70,1.50
2010.11.30 14:02:57.468,1.02726,1.02741,1.80,1.50
2010.11.30 14:02:57.816,1.02727,1.02743,1.60,3.00
2010.11.30 14:02:58.262,1.02726,1.02735,2.70,2.30
2010.11.30 14:02:58.381,1.02728,1.02745,1.20,1.30
2010.11.30 14:02:58.609,1.02724,1.02741,3.00,2.30
2010.11.30 14:02:58.729,1.02724,1.02741,1.50,2.30
2010.11.30 14:02:59.064,1.02721,1.02739,3.00,1.30
2010.11.30 14:02:59.766,1.02721,1.02736,2.30,3.00
2010.11.30 14:02:59.928,1.02717,1.02736,2.70,3.60
2010.11.30 14:03:00.046,1.02715,1.0273,2.30,2.30
2010.11.30 14:03:01.404,1.02715,1.02725,1.50,2.30
2010.11.30 14:03:01.713,1.02713,1.02725,1.50,2.30
2010.11.30 14:03:01.853,1.02715,1.02731,1.50,5.50
2010.11.30 14:03:04.596,1.0271,1.02726,2.40,3.60
2010.11.30 14:03:04.707,1.02709,1.02726,2.30,3.60
2010.11.30 14:03:07.071,1.02709,1.02726,1.70,2.80
2010.11.30 14:03:07.968,1.02716,1.02734,1.20,1.30
2010.11.30 14:03:09.841,1.02717,1.02736,1.50,2.80
2010.11.30 14:03:11.380,1.02719,1.02736,1.50,2.30
2010.11.30 14:03:11.919,1.02723,1.0274,1.50,4.30
2010.11.30 14:03:12.806,1.02724,1.02743,1.50,2.10
2010.11.30 14:03:13.027,1.02722,1.0274,3.00,3.20
2010.11.30 14:03:13.367,1.02718,1.02735,1.50,2.30
2010.11.30 14:03:16.592,1.02716,1.02731,1.50,2.30
2010.11.30 14:03:17.036,1.02714,1.02731,1.50,2.30
2010.11.30 14:03:17.715,1.02716,1.02735,1.50,4.30
2010.11.30 14:03:18.436,1.02715,1.02734,1.50,4.00
2010.11.30 14:03:19.568,1.02715,1.02734,1.50,2.50
2010.11.30 14:03:23.671,1.02714,1.0273,1.50,2.80
2010.11.30 14:03:26.351,1.02714,1.0273,2.00,2.30
2010.11.30 14:03:33.989,1.02715,1.02734,1.50,2.10
2010.11.30 14:03:35.943,1.02715,1.02725,1.50,2.30
2010.11.30 14:03:36.170,1.02712,1.02725,1.50,2.30
2010.11.30 14:03:36.507,1.0271,1.02725,1.50,2.30
2010.11.30 14:03:37.151,1.0271,1.02729,1.50,2.10
2010.11.30 14:03:37.490,1.02713,1.0273,1.50,4.30
2010.11.30 14:03:38.746,1.02712,1.0273,1.50,2.80
2010.11.30 14:03:38.857,1.02709,1.0273,1.50,3.60
2010.11.30 14:03:38.967,1.02709,1.02727,1.50,1.30
2010.11.30 14:03:41.439,1.0271,1.02728,1.50,1.30
2010.11.30 14:03:41.845,1.0271,1.02729,1.50,2.10
2010.11.30 14:03:41.986,1.02712,1.02729,1.50,2.10
2010.11.30 14:03:42.654,1.02714,1.02732,1.50,1.70
2010.11.30 14:03:45.593,1.02714,1.02733,1.80,1.30
2010.11.30 14:03:46.928,1.02715,1.02725,1.50,2.30
2010.11.30 14:03:47.259,1.02717,1.02732,2.70,2.50
2010.11.30 14:03:47.478,1.02717,1.02735,1.50,1.30
2010.11.30 14:03:47.964,1.02717,1.02731,1.50,1.50
2010.11.30 14:03:49.209,1.02717,1.02735,1.50,1.30
2010.11.30 14:03:59.802,1.02717,1.02731,1.50,2.30
2010.11.30 14:04:04.688,1.02717,1.02735,1.50,6.80
2010.11.30 14:04:05.114,1.02717,1.02729,1.50,1.20
2010.11.30 14:04:05.229,1.02711,1.02725,3.00,2.30
2010.11.30 14:04:06.442,1.02712,1.0273,1.50,3.60
2010.11.30 14:04:07.600,1.02711,1.0273,1.50,2.90
2010.11.30 14:04:08.151,1.02709,1.02726,1.50,2.80
2010.11.30 14:04:11.956,1.02709,1.02725,1.50,1.20
2010.11.30 14:04:12.288,1.02703,1.02721,1.20,1.20
2010.11.30 14:04:12.828,1.02702,1.0272,1.50,3.20
2010.11.30 14:04:12.945,1.02695,1.02714,1.20,1.30
2010.11.30 14:04:15.968,1.02695,1.02714,1.20,3.20
2010.11.30 14:04:16.286,1.02692,1.02707,1.50,2.30
2010.11.30 14:04:16.403,1.02688,1.02707,2.30,3.20
2010.11.30 14:04:16.739,1.02685,1.02703,2.30,1.30
2010.11.30 14:04:16.850,1.02687,1.02703,1.20,1.30
2010.11.30 14:04:19.897,1.02689,1.02707,1.50,1.30
2010.11.30 14:04:20.345,1.02695,1.0271,1.20,4.30
2010.11.30 14:04:20.758,1.02701,1.02711,4.50,1.50
2010.11.30 14:04:20.868,1.02703,1.02721,1.50,3.60
2010.11.30 14:04:21.256,1.02706,1.02723,1.50,2.10
2010.11.30 14:04:24.219,1.02706,1.02712,1.50,1.70
2010.11.30 14:04:24.502,1.02696,1.02711,2.70,2.30
2010.11.30 14:04:24.730,1.02696,1.02706,1.50,2.30
2010.11.30 14:04:24.852,1.02693,1.02706,1.50,2.30
2010.11.30 14:04:25.377,1.02691,1.0271,1.50,2.80
2010.11.30 14:04:25.488,1.02691,1.0271,1.50,2.80
2010.11.30 14:04:25.817,1.02692,1.0271,1.30,1.30
2010.11.30 14:04:26.260,1.02694,1.02714,2.80,2.80
2010.11.30 14:04:26.378,1.02696,1.02714,1.20,2.10
2010.11.30 14:04:26.708,1.02696,1.02705,1.20,2.30
2010.11.30 14:04:27.153,1.02695,1.02708,1.50,1.50
2010.11.30 14:04:27.475,1.02697,1.02711,1.50,1.50
2010.11.30 14:04:28.617,1.02697,1.02715,1.50,2.10
2010.11.30 14:04:30.529,1.02701,1.02716,1.20,1.30
2010.11.30 14:04:30.978,1.02694,1.0271,3.00,2.30
2010.11.30 14:04:31.089,1.02694,1.02714,3.00,1.30
2010.11.30 14:04:31.405,1.02696,1.02716,1.50,1.30
2010.11.30 14:04:31.561,1.02696,1.02716,1.50,1.30
2010.11.30 14:04:31.899,1.02696,1.02711,1.50,2.30
2010.11.30 14:04:33.857,1.02696,1.02711,1.50,2.30
2010.11.30 14:04:37.677,1.02695,1.02711,1.50,4.20
2010.11.30 14:04:37.789,1.02691,1.0271,1.50,1.60
2010.11.30 14:04:37.897,1.02691,1.02705,1.50,2.30
2010.11.30 14:04:38.008,1.02691,1.02709,1.50,2.10
2010.11.30 14:04:38.117,1.02691,1.02709,1.50,2.50
2010.11.30 14:04:38.447,1.02686,1.027,1.50,2.30
2010.11.30 14:04:39.107,1.02686,1.02704,1.50,1.30
2010.11.30 14:04:39.443,1.02688,1.02706,1.50,1.30
2010.11.30 14:04:41.804,1.0269,1.02706,1.50,1.30
2010.11.30 14:04:42.029,1.02689,1.02706,3.00,1.30
2010.11.30 14:04:42.688,1.02688,1.02707,3.40,2.80
2010.11.30 14:04:44.148,1.0269,1.02708,1.50,1.30
2010.11.30 14:04:46.700,1.02687,1.02705,1.50,3.60
2010.11.30 14:04:48.341,1.02684,1.02701,1.50,1.30
2010.11.30 14:04:48.585,1.02679,1.02698,3.80,1.30
2010.11.30 14:04:50.371,1.02679,1.02695,2.30,1.30
2010.11.30 14:04:53.137,1.02677,1.02693,1.50,1.20
2010.11.30 14:04:53.524,1.02671,1.02689,1.50,3.40
2010.11.30 14:04:53.644,1.02669,1.02687,2.30,1.20
2010.11.30 14:04:56.160,1.02667,1.02686,1.30,1.30
2010.11.30 14:04:56.573,1.02676,1.02692,3.40,1.30
2010.11.30 14:04:56.690,1.0268,1.02698,1.50,1.30
2010.11.30 14:04:56.981,1.0268,1.02699,1.50,1.30
2010.11.30 14:04:57.208,1.02679,1.027,3.00,2.10
2010.11.30 14:04:58.676,1.02683,1.027,1.50,1.30
2010.11.30 14:04:59.292,1.02681,1.02699,1.50,1.20
2010.11.30 14:05:00.339,1.02676,1.02695,1.50,4.30
2010.11.30 14:05:01.363,1.02678,1.02694,1.20,1.30
2010.11.30 14:05:06.857,1.02676,1.02693,1.50,1.70
2010.11.30 14:05:07.390,1.02673,1.0269,1.50,3.30
2010.11.30 14:05:07.549,1.02668,1.02687,2.30,3.20
2010.11.30 14:05:10.893,1.02665,1.0268,1.50,2.70
2010.11.30 14:05:11.020,1.02663,1.02681,1.90,2.80
2010.11.30 14:05:11.356,1.02664,1.02682,1.50,1.50
2010.11.30 14:05:12.305,1.02666,1.02683,1.50,2.10
2010.11.30 14:05:12.753,1.02666,1.02684,3.80,2.50
2010.11.30 14:05:13.183,1.02664,1.0268,1.50,2.30
2010.11.30 14:05:13.352,1.02664,1.02684,1.50,1.30
2010.11.30 14:05:13.466,1.02665,1.02685,1.50,2.30
2010.11.30 14:05:14.387,1.02668,1.02686,1.20,2.30
2010.11.30 14:05:15.296,1.02668,1.02686,1.90,2.30
2010.11.30 14:05:18.199,1.02668,1.02678,1.50,4.50
2010.11.30 14:05:18.821,1.02659,1.02677,3.00,4.20
2010.11.30 14:05:19.159,1.02664,1.02678,2.30,1.40
2010.11.30 14:05:19.563,1.02657,1.02676,1.50,2.80
2010.11.30 14:05:19.787,1.02659,1.02677,3.00,2.30
2010.11.30 14:05:21.359,1.02659,1.02678,4.50,1.30
2010.11.30 14:05:21.479,1.02661,1.02681,1.50,4.00
2010.11.30 14:05:22.461,1.02661,1.02681,1.90,3.60
2010.11.30 14:05:24.403,1.02667,1.02683,1.20,1.30
2010.11.30 14:05:24.848,1.02668,1.02685,3.40,1.30
2010.11.30 14:05:28.924,1.02669,1.02685,2.80,1.30
2010.11.30 14:05:29.260,1.02678,1.0269,2.70,1.50
2010.11.30 14:05:29.491,1.02683,1.027,1.30,1.30
2010.11.30 14:05:29.929,1.02684,1.02701,2.10,2.10
2010.11.30 14:05:30.257,1.02684,1.02701,2.40,1.50
2010.11.30 14:05:32.137,1.02686,1.02704,1.50,2.10
2010.11.30 14:05:32.357,1.02686,1.02701,1.50,2.30
2010.11.30 14:05:32.812,1.02685,1.02697,1.20,2.30
2010.11.30 14:05:33.039,1.02686,1.02701,1.50,1.70
2010.11.30 14:05:33.260,1.02689,1.02707,3.00,1.70
2010.11.30 14:05:33.377,1.02689,1.02707,3.00,1.30
2010.11.30 14:05:33.488,1.02689,1.02707,3.00,2.50
2010.11.30 14:05:33.598,1.02689,1.02707,3.00,2.50
2010.11.30 14:05:35.265,1.02689,1.02705,3.00,2.30
2010.11.30 14:05:35.387,1.02684,1.02703,1.50,2.10
2010.11.30 14:05:35.608,1.02683,1.02699,2.30,2.30
2010.11.30 14:05:35.719,1.02679,1.02697,5.30,1.30
2010.11.30 14:05:36.002,1.02679,1.02697,3.00,1.30
2010.11.30 14:05:36.123,1.02679,1.02696,3.00,1.30
2010.11.30 14:05:39.505,1.02679,1.02693,2.30,1.70
2010.11.30 14:05:39.620,1.02679,1.02696,2.30,2.80
2010.11.30 14:05:41.269,1.02679,1.02697,3.00,1.30
2010.11.30 14:05:41.389,1.0268,1.027,1.50,4.30
2010.11.30 14:05:41.955,1.02682,1.027,4.60,2.80
2010.11.30 14:05:42.291,1.02688,1.02704,2.70,1.30
2010.11.30 14:05:42.666,1.02688,1.02707,3.40,1.30
2010.11.30 14:05:43.038,1.02689,1.02707,2.50,1.30
2010.11.30 14:05:43.604,1.02693,1.02711,2.30,1.30
2010.11.30 14:05:43.719,1.02695,1.02711,1.50,1.30
2010.11.30 14:05:45.161,1.02695,1.02712,1.90,1.30
2010.11.30 14:05:45.394,1.02696,1.02713,1.50,1.30
2010.11.30 14:05:45.616,1.02696,1.02714,1.50,1.70
2010.11.30 14:05:46.240,1.02697,1.02716,1.50,1.70
2010.11.30 14:05:46.689,1.027,1.02718,1.50,4.30
2010.11.30 14:05:50.809,1.027,1.02716,1.50,2.30
2010.11.30 14:05:51.477,1.027,1.02718,1.90,1.30
2010.11.30 14:05:52.379,1.02706,1.02718,1.50,1.30
2010.11.30 14:05:52.601,1.02706,1.0272,2.30,1.50
2010.11.30 14:05:53.429,1.02709,1.02728,1.20,1.30
2010.11.30 14:05:54.391,1.02716,1.0273,1.20,1.50
2010.11.30 14:05:55.059,1.02715,1.02731,1.50,3.60
2010.11.30 14:05:57.861,1.02711,1.02731,1.50,5.70
2010.11.30 14:05:58.878,1.0271,1.0273,1.50,1.30
2010.11.30 14:05:59.207,1.02711,1.02728,1.50,1.50
2010.11.30 14:05:59.427,1.02713,1.02726,1.50,2.30
2010.11.30 14:06:00.086,1.02709,1.02726,1.50,2.80
2010.11.30 14:06:01.878,1.02711,1.02729,1.50,2.10
2010.11.30 14:06:04.421,1.02711,1.02726,1.50,2.30
2010.11.30 14:06:04.790,1.02714,1.02731,3.00,4.20
2010.11.30 14:06:05.018,1.02715,1.02733,2.30,1.30
2010.11.30 14:06:07.428,1.0271,1.0273,1.90,1.30
2010.11.30 14:06:08.039,1.02712,1.02732,1.50,3.60
2010.11.30 14:06:09.787,1.02709,1.02726,1.50,2.30
2010.11.30 14:06:10.430,1.02711,1.02727,1.20,1.30
2010.11.30 14:06:11.209,1.0271,1.02728,1.90,1.30
2010.11.30 14:06:12.974,1.02713,1.02728,2.70,1.30
2010.11.30 14:06:13.424,1.02712,1.02728,1.50,1.30
2010.11.30 14:06:13.543,1.02712,1.02726,1.20,2.80
2010.11.30 14:06:14.066,1.02716,1.02732,1.20,3.60
2010.11.30 14:06:14.178,1.02716,1.02734,2.70,1.30
2010.11.30 14:06:14.734,1.02716,1.02735,1.20,2.10
2010.11.30 14:06:15.124,1.02718,1.02735,1.50,2.10
2010.11.30 14:06:18.170,1.02718,1.02736,1.20,2.10
2010.11.30 14:06:18.508,1.02719,1.02738,3.40,1.30
2010.11.30 14:06:19.094,1.02719,1.02736,1.50,2.30
2010.11.30 14:06:20.459,1.02721,1.02739,1.20,1.30
2010.11.30 14:06:20.677,1.02727,1.02742,1.50,1.50
2010.11.30 14:06:20.896,1.02727,1.02743,1.50,1.50
2010.11.30 14:06:21.394,1.02724,1.02741,1.50,2.30
2010.11.30 14:06:22.201,1.02721,1.02741,1.80,2.80
2010.11.30 14:06:23.658,1.02722,1.02739,1.50,1.30
2010.11.30 14:06:23.979,1.0272,1.02736,1.50,1.30
2010.11.30 14:06:24.460,1.02717,1.02736,2.30,2.80
2010.11.30 14:06:24.601,1.02718,1.02736,2.20,1.30
2010.11.30 14:06:24.938,1.02715,1.02734,3.00,1.30
2010.11.30 14:06:25.163,1.02718,1.02735,3.40,1.30
2010.11.30 14:06:29.887,1.02721,1.02739,1.50,1.30
2010.11.30 14:06:31.194,1.02721,1.02737,1.50,2.30
2010.11.30 14:06:32.457,1.02721,1.02739,1.50,1.30
2010.11.30 14:06:35.820,1.02727,1.02739,1.50,1.30
2010.11.30 14:06:36.183,1.02722,1.02741,1.50,4.60
2010.11.30 14:06:36.306,1.02719,1.02737,5.70,1.30
2010.11.30 14:06:38.060,1.0272,1.0274,1.80,2.80
2010.11.30 14:06:39.660,1.02722,1.0274,1.20,1.30
2010.11.30 14:06:40.378,1.02721,1.0274,2.30,1.30
2010.11.30 14:06:41.099,1.02719,1.02736,3.00,3.00
2010.11.30 14:06:41.878,1.02721,1.0274,1.50,2.10
2010.11.30 14:06:42.769,1.02724,1.02741,1.50,2.10
2010.11.30 14:06:45.778,1.02724,1.02742,1.50,2.80
2010.11.30 14:06:49.186,1.02726,1.02742,1.50,2.80
2010.11.30 14:06:49.536,1.02726,1.02744,1.80,2.80
2010.11.30 14:06:50.401,1.02727,1.02744,3.30,1.30
2010.11.30 14:06:50.738,1.02729,1.02746,4.20,2.90
2010.11.30 14:06:52.653,1.02738,1.02747,2.30,1.30
2010.11.30 14:06:53.736,1.02731,1.02748,1.50,1.30
2010.11.30 14:06:55.697,1.02738,1.0275,2.30,1.30
2010.11.30 14:06:55.811,1.02738,1.0275,2.30,1.30
2010.11.30 14:06:56.786,1.02738,1.0275,2.30,1.30
2010.11.30 14:06:56.968,1.02732,1.02747,1.50,4.30
2010.11.30 14:06:57.640,1.02735,1.02747,1.20,2.80
2010.11.30 14:06:57.982,1.02731,1.02747,1.80,1.30
2010.11.30 14:07:00.729,1.02731,1.02748,1.80,2.80
2010.11.30 14:07:01.499,1.02733,1.02748,1.20,1.30
2010.11.30 14:07:01.719,1.02737,1.0275,2.30,1.30
2010.11.30 14:07:03.258,1.02737,1.0275,1.50,2.10
2010.11.30 14:07:03.368,1.02734,1.0275,1.50,2.10
2010.11.30 14:07:03.629,1.02733,1.02749,1.10,1.30
2010.11.30 14:07:04.390,1.02733,1.02751,3.70,2.70
2010.11.30 14:07:05.211,1.02733,1.02749,1.80,1.30
2010.11.30 14:07:05.438,1.02733,1.02749,1.50,1.30
2010.11.30 14:07:06.018,1.02729,1.02746,4.00,2.10
2010.11.30 14:07:06.797,1.02731,1.02748,1.50,1.30
2010.11.30 14:07:07.578,1.02732,1.02748,1.10,1.30
2010.11.30 14:07:08.021,1.02737,1.0275,1.90,1.50
2010.11.30 14:07:08.382,1.02738,1.02755,1.20,1.30
2010.11.30 14:07:08.511,1.0274,1.02758,2.30,2.10
2010.11.30 14:07:08.824,1.0274,1.02759,2.30,1.30
2010.11.30 14:07:09.268,1.02745,1.0276,1.50,1.50
2010.11.30 14:07:10.438,1.02745,1.02761,1.50,2.80
2010.11.30 14:07:14.978,1.02743,1.02761,1.50,2.80
2010.11.30 14:07:16.189,1.02746,1.02762,1.50,1.20
2010.11.30 14:07:16.411,1.02745,1.02762,1.20,1.70
2010.11.30 14:07:16.636,1.02746,1.02762,1.50,1.30
2010.11.30 14:07:16.769,1.02746,1.02763,1.50,2.80
2010.11.30 14:07:17.689,1.0275,1.02763,1.20,1.50
2010.11.30 14:07:17.909,1.02752,1.02768,1.50,2.10
2010.11.30 14:07:18.330,1.02753,1.02769,1.50,1.30
2010.11.30 14:07:18.449,1.02754,1.0277,1.50,1.30
2010.11.30 14:07:23.031,1.02752,1.02772,2.30,3.80
2010.11.30 14:07:23.900,1.02752,1.02768,1.10,1.30
2010.11.30 14:07:24.589,1.02748,1.02762,3.00,1.50
2010.11.30 14:07:24.704,1.02747,1.02762,3.00,1.50
2010.11.30 14:07:25.455,1.02746,1.02759,2.30,1.90
2010.11.30 14:07:27.193,1.02745,1.02753,1.50,1.50
2010.11.30 14:07:27.770,1.02742,1.02752,3.00,1.50
2010.11.30 14:07:28.380,1.02744,1.02752,1.50,1.50
2010.11.30 14:07:28.527,1.02741,1.02753,2.30,1.50
2010.11.30 14:07:28.748,1.02737,1.02753,1.50,2.10
2010.11.30 14:07:29.298,1.02735,1.02751,1.90,2.30
2010.11.30 14:07:29.911,1.02736,1.02753,2.30,1.90
2010.11.30 14:07:30.360,1.02736,1.02751,2.30,2.30
2010.11.30 14:07:30.940,1.02739,1.02751,1.90,2.80
2010.11.30 14:07:31.940,1.02742,1.02751,1.90,2.80
2010.11.30 14:07:32.059,1.02742,1.02752,1.90,1.30
2010.11.30 14:07:32.938,1.02742,1.02754,1.90,2.50
2010.11.30 14:07:33.273,1.02738,1.02751,1.90,3.60
2010.11.30 14:07:33.673,1.02739,1.02748,1.90,1.30
2010.11.30 14:07:34.124,1.02739,1.02749,1.90,1.30
2010.11.30 14:07:34.240,1.02733,1.02749,1.50,1.30
2010.11.30 14:07:34.907,1.02733,1.02751,2.30,3.60
2010.11.30 14:07:36.881,1.02733,1.02751,1.50,3.60
2010.11.30 14:07:37.260,1.0273,1.02751,1.50,3.60
2010.11.30 14:07:45.790,1.02734,1.02747,1.50,1.30
2010.11.30 14:07:46.161,1.02739,1.02753,1.50,1.30
2010.11.30 14:07:46.285,1.02739,1.02754,1.50,1.90
2010.11.30 14:07:46.594,1.02742,1.02754,1.50,1.90
2010.11.30 14:07:46.723,1.02749,1.02758,2.70,1.50
2010.11.30 14:07:46.854,1.02749,1.02765,2.70,1.30
2010.11.30 14:07:46.970,1.02749,1.02767,4.20,1.30
2010.11.30 14:07:48.459,1.02746,1.02764,1.50,2.30
2010.11.30 14:07:48.689,1.02743,1.02761,2.30,3.20
2010.11.30 14:07:50.018,1.02742,1.02759,2.30,1.30
2010.11.30 14:07:50.959,1.0275,1.02759,1.20,1.30
2010.11.30 14:07:51.288,1.02752,1.02766,1.50,2.80
2010.11.30 14:07:51.398,1.02749,1.02766,2.30,2.80
2010.11.30 14:07:54.176,1.02746,1.02767,3.00,1.70
2010.11.30 14:07:54.637,1.02743,1.02751,1.50,2.30
2010.11.30 14:07:54.750,1.02733,1.02751,1.50,3.60
2010.11.30 14:07:54.875,1.0273,1.02748,3.00,1.30
2010.11.30 14:07:55.887,1.02728,1.02746,4.50,1.70
2010.11.30 14:08:02.958,1.02731,1.02746,1.50,1.30
2010.11.30 14:08:05.240,1.02729,1.02746,2.30,1.70
2010.11.30 14:08:06.020,1.02728,1.02744,3.00,1.30
2010.11.30 14:08:06.139,1.02728,1.02745,5.30,1.30
2010.11.30 14:08:07.147,1.02728,1.02746,5.30,1.30
2010.11.30 14:08:11.441,1.02727,1.02745,1.50,1.70
2010.11.30 14:08:11.778,1.02723,1.02741,2.70,2.80
2010.11.30 14:08:12.004,1.02719,1.02739,3.80,1.30
2010.11.30 14:08:12.124,1.02719,1.02739,3.80,1.30
2010.11.30 14:08:12.239,1.02719,1.02738,3.00,1.30
2010.11.30 14:08:13.890,1.02715,1.02734,1.50,1.30
2010.11.30 14:08:14.270,1.02724,1.02734,1.20,1.30
2010.11.30 14:08:14.501,1.02727,1.02742,2.70,3.60
2010.11.30 14:08:14.618,1.02731,1.02742,1.50,1.30
2010.11.30 14:08:14.728,1.02734,1.0275,2.30,1.30
2010.11.30 14:08:15.054,1.02735,1.02751,1.50,2.30
2010.11.30 14:08:15.192,1.02738,1.02754,2.30,1.30
2010.11.30 14:08:15.317,1.02736,1.02751,2.30,2.80
2010.11.30 14:08:17.121,1.02734,1.02751,2.30,2.30
2010.11.30 14:08:23.087,1.02738,1.02751,1.50,3.00
2010.11.30 14:08:23.397,1.02738,1.02753,1.90,1.50
2010.11.30 14:08:23.959,1.02738,1.02754,3.00,1.30
2010.11.30 14:08:24.723,1.02738,1.02746,3.00,2.30
2010.11.30 14:08:24.873,1.02731,1.02746,2.30,2.30
2010.11.30 14:08:25.006,1.02727,1.02746,1.50,6.40
2010.11.30 14:08:25.119,1.02723,1.0274,3.40,1.70
2010.11.30 14:08:25.436,1.02723,1.02737,3.40,2.70
2010.11.30 14:08:25.604,1.02714,1.02732,4.20,4.00
2010.11.30 14:08:25.723,1.02712,1.02731,2.30,2.00
2010.11.30 14:08:25.964,1.02712,1.02726,1.50,1.30
2010.11.30 14:08:26.113,1.02708,1.02726,4.90,1.30
2010.11.30 14:08:26.712,1.0271,1.02726,1.50,1.30
2010.11.30 14:08:27.053,1.02708,1.02726,6.40,1.30
2010.11.30 14:08:27.436,1.0271,1.02726,1.50,1.30
2010.11.30 14:08:28.802,1.0271,1.02726,1.50,1.30
2010.11.30 14:08:29.499,1.02709,1.02726,2.30,1.30
2010.11.30 14:08:36.195,1.02708,1.02725,1.50,1.60
2010.11.30 14:08:36.515,1.02705,1.02721,1.50,2.90
2010.11.30 14:08:36.641,1.02699,1.02716,3.80,1.30
2010.11.30 14:08:36.775,1.02699,1.02716,2.30,1.70
2010.11.30 14:08:37.314,1.02699,1.02711,1.50,2.80
2010.11.30 14:08:38.007,1.02699,1.02711,2.30,2.80
2010.11.30 14:08:39.031,1.02698,1.02711,2.30,2.80
2010.11.30 14:08:39.694,1.02699,1.02711,3.00,2.80
2010.11.30 14:08:40.431,1.02699,1.02711,1.50,3.40
2010.11.30 14:08:40.869,1.02696,1.02712,2.30,2.50
2010.11.30 14:08:40.984,1.02696,1.02715,2.30,1.70
2010.11.30 14:08:41.104,1.02695,1.02711,3.00,2.30
2010.11.30 14:08:50.539,1.02699,1.02716,2.30,1.30
2010.11.30 14:08:50.675,1.02699,1.02716,4.50,1.30
2010.11.30 14:08:50.902,1.02699,1.02716,4.50,1.30
2010.11.30 14:08:51.376,1.02704,1.0272,2.30,1.30
2010.11.30 14:08:51.499,1.02702,1.0272,1.50,1.30
2010.11.30 14:08:52.160,1.027,1.02719,2.30,1.30
2010.11.30 14:08:53.058,1.02699,1.02714,1.50,1.30
2010.11.30 14:08:53.716,1.02696,1.02714,3.00,1.30
2010.11.30 14:08:55.464,1.02696,1.02712,3.00,2.70
2010.11.30 14:08:58.933,1.02693,1.02707,1.50,2.70
2010.11.30 14:08:59.275,1.02694,1.02709,3.40,2.10
2010.11.30 14:09:00.337,1.02699,1.02711,2.30,5.50
2010.11.30 14:09:00.451,1.02694,1.02711,2.30,5.50
2010.11.30 14:09:02.151,1.02694,1.02711,2.30,4.70
2010.11.30 14:09:07.406,1.0269,1.0271,3.00,2.30
2010.11.30 14:09:11.909,1.02693,1.0271,2.30,1.70
2010.11.30 14:09:14.504,1.02695,1.02711,1.50,4.00
2010.11.30 14:09:15.442,1.02695,1.0271,3.00,2.70
2010.11.30 14:09:15.900,1.02691,1.02701,2.40,2.30
2010.11.30 14:09:16.144,1.02689,1.02701,2.30,2.30
2010.11.30 14:09:16.471,1.02684,1.02696,4.20,2.30
2010.11.30 14:09:16.595,1.02684,1.02701,3.80,2.30
2010.11.30 14:09:16.712,1.02686,1.02698,1.50,1.50
2010.11.30 14:09:16.831,1.02686,1.02701,1.50,3.80
2010.11.30 14:09:16.952,1.02687,1.02701,1.50,3.80
2010.11.30 14:09:20.054,1.02689,1.02701,1.50,2.30
2010.11.30 14:09:20.553,1.02689,1.02711,3.00,3.60
2010.11.30 14:09:20.677,1.02694,1.02711,1.50,2.80
2010.11.30 14:09:21.049,1.02694,1.02711,2.30,2.80
2010.11.30 14:09:21.831,1.02694,1.02711,2.30,3.60
2010.11.30 14:09:22.722,1.02694,1.02711,2.30,4.00
2010.11.30 14:09:23.048,1.02686,1.02704,5.30,1.70
2010.11.30 14:09:23.182,1.02686,1.027,1.50,1.30
2010.11.30 14:09:23.326,1.02684,1.027,1.50,1.30
2010.11.30 14:09:23.756,1.02686,1.027,1.50,1.30
2010.11.30 14:09:24.195,1.02684,1.027,1.50,1.30
2010.11.30 14:09:25.194,1.02686,1.027,1.50,1.30
2010.11.30 14:09:25.811,1.02683,1.027,2.80,1.30
2010.11.30 14:09:27.463,1.02683,1.02695,2.40,2.30
2010.11.30 14:09:27.696,1.02682,1.02699,1.70,1.30
2010.11.30 14:09:27.814,1.02682,1.027,1.70,1.30
2010.11.30 14:09:28.145,1.02682,1.02701,1.50,3.60
2010.11.30 14:09:30.070,1.02684,1.02701,1.50,3.60
2010.11.30 14:09:30.840,1.02688,1.02701,1.50,2.80
2010.11.30 14:09:30.972,1.02688,1.02703,2.30,1.50
2010.11.30 14:09:31.267,1.02689,1.02706,1.50,2.80
2010.11.30 14:09:31.424,1.02691,1.02706,1.50,2.80
2010.11.30 14:09:31.932,1.02691,1.02706,3.00,2.80
2010.11.30 14:09:32.603,1.02691,1.02709,3.00,2.80
2010.11.30 14:09:34.967,1.02691,1.02708,3.00,1.70
2010.11.30 14:09:35.206,1.02689,1.02706,3.00,2.80
2010.11.30 14:09:35.792,1.02692,1.02708,1.50,1.30
2010.11.30 14:09:36.029,1.02693,1.0271,1.50,3.60
2010.11.30 14:09:36.631,1.02693,1.02707,1.50,1.70
2010.11.30 14:09:36.761,1.02691,1.02706,2.30,2.80
2010.11.30 14:09:37.231,1.02694,1.0271,2.30,2.80
2010.11.30 14:09:37.902,1.02695,1.02711,1.50,4.30
2010.11.30 14:09:38.811,1.02693,1.02711,2.30,4.30
2010.11.30 14:09:39.452,1.02693,1.02711,2.30,4.30
2010.11.30 14:09:41.270,1.02693,1.02709,1.50,1.20
2010.11.30 14:09:41.776,1.02694,1.02708,1.50,1.30
2010.11.30 14:09:42.005,1.02696,1.02711,1.50,2.80
2010.11.30 14:09:42.560,1.02699,1.02713,1.50,2.10
2010.11.30 14:09:42.683,1.02699,1.02715,2.30,1.30
2010.11.30 14:09:43.353,1.027,1.02715,1.50,3.60
2010.11.30 14:09:43.796,1.027,1.02715,1.50,2.80
2010.11.30 14:09:43.912,1.02698,1.02715,1.50,2.80
2010.11.30 14:09:44.141,1.02698,1.02715,2.30,3.60
2010.11.30 14:09:48.581,1.02699,1.02715,1.50,3.60
2010.11.30 14:09:51.036,1.027,1.02715,1.50,3.60
2010.11.30 14:09:51.283,1.02702,1.02716,2.30,1.30
2010.11.30 14:09:51.607,1.02698,1.02716,1.20,2.80
2010.11.30 14:09:51.747,1.02702,1.02716,1.90,1.30
2010.11.30 14:09:51.982,1.02704,1.02719,1.50,1.30
2010.11.30 14:09:53.183,1.02707,1.02721,1.50,1.30
2010.11.30 14:09:54.236,1.02708,1.02724,1.50,1.30
2010.11.30 14:09:54.354,1.0271,1.02724,1.50,1.30
2010.11.30 14:09:54.890,1.02711,1.02725,2.30,1.30
2010.11.30 14:09:55.698,1.0271,1.02726,2.30,2.80
2010.11.30 14:09:56.804,1.0271,1.02726,2.30,2.30
2010.11.30 14:09:56.927,1.02711,1.02729,3.00,1.30
2010.11.30 14:09:58.786,1.0271,1.02727,2.30,1.30
2010.11.30 14:09:59.761,1.0271,1.02728,1.50,1.30
2010.11.30 14:09:59.992,1.02711,1.02729,1.50,1.30
2010.11.30 14:10:00.114,1.02711,1.02729,2.30,1.30
2010.11.30 14:10:00.567,1.02711,1.02725,2.30,2.30
2010.11.30 14:10:00.685,1.02711,1.02725,2.30,2.80
2010.11.30 14:10:01.022,1.02711,1.02725,3.10,2.80
2010.11.30 14:10:01.325,1.02715,1.0273,3.00,1.90
2010.11.30 14:10:01.459,1.02717,1.02733,1.20,1.70
2010.11.30 14:10:03.803,1.02716,1.02733,1.50,1.70
2010.11.30 14:10:04.030,1.02713,1.02731,2.30,2.80
2010.11.30 14:10:04.486,1.0271,1.02729,2.30,1.30
2010.11.30 14:10:05.812,1.02712,1.02729,1.50,1.30
2010.11.30 14:10:06.360,1.02712,1.0273,3.00,1.30
2010.11.30 14:10:06.706,1.02716,1.0273,1.50,1.30
2010.11.30 14:10:07.275,1.02718,1.02733,1.50,1.30
2010.11.30 14:10:07.621,1.02725,1.02739,1.50,1.30
2010.11.30 14:10:08.606,1.02722,1.0274,2.30,4.30
2010.11.30 14:10:10.477,1.02722,1.0274,2.30,2.80
2010.11.30 14:10:11.663,1.02724,1.02739,1.50,1.30
2010.11.30 14:10:12.003,1.02722,1.02738,2.30,1.70
2010.11.30 14:10:15.159,1.02723,1.02736,1.50,2.30
2010.11.30 14:10:15.486,1.02723,1.0274,2.30,1.30
2010.11.30 14:10:15.615,1.02725,1.02735,1.50,2.30
2010.11.30 14:10:15.731,1.02722,1.02735,2.30,2.30
2010.11.30 14:10:17.419,1.0272,1.02735,1.50,3.60
2010.11.30 14:10:17.863,1.02716,1.02735,1.50,3.60
2010.11.30 14:10:18.366,1.02712,1.02725,1.50,3.60
2010.11.30 14:10:18.726,1.02709,1.02721,1.50,1.70
2010.11.30 14:10:19.159,1.02705,1.0272,3.40,2.90
2010.11.30 14:10:19.414,1.02706,1.0272,2.30,2.30
2010.11.30 14:10:21.549,1.02705,1.0272,1.50,2.30
2010.11.30 14:10:21.673,1.02702,1.02718,2.30,1.50
2010.11.30 14:10:22.166,1.02703,1.0272,2.30,2.30
2010.11.30 14:10:23.529,1.02704,1.02721,1.50,2.10
2010.11.30 14:10:23.805,1.02704,1.02721,3.00,2.10
2010.11.30 14:10:24.162,1.02705,1.02724,1.50,1.30
2010.11.30 14:10:24.888,1.02705,1.0272,1.50,2.30
2010.11.30 14:10:25.006,1.02703,1.0272,2.30,2.80
2010.11.30 14:10:26.261,1.027,1.02719,2.30,1.30
2010.11.30 14:10:28.124,1.02702,1.02719,2.30,1.30
2010.11.30 14:10:28.962,1.02706,1.02723,1.20,1.30
2010.11.30 14:10:30.254,1.02705,1.0272,2.30,2.30
2010.11.30 14:10:30.375,1.02705,1.0272,2.30,2.30
2010.11.30 14:10:30.814,1.02711,1.0272,1.90,2.30
2010.11.30 14:10:30.937,1.02712,1.02726,2.70,1.30
2010.11.30 14:10:31.284,1.0271,1.02726,1.50,1.30
2010.11.30 14:10:31.777,1.02712,1.02726,1.50,1.30
2010.11.30 14:10:32.025,1.02709,1.02726,2.30,1.30
2010.11.30 14:10:33.635,1.02706,1.02721,1.50,2.30
2010.11.30 14:10:33.755,1.02705,1.02721,1.50,2.30
2010.11.30 14:10:33.872,1.02705,1.02721,1.50,3.00
2010.11.30 14:10:34.457,1.02705,1.02723,1.50,1.30
2010.11.30 14:10:36.517,1.02705,1.02723,1.50,1.40
2010.11.30 14:10:36.973,1.02704,1.02722,5.30,1.80
2010.11.30 14:10:37.509,1.02702,1.0272,1.50,1.40
2010.11.30 14:10:38.312,1.02702,1.02716,1.50,2.30
2010.11.30 14:10:38.883,1.027,1.02719,1.50,1.10
2010.11.30 14:10:40.793,1.02699,1.02716,2.30,1.30
2010.11.30 14:10:41.306,1.02696,1.02717,2.30,1.70
2010.11.30 14:10:41.423,1.02696,1.02715,2.30,2.00
2010.11.30 14:10:41.982,1.02695,1.02712,1.50,3.30
2010.11.30 14:10:42.664,1.02691,1.02709,1.50,1.30
2010.11.30 14:10:43.442,1.02693,1.02712,1.50,3.30
2010.11.30 14:10:46.250,1.02694,1.02712,1.50,3.30
2010.11.30 14:10:48.721,1.02698,1.02715,3.00,1.30
2010.11.30 14:10:52.145,1.02697,1.02712,1.50,2.30
2010.11.30 14:10:52.267,1.02695,1.02712,1.50,2.80
2010.11.30 14:10:53.213,1.02695,1.02712,1.50,3.40
2010.11.30 14:10:53.759,1.02695,1.02712,2.30,2.30
2010.11.30 14:10:53.991,1.02695,1.02712,1.50,2.80
2010.11.30 14:10:57.201,1.02697,1.02711,1.20,2.30
2010.11.30 14:10:57.841,1.02699,1.02714,2.30,1.30
2010.11.30 14:10:58.531,1.02699,1.02714,2.30,1.70
2010.11.30 14:10:58.654,1.02694,1.02712,3.00,3.20
2010.11.30 14:10:59.372,1.02694,1.02712,3.00,3.40
2010.11.30 14:11:00.103,1.02693,1.0271,2.30,1.30
2010.11.30 14:11:03.809,1.02696,1.02712,1.90,5.50
2010.11.30 14:11:04.053,1.027,1.02712,1.50,3.60
2010.11.30 14:11:04.395,1.027,1.02716,1.50,1.30
2010.11.30 14:11:04.754,1.02698,1.02716,1.50,1.30
2010.11.30 14:11:04.983,1.02702,1.02715,1.90,1.30
2010.11.30 14:11:05.552,1.02699,1.02716,4.50,1.30
2010.11.30 14:11:06.776,1.02703,1.02716,3.80,1.30
2010.11.30 14:11:06.898,1.02703,1.02721,3.80,1.90
2010.11.30 14:11:07.791,1.02703,1.02721,4.50,2.70
2010.11.30 14:11:08.890,1.02702,1.02719,2.30,1.30
2010.11.30 14:11:12.530,1.02702,1.0272,3.00,1.30
2010.11.30 14:11:16.673,1.02701,1.02719,2.30,1.30
2010.11.30 14:11:18.207,1.02699,1.02717,1.50,3.60
2010.11.30 14:11:20.403,1.02699,1.02714,1.50,1.90
2010.11.30 14:11:20.533,1.02695,1.02711,2.30,2.30
2010.11.30 14:11:23.395,1.02694,1.02711,3.00,3.00
2010.11.30 14:11:23.736,1.02694,1.02711,1.50,2.70
2010.11.30 14:11:24.204,1.02694,1.02712,3.00,2.80
2010.11.30 14:11:25.494,1.02694,1.02711,1.50,3.60
2010.11.30 14:11:26.058,1.02693,1.02711,1.50,2.10
2010.11.30 14:11:26.520,1.02694,1.02708,3.00,1.20
2010.11.30 14:11:28.610,1.02694,1.02711,3.00,2.50
2010.11.30 14:11:31.088,1.02697,1.02715,1.50,1.30
2010.11.30 14:11:32.092,1.02697,1.02712,1.50,3.00
2010.11.30 14:11:32.327,1.02697,1.02715,1.50,1.30
2010.11.30 14:11:38.372,1.02698,1.02716,4.20,1.30
2010.11.30 14:11:39.052,1.02701,1.02718,2.30,1.30
2010.11.30 14:11:39.835,1.02701,1.02719,3.00,1.30
2010.11.30 14:11:40.317,1.02699,1.02717,2.30,2.80
2010.11.30 14:11:43.793,1.02696,1.02716,2.70,1.30
2010.11.30 14:11:43.913,1.02696,1.02715,2.70,1.30
2010.11.30 14:11:44.477,1.02696,1.02711,2.30,2.80
2010.11.30 14:11:46.928,1.02697,1.02715,3.00,1.30
2010.11.30 14:11:47.163,1.027,1.02716,3.00,2.30
2010.11.30 14:11:47.668,1.02704,1.02718,2.30,2.10
2010.11.30 14:11:48.223,1.02704,1.0272,2.70,1.30
2010.11.30 14:11:48.763,1.02705,1.02724,2.70,1.30
2010.11.30 14:11:49.399,1.02708,1.02725,2.30,1.30
2010.11.30 14:11:50.457,1.02707,1.02725,3.00,1.30
2010.11.30 14:11:51.333,1.02708,1.02724,1.50,1.30
2010.11.30 14:11:54.331,1.0271,1.02724,1.50,1.30
2010.11.30 14:11:54.665,1.02714,1.02726,2.30,6.40
2010.11.30 14:11:54.784,1.0271,1.02726,3.00,6.40
2010.11.30 14:11:58.934,1.02708,1.02725,3.40,1.30
2010.11.30 14:12:03.045,1.02708,1.02724,3.00,1.30
2010.11.30 14:12:03.481,1.02703,1.0272,3.00,1.20
2010.11.30 14:12:03.730,1.02702,1.0272,1.50,1.30
2010.11.30 14:12:04.270,1.02699,1.02721,4.50,2.70
2010.11.30 14:12:07.153,1.02702,1.02721,2.30,1.30
2010.11.30 14:12:07.783,1.02705,1.02722,1.50,3.60
2010.11.30 14:12:08.012,1.02704,1.02724,3.00,2.10
2010.11.30 14:12:11.583,1.02704,1.02721,3.00,2.80
2010.11.30 14:12:11.816,1.02704,1.02721,1.50,2.80
2010.11.30 14:12:13.265,1.02707,1.02721,1.50,2.80
2010.11.30 14:12:13.834,1.02708,1.02724,2.70,1.30
2010.11.30 14:12:14.189,1.02709,1.02726,2.30,1.60
2010.11.30 14:12:14.615,1.0271,1.02726,1.50,1.60
2010.11.30 14:12:17.306,1.02712,1.02726,1.50,1.10
2010.11.30 14:12:18.824,1.02712,1.02727,2.30,1.10
2010.11.30 14:12:19.624,1.02714,1.02731,3.00,4.30
2010.11.30 14:12:20.201,1.02714,1.02731,3.00,4.30
2010.11.30 14:12:20.706,1.02725,1.02731,2.30,4.30
2010.11.30 14:12:22.271,1.02725,1.02731,2.30,4.90
2010.11.30 14:12:22.763,1.02722,1.02729,4.50,1.30
2010.11.30 14:12:24.266,1.02713,1.02729,1.50,1.30
2010.11.30 14:12:26.776,1.02713,1.02731,3.00,5.10
2010.11.30 14:12:31.004,1.02722,1.02731,2.30,5.10
2010.11.30 14:12:32.707,1.02729,1.02736,2.30,6.00
2010.11.30 14:12:32.827,1.02727,1.02734,4.50,1.30
2010.11.30 14:12:33.805,1.02716,1.02734,2.70,1.30
2010.11.30 14:12:36.229,1.02724,1.02737,2.30,1.30
2010.11.30 14:12:36.349,1.02724,1.02737,2.30,1.30
2010.11.30 14:12:38.351,1.02724,1.02738,2.30,1.30
2010.11.30 14:12:39.008,1.02722,1.02738,1.50,1.30
2010.11.30 14:12:39.131,1.02722,1.02736,1.50,1.30
2010.11.30 14:12:39.562,1.0272,1.02736,2.30,1.30
2010.11.30 14:12:40.565,1.02721,1.02736,1.50,1.30
2010.11.30 14:12:41.376,1.02721,1.02738,3.00,1.30
2010.11.30 14:12:41.617,1.02724,1.02739,4.60,1.30
2010.11.30 14:12:42.558,1.02726,1.02741,1.90,1.30
2010.11.30 14:12:43.946,1.02727,1.02744,2.70,1.30
2010.11.30 14:12:44.069,1.0273,1.02746,1.50,3.60
2010.11.30 14:12:44.674,1.0273,1.02746,2.30,2.80
2010.11.30 14:12:47.224,1.02728,1.02742,1.50,2.30
2010.11.30 14:12:47.990,1.02729,1.02744,1.50,1.30
2010.11.30 14:12:49.927,1.02726,1.02746,1.20,3.60
2010.11.30 14:12:50.857,1.02726,1.02744,1.20,1.30
2010.11.30 14:12:51.277,1.02728,1.02744,1.50,1.30
2010.11.30 14:12:51.910,1.02728,1.02745,2.30,1.70
2010.11.30 14:12:52.258,1.02726,1.02741,1.20,3.40
2010.11.30 14:12:52.484,1.02729,1.02739,1.50,2.80
2010.11.30 14:12:52.907,1.02729,1.02745,1.50,1.30
2010.11.30 14:12:53.144,1.02727,1.02745,1.20,1.30
2010.11.30 14:12:53.936,1.02725,1.02743,1.50,1.20
2010.11.30 14:12:54.056,1.02723,1.02739,4.50,4.00
2010.11.30 14:12:54.424,1.02728,1.02739,1.50,1.30
2010.11.30 14:12:54.548,1.02728,1.02746,3.00,3.60
2010.11.30 14:12:54.888,1.0273,1.02748,1.50,2.10
2010.11.30 14:12:55.617,1.0273,1.02746,4.50,1.30
2010.11.30 14:12:56.189,1.02733,1.02749,2.30,1.30
2010.11.30 14:12:56.495,1.02733,1.02751,3.00,1.40
2010.11.30 14:12:57.603,1.02735,1.02755,3.00,1.40
2010.11.30 14:12:58.033,1.02734,1.02753,3.00,1.40
2010.11.30 14:12:58.850,1.02731,1.02751,1.50,1.40
2010.11.30 14:12:59.086,1.0273,1.02751,3.80,1.40
2010.11.30 14:13:02.988,1.0273,1.02748,3.80,1.30
2010.11.30 14:13:03.762,1.0273,1.02746,1.50,2.30
2010.11.30 14:13:05.335,1.02728,1.02745,2.30,1.30
2010.11.30 14:13:07.272,1.02731,1.02746,2.30,2.80
2010.11.30 14:13:07.848,1.02733,1.02751,6.80,1.80
2010.11.30 14:13:08.271,1.02734,1.02752,1.50,4.00
2010.11.30 14:13:09.853,1.02734,1.02752,1.50,4.00
2010.11.30 14:13:10.568,1.02736,1.02754,4.90,1.30
2010.11.30 14:13:13.422,1.02741,1.02758,1.50,3.20
2010.11.30 14:13:13.548,1.02741,1.02758,1.50,2.10
2010.11.30 14:13:13.774,1.02741,1.02758,1.50,1.50
2010.11.30 14:13:14.003,1.02741,1.02761,2.30,1.30
2010.11.30 14:13:18.327,1.02741,1.02761,2.30,3.20
2010.11.30 14:13:20.158,1.02741,1.02757,3.00,3.20
2010.11.30 14:13:21.654,1.02743,1.02758,2.30,1.70
2010.11.30 14:13:22.098,1.02744,1.02762,2.30,1.20
2010.11.30 14:13:22.334,1.02743,1.02762,1.50,3.80
2010.11.30 14:13:24.873,1.02744,1.02759,2.30,1.30
2010.11.30 14:13:25.529,1.02741,1.02758,4.50,1.30
2010.11.30 14:13:26.415,1.02743,1.0276,1.50,1.30
2010.11.30 14:13:27.751,1.02743,1.0276,1.50,1.30
2010.11.30 14:13:28.724,1.02742,1.0276,2.30,1.30
2010.11.30 14:13:29.727,1.02742,1.0276,2.70,1.30
2010.11.30 14:13:31.154,1.02741,1.0276,2.30,2.80
2010.11.30 14:13:31.394,1.02742,1.02756,3.00,1.50
2010.11.30 14:13:31.739,1.02742,1.02753,3.00,1.50
2010.11.30 14:13:32.271,1.0274,1.02756,3.00,2.30
2010.11.30 14:13:33.402,1.02743,1.02759,2.70,1.30
2010.11.30 14:13:33.745,1.0274,1.02755,3.00,1.50
2010.11.30 14:13:33.882,1.02742,1.02759,1.50,1.30
2010.11.30 14:13:34.774,1.02742,1.02759,1.50,1.30
2010.11.30 14:13:35.349,1.02739,1.02758,6.00,1.70
2010.11.30 14:13:36.311,1.02741,1.02757,2.30,3.20
2010.11.30 14:13:45.428,1.02741,1.02757,1.50,3.20
2010.11.30 14:13:45.985,1.02739,1.02757,1.50,5.80
2010.11.30 14:13:46.105,1.02739,1.02752,1.50,1.40
2010.11.30 14:13:46.604,1.02725,1.02745,1.50,1.30
2010.11.30 14:14:00.667,1.02728,1.02746,1.50,1.30
2010.11.30 14:14:02.366,1.02729,1.02748,5.30,1.30
2010.11.30 14:14:03.537,1.02734,1.02748,2.30,1.30
2010.11.30 14:14:03.768,1.02735,1.02752,1.50,1.30
2010.11.30 14:14:03.883,1.02735,1.02754,1.50,1.30
2010.11.30 14:14:05.014,1.02734,1.02752,3.00,1.30
2010.11.30 14:14:12.894,1.02734,1.0275,2.30,1.30
2010.11.30 14:14:13.356,1.02731,1.02746,1.50,1.30
2010.11.30 14:14:14.630,1.02732,1.02748,2.30,2.10
2010.11.30 14:14:20.359,1.02733,1.02751,6.40,1.40
2010.11.30 14:14:20.723,1.02737,1.02754,1.20,1.30
2010.11.30 14:14:22.821,1.02737,1.02754,2.30,1.30
2010.11.30 14:14:24.015,1.02737,1.02754,2.70,1.30
2010.11.30 14:14:24.412,1.02738,1.02756,1.50,1.30
2010.11.30 14:14:24.775,1.02741,1.02757,1.50,3.20
2010.11.30 14:14:25.344,1.02743,1.02758,2.30,1.50
2010.11.30 14:14:26.115,1.02744,1.02761,1.50,2.90
2010.11.30 14:14:26.705,1.02745,1.02765,1.50,1.40
2010.11.30 14:14:28.413,1.02743,1.02761,2.30,2.90
2010.11.30 14:14:28.647,1.02745,1.02761,1.50,2.30
2010.11.30 14:14:29.211,1.02745,1.02761,1.50,3.10
2010.11.30 14:14:29.567,1.02742,1.02757,1.50,2.30
2010.11.30 14:14:30.412,1.02744,1.0276,1.50,1.30
2010.11.30 14:14:33.586,1.02744,1.02761,2.30,1.30
2010.11.30 14:14:34.034,1.02745,1.02763,1.50,1.40
2010.11.30 14:14:37.458,1.02744,1.02762,1.50,4.00
2010.11.30 14:14:42.275,1.02741,1.02757,3.80,2.70
2010.11.30 14:14:44.931,1.02741,1.02758,4.20,1.30
2010.11.30 14:14:45.658,1.02742,1.0276,1.50,1.30
2010.11.30 14:14:46.124,1.02742,1.02757,1.50,2.70
2010.11.30 14:14:46.244,1.0274,1.02757,2.30,3.20
2010.11.30 14:14:46.908,1.02747,1.02758,1.20,1.50
2010.11.30 14:14:47.028,1.02747,1.02762,2.70,1.30
2010.11.30 14:14:47.145,1.02748,1.02765,2.30,1.30
2010.11.30 14:14:48.584,1.02751,1.02767,1.80,3.20
2010.11.30 14:14:48.818,1.02754,1.02771,3.00,1.40
2010.11.30 14:14:49.394,1.02751,1.02771,6.00,3.60
2010.11.30 14:14:52.798,1.02754,1.02772,2.30,1.30
2010.11.30 14:14:53.041,1.02754,1.02771,3.00,1.30
2010.11.30 14:14:53.380,1.02752,1.02769,1.50,1.30
2010.11.30 14:14:53.759,1.02749,1.02767,3.00,4.00
2010.11.30 14:14:55.298,1.02749,1.02767,2.30,6.20
2010.11.30 14:14:55.434,1.02747,1.02766,1.20,1.70
2010.11.30 14:14:55.664,1.02747,1.02763,1.20,1.30
2010.11.30 14:14:55.894,1.02745,1.02763,2.30,1.30
2010.11.30 14:14:56.015,1.02744,1.02762,2.70,2.80
2010.11.30 14:14:56.134,1.02747,1.02762,1.90,1.30
2010.11.30 14:14:56.765,1.02745,1.02763,2.30,1.30
2010.11.30 14:14:57.104,1.02745,1.02761,2.30,2.80
2010.11.30 14:14:57.540,1.02745,1.02762,1.20,1.30
2010.11.30 14:14:57.678,1.02744,1.02762,7.50,1.30
2010.11.30 14:14:58.240,1.02746,1.02762,1.50,1.30
2010.11.30 14:15:00.212,1.02745,1.02762,2.30,3.60
2010.11.30 14:15:00.702,1.02742,1.02756,3.00,2.30
2010.11.30 14:15:00.833,1.02738,1.02752,1.50,2.70
2010.11.30 14:15:00.959,1.02733,1.02752,5.30,3.20
2010.11.30 14:15:01.340,1.02732,1.02752,2.30,4.00
2010.11.30 14:15:01.457,1.02732,1.02749,2.30,1.30
2010.11.30 14:15:02.051,1.02732,1.02746,2.30,2.30
2010.11.30 14:15:02.440,1.02727,1.02746,1.50,3.60
2010.11.30 14:15:02.677,1.02724,1.02744,5.30,1.30
2010.11.30 14:15:03.810,1.02724,1.02741,5.30,2.10
2010.11.30 14:15:04.379,1.02722,1.02741,1.50,5.10
2010.11.30 14:15:05.012,1.02725,1.02742,1.50,3.20
2010.11.30 14:15:05.136,1.02726,1.02742,1.50,3.20
2010.11.30 14:15:05.898,1.02724,1.02742,1.50,4.00
2010.11.30 14:15:12.346,1.02723,1.02741,2.30,1.30
2010.11.30 14:15:19.534,1.0272,1.02739,3.00,1.30
2010.11.30 14:15:21.563,1.02721,1.02741,1.50,2.70
2010.11.30 14:15:23.906,1.02724,1.02741,1.50,2.80
2010.11.30 14:15:25.044,1.02725,1.02741,1.20,2.80
2010.11.30 14:15:25.623,1.02726,1.02745,1.20,1.30
2010.11.30 14:15:26.201,1.02725,1.02742,3.00,1.30
2010.11.30 14:15:26.793,1.02717,1.02733,1.50,1.30
2010.11.30 14:15:31.385,1.02716,1.02733,2.30,1.30
2010.11.30 14:15:50.683,1.02716,1.02733,2.30,1.30
2010.11.30 14:15:50.802,1.02718,1.02733,1.50,1.30
2010.11.30 14:15:51.034,1.0272,1.02737,1.50,2.80
2010.11.30 14:15:51.338,1.02724,1.02738,3.80,2.10
2010.11.30 14:15:51.461,1.02724,1.02741,2.30,2.80
2010.11.30 14:15:51.697,1.02722,1.02741,1.50,2.80
2010.11.30 14:15:52.905,1.02722,1.02738,1.20,1.30
2010.11.30 14:15:53.383,1.02724,1.02741,2.30,1.30
2010.11.30 14:15:55.262,1.02724,1.02741,3.00,1.30
2010.11.30 14:15:58.134,1.02725,1.02741,1.90,1.30
2010.11.30 14:15:59.158,1.02726,1.02742,1.20,1.30
2010.11.30 14:16:01.585,1.02725,1.02741,1.50,2.30
2010.11.30 14:16:01.904,1.02723,1.02742,6.30,1.30
2010.11.30 14:16:02.272,1.02724,1.02742,1.20,4.00
2010.11.30 14:16:02.636,1.02729,1.02742,1.50,4.00
2010.11.30 14:16:03.153,1.02738,1.02751,1.20,1.50
2010.11.30 14:16:03.500,1.02748,1.02762,1.20,1.90
2010.11.30 14:16:03.661,1.02754,1.02771,3.80,3.70
2010.11.30 14:16:03.993,1.0276,1.02775,2.30,3.80
2010.11.30 14:16:04.652,1.02769,1.02783,1.50,1.30
2010.11.30 14:16:04.775,1.02769,1.02786,3.00,5.10
2010.11.30 14:16:05.770,1.02771,1.02787,1.50,2.80
2010.11.30 14:16:06.138,1.02775,1.02792,1.50,1.30
2010.11.30 14:16:06.547,1.02771,1.02789,4.50,1.30
2010.11.30 14:16:07.229,1.02771,1.02791,2.30,1.70
2010.11.30 14:16:07.733,1.02771,1.02791,2.30,1.30
2010.11.30 14:16:11.865,1.02773,1.02787,1.50,1.30
2010.11.30 14:16:12.287,1.02774,1.0279,2.30,1.30
2010.11.30 14:16:12.654,1.02773,1.0279,2.30,1.30
2010.11.30 14:16:13.300,1.02774,1.02791,2.30,2.50
2010.11.30 14:16:16.460,1.02775,1.02792,1.50,1.70
2010.11.30 14:16:17.292,1.02779,1.02793,2.30,1.30
2010.11.30 14:16:18.028,1.02779,1.02796,3.80,1.30
2010.11.30 14:16:18.565,1.02774,1.02791,4.50,1.30
2010.11.30 14:16:18.692,1.02773,1.02788,2.30,2.70
2010.11.30 14:16:19.327,1.0277,1.02787,1.50,4.00
2010.11.30 14:16:19.554,1.02773,1.02787,1.50,4.00
2010.11.30 14:16:19.896,1.02769,1.02786,2.30,1.60
2010.11.30 14:16:20.505,1.02768,1.02785,1.50,1.20
2010.11.30 14:16:21.388,1.02768,1.02785,1.50,1.20
2010.11.30 14:16:22.870,1.0277,1.02787,1.20,5.10
2010.11.30 14:16:23.251,1.02774,1.02787,1.50,1.30
2010.11.30 14:16:23.601,1.02774,1.02792,3.00,1.30
2010.11.30 14:16:24.093,1.02777,1.02794,2.30,1.20
2010.11.30 14:16:24.630,1.0278,1.02796,1.50,2.10
2010.11.30 14:16:25.225,1.02783,1.02797,1.50,3.20
2010.11.30 14:16:25.471,1.02783,1.02801,4.50,1.30
2010.11.30 14:16:26.458,1.02781,1.02799,1.50,1.20
2010.11.30 14:16:28.165,1.02779,1.02796,1.50,1.70
2010.11.30 14:16:29.462,1.02779,1.02796,1.50,4.10
2010.11.30 14:16:30.207,1.02784,1.02799,2.30,1.30
2010.11.30 14:16:30.333,1.02784,1.02801,3.00,2.10
2010.11.30 14:16:30.782,1.02782,1.02798,3.00,1.50
2010.11.30 14:16:31.233,1.02782,1.02798,1.50,1.70
2010.11.30 14:16:32.148,1.02781,1.02796,1.50,2.10
2010.11.30 14:16:32.717,1.02781,1.02797,1.50,3.80
2010.11.30 14:16:33.032,1.02782,1.02796,1.10,1.50
2010.11.30 14:16:33.265,1.02781,1.02796,1.50,1.50
2010.11.30 14:16:36.473,1.02781,1.02796,1.50,1.70
2010.11.30 14:16:36.929,1.02778,1.02796,1.50,3.70
2010.11.30 14:16:37.100,1.02773,1.02792,3.80,1.50
2010.11.30 14:16:37.219,1.02773,1.02789,1.50,1.50
2010.11.30 14:16:38.440,1.02776,1.02794,1.50,1.50
2010.11.30 14:16:40.291,1.02779,1.02794,2.30,1.30
2010.11.30 14:16:40.414,1.02779,1.02796,3.00,1.30
2010.11.30 14:16:40.644,1.02775,1.02795,3.00,1.20
2010.11.30 14:16:40.903,1.02775,1.02791,1.50,1.80
2010.11.30 14:16:41.260,1.02774,1.02786,1.50,2.10
2010.11.30 14:16:41.552,1.02771,1.02786,2.30,2.10
2010.11.30 14:16:41.693,1.02769,1.02785,5.70,1.20
2010.11.30 14:16:43.031,1.0277,1.02785,1.40,1.20
2010.11.30 14:16:43.277,1.0277,1.02786,2.10,1.30
2010.11.30 14:16:43.420,1.02778,1.02787,2.30,2.10
2010.11.30 14:16:43.870,1.02775,1.02793,1.50,2.10
2010.11.30 14:16:44.210,1.02775,1.02793,1.50,2.80
2010.11.30 14:16:45.649,1.02779,1.02792,2.30,2.10
2010.11.30 14:16:46.450,1.02779,1.02793,3.00,1.30
2010.11.30 14:16:47.706,1.02773,1.02791,1.50,1.50
2010.11.30 14:16:48.103,1.02773,1.02791,1.50,2.80
2010.11.30 14:16:48.887,1.02772,1.02786,1.50,2.30
2010.11.30 14:16:49.007,1.02769,1.02786,1.50,4.30
2010.11.30 14:16:49.124,1.02773,1.02786,2.30,2.10
2010.11.30 14:16:49.364,1.02773,1.0279,5.70,2.10
2010.11.30 14:16:50.982,1.02771,1.02789,2.30,1.10
2010.11.30 14:16:51.708,1.02773,1.0279,1.50,2.10
2010.11.30 14:16:52.729,1.02774,1.02791,1.50,2.30
2010.11.30 14:16:54.773,1.02774,1.02792,1.50,1.10
2010.11.30 14:16:57.019,1.02775,1.02792,1.50,1.50
2010.11.30 14:17:02.212,1.02774,1.02791,3.00,2.80
2010.11.30 14:17:03.113,1.02774,1.02793,2.50,1.30
2010.11.30 14:17:03.464,1.02777,1.02795,1.50,1.30
2010.11.30 14:17:03.600,1.02779,1.02797,3.30,3.60
2010.11.30 14:17:06.821,1.0278,1.02796,1.50,1.50
2010.11.30 14:17:07.474,1.0278,1.02797,1.50,2.10
2010.11.30 14:17:09.490,1.02783,1.028,1.40,2.80
2010.11.30 14:17:09.843,1.02784,1.02803,2.50,1.30
2010.11.30 14:17:11.187,1.02784,1.02802,3.80,2.80
2010.11.30 14:17:12.010,1.02782,1.028,3.00,2.80
2010.11.30 14:17:20.881,1.0278,1.02791,1.50,3.80
2010.11.30 14:17:21.000,1.02768,1.0279,5.30,1.70
2010.11.30 14:17:21.392,1.02766,1.02786,1.50,2.80
2010.11.30 14:17:21.751,1.02766,1.02786,1.50,1.30
2010.11.30 14:17:22.119,1.02768,1.02785,1.50,1.30
2010.11.30 14:17:22.764,1.02779,1.02793,3.00,1.30
2010.11.30 14:17:22.889,1.02779,1.02795,3.00,2.10
2010.11.30 14:17:23.191,1.02779,1.02795,2.30,2.10
2010.11.30 14:17:25.276,1.0278,1.02795,1.50,1.50
2010.11.30 14:17:26.734,1.0278,1.02797,1.50,2.10
2010.11.30 14:17:30.429,1.02778,1.02796,1.20,2.10
2010.11.30 14:17:31.392,1.02776,1.02792,3.80,2.70
2010.11.30 14:17:31.989,1.02775,1.02792,1.50,3.20
2010.11.30 14:17:36.134,1.02775,1.0279,1.50,1.90
2010.11.30 14:17:36.485,1.02773,1.0279,1.50,2.10
2010.11.30 14:17:39.610,1.02775,1.02793,1.50,1.30
2010.11.30 14:17:42.116,1.02772,1.02791,1.50,2.10
2010.11.30 14:17:42.766,1.02769,1.02786,3.00,3.80
2010.11.30 14:17:42.894,1.02767,1.02785,1.50,1.30
2010.11.30 14:17:44.843,1.02769,1.02787,1.20,2.80
2010.11.30 14:17:45.223,1.02769,1.02787,3.00,2.80
2010.11.30 14:17:45.348,1.02773,1.02791,1.50,2.80
2010.11.30 14:17:45.875,1.02775,1.02792,3.80,4.30
2010.11.30 14:17:46.418,1.02772,1.02789,3.00,1.30
2010.11.30 14:17:46.550,1.0277,1.02787,1.50,5.50
2010.11.30 14:17:46.667,1.02768,1.02784,1.50,1.90
2010.11.30 14:17:46.897,1.02765,1.02782,1.50,2.30
2010.11.30 14:17:47.496,1.02765,1.02783,1.50,1.50
2010.11.30 14:17:48.039,1.02767,1.02784,1.50,1.50
2010.11.30 14:17:48.266,1.02767,1.02784,1.50,1.90
2010.11.30 14:17:48.552,1.02762,1.0278,3.80,1.30
2010.11.30 14:17:48.710,1.02762,1.02778,1.50,1.70
2010.11.30 14:17:48.826,1.02759,1.02775,3.80,1.50
2010.11.30 14:17:48.947,1.02756,1.02775,1.50,2.10
2010.11.30 14:17:50.464,1.02759,1.02776,3.00,1.30
2010.11.30 14:17:51.773,1.02759,1.02777,3.80,2.10
2010.11.30 14:17:52.906,1.02759,1.02775,3.80,1.50
2010.11.30 14:17:53.657,1.02758,1.02772,1.50,2.80
2010.11.30 14:17:53.776,1.02756,1.02772,2.30,2.80
2010.11.30 14:17:54.338,1.02756,1.02772,2.30,2.80
2010.11.30 14:17:55.221,1.02756,1.02768,2.30,1.50
2010.11.30 14:17:55.676,1.0275,1.02767,1.50,1.30
2010.11.30 14:17:55.863,1.0275,1.02759,1.50,1.50
2010.11.30 14:17:56.257,1.02741,1.02759,2.30,2.80
2010.11.30 14:17:56.383,1.02739,1.02753,1.60,1.50
2010.11.30 14:17:56.838,1.02735,1.02753,2.30,2.80
2010.11.30 14:17:59.716,1.02739,1.02751,2.30,2.10
2010.11.30 14:17:59.837,1.02739,1.02753,2.30,1.30
2010.11.30 14:18:00.076,1.02739,1.02756,2.30,2.80
2010.11.30 14:18:02.049,1.02742,1.02757,1.90,2.80
2010.11.30 14:18:02.171,1.02745,1.02763,1.50,2.80
2010.11.30 14:18:02.489,1.02745,1.02763,1.50,2.10
2010.11.30 14:18:02.611,1.02744,1.02761,3.40,1.50
2010.11.30 14:18:03.224,1.02745,1.02763,1.50,2.10
2010.11.30 14:18:05.101,1.02744,1.02762,1.50,4.00
2010.11.30 14:18:05.576,1.02742,1.0276,5.30,2.10
2010.11.30 14:18:06.009,1.02742,1.0276,3.00,2.80
2010.11.30 14:18:09.385,1.02742,1.02756,1.50,2.30
2010.11.30 14:18:09.613,1.02737,1.02756,1.50,2.80
2010.11.30 14:18:10.094,1.02736,1.02753,1.50,1.50
2010.11.30 14:18:10.222,1.02734,1.02752,3.80,1.30
2010.11.30 14:18:13.965,1.02738,1.02755,5.50,1.30
2010.11.30 14:18:14.087,1.02741,1.02758,3.00,2.80
2010.11.30 14:18:14.209,1.02743,1.02758,1.50,1.50
2010.11.30 14:18:14.645,1.02746,1.02766,1.50,5.10
2010.11.30 14:18:14.984,1.02746,1.02766,1.50,5.10
2010.11.30 14:18:15.714,1.02748,1.02765,1.50,2.10
2010.11.30 14:18:15.834,1.02746,1.02763,1.50,1.50
2010.11.30 14:18:19.932,1.02744,1.02761,1.50,2.30
2010.11.30 14:18:20.728,1.02743,1.02761,1.50,4.20
2010.11.30 14:18:22.770,1.02741,1.02759,1.50,2.10
2010.11.30 14:18:23.869,1.02737,1.02755,1.50,1.30
2010.11.30 14:18:25.270,1.0274,1.02756,1.50,1.50
2010.11.30 14:18:26.720,1.02738,1.02755,1.50,1.50
2010.11.30 14:18:28.274,1.02739,1.02756,1.50,2.10
2010.11.30 14:18:32.246,1.02739,1.02755,1.50,1.50
2010.11.30 14:18:36.734,1.02737,1.02754,1.50,1.50
2010.11.30 14:18:36.899,1.02737,1.0275,1.50,1.50
2010.11.30 14:18:37.024,1.02732,1.02747,2.30,1.50
2010.11.30 14:18:37.365,1.02731,1.02741,1.50,2.30
2010.11.30 14:18:37.768,1.02725,1.02741,1.50,2.30
2010.11.30 14:18:39.336,1.02722,1.02739,1.50,2.10
2010.11.30 14:18:40.421,1.02723,1.0274,1.50,2.10
2010.11.30 14:18:40.634,1.02719,1.02738,5.70,1.30
2010.11.30 14:18:40.966,1.02717,1.02737,3.40,1.70
2010.11.30 14:18:41.766,1.0272,1.02738,3.00,2.80
2010.11.30 14:18:42.414,1.02722,1.02741,1.50,4.70
2010.11.30 14:18:42.539,1.02722,1.02741,1.50,3.20
2010.11.30 14:18:42.868,1.02722,1.02739,1.50,1.50
2010.11.30 14:18:43.012,1.02721,1.02739,1.50,2.80
2010.11.30 14:18:43.915,1.02722,1.02739,1.50,1.50
2010.11.30 14:18:44.818,1.02722,1.0274,1.50,2.10
2010.11.30 14:18:47.032,1.02725,1.02741,2.30,3.60
2010.11.30 14:18:47.148,1.02726,1.02743,1.50,1.30
2010.11.30 14:18:47.785,1.02728,1.02746,3.80,2.10
2010.11.30 14:18:49.100,1.02733,1.02748,2.30,1.30
2010.11.30 14:18:49.228,1.0273,1.02745,1.50,1.50
2010.11.30 14:18:52.346,1.02731,1.02748,3.00,2.10
2010.11.30 14:18:52.930,1.02733,1.02749,2.40,2.80
2010.11.30 14:18:53.168,1.02736,1.02754,1.20,2.80
2010.11.30 14:18:53.406,1.02737,1.02754,3.00,2.10
2010.11.30 14:18:56.533,1.02738,1.02756,3.40,2.90
2010.11.30 14:18:56.983,1.0274,1.02757,3.00,1.30
2010.11.30 14:18:57.114,1.02742,1.02762,1.60,5.50
2010.11.30 14:18:57.560,1.02746,1.02762,1.50,1.50
2010.11.30 14:18:57.681,1.02746,1.02764,1.50,2.10
2010.11.30 14:18:58.774,1.02746,1.02764,1.50,2.10
2010.11.30 14:18:59.312,1.02744,1.02763,2.30,2.10
2010.11.30 14:19:04.208,1.02745,1.02762,1.50,2.10
2010.11.30 14:19:05.194,1.02744,1.02762,3.00,2.10
2010.11.30 14:19:06.777,1.02744,1.02761,1.50,2.80
2010.11.30 14:19:08.101,1.02743,1.02761,1.50,2.80
2010.11.30 14:19:16.149,1.02745,1.02761,1.50,2.80
2010.11.30 14:19:16.799,1.0275,1.02768,1.50,2.10
2010.11.30 14:19:17.290,1.02748,1.02765,1.50,1.50
2010.11.30 14:19:18.674,1.02748,1.02765,1.50,2.10
2010.11.30 14:19:20.356,1.02747,1.02763,1.50,1.50
2010.11.30 14:19:21.178,1.02747,1.02764,1.50,2.10
2010.11.30 14:19:22.286,1.02746,1.02762,1.50,2.10
2010.11.30 14:19:22.949,1.02745,1.0276,1.50,1.50
2010.11.30 14:19:23.068,1.02743,1.0276,1.50,2.10
2010.11.30 14:19:25.723,1.02741,1.0276,1.50,2.50
2010.11.30 14:19:26.089,1.02741,1.02759,3.80,2.10
2010.11.30 14:19:26.539,1.02744,1.02762,1.50,2.80
2010.11.30 14:19:31.312,1.02744,1.0276,1.50,1.50
2010.11.30 14:19:31.776,1.02742,1.02756,1.50,2.30
2010.11.30 14:19:31.906,1.02742,1.0276,1.50,2.80
2010.11.30 14:19:33.571,1.02742,1.0276,1.50,1.70
2010.11.30 14:19:34.565,1.02742,1.02754,1.50,1.50
2010.11.30 14:19:34.714,1.02739,1.02756,3.00,2.10
2010.11.30 14:19:34.835,1.02739,1.02757,3.00,1.30
2010.11.30 14:19:36.222,1.02739,1.02756,3.80,1.50
2010.11.30 14:19:36.806,1.02735,1.02755,1.50,2.80
2010.11.30 14:19:37.168,1.02733,1.0275,6.90,1.50
2010.11.30 14:19:37.987,1.02733,1.0275,5.70,2.80
2010.11.30 14:19:41.224,1.02732,1.02749,3.00,2.80
2010.11.30 14:19:44.470,1.02729,1.02741,2.30,2.30
2010.11.30 14:19:45.086,1.02724,1.02741,1.50,2.30
2010.11.30 14:19:45.205,1.02721,1.02741,1.50,3.60
2010.11.30 14:19:45.803,1.02722,1.02741,1.50,2.80
2010.11.30 14:19:48.004,1.02725,1.02743,1.50,1.30
2010.11.30 14:19:55.346,1.0273,1.02746,3.00,2.50
2010.11.30 14:19:55.467,1.02732,1.0275,1.50,3.60
2010.11.30 14:19:59.218,1.0273,1.02749,3.00,1.30
2010.11.30 14:20:03.925,1.02729,1.02749,1.50,1.60
2010.11.30 14:20:04.078,1.02728,1.02748,1.20,2.30
2010.11.30 14:20:04.404,1.02726,1.02744,3.00,1.70
2010.11.30 14:20:04.756,1.02723,1.02741,1.50,2.80
2010.11.30 14:20:05.182,1.02723,1.02741,1.50,2.80
2010.11.30 14:20:11.456,1.02723,1.0274,1.50,2.10
2010.11.30 14:20:16.338,1.02722,1.0274,1.50,2.10
2010.11.30 14:20:17.129,1.0273,1.02744,2.30,2.80
2010.11.30 14:20:17.255,1.0273,1.02746,3.00,2.80
2010.11.30 14:20:17.580,1.0273,1.02748,3.00,2.10
2010.11.30 14:20:17.787,1.02734,1.0275,1.50,1.50
2010.11.30 14:20:18.259,1.02737,1.02755,1.90,2.10
2010.11.30 14:20:20.255,1.02737,1.02752,1.90,1.50
2010.11.30 14:20:20.375,1.02737,1.02752,1.20,1.50
2010.11.30 14:20:20.947,1.02734,1.02751,2.40,2.10
2010.11.30 14:20:21.174,1.02734,1.02751,2.40,2.80
2010.11.30 14:20:26.537,1.02735,1.02751,1.20,2.80
2010.11.30 14:20:27.538,1.02734,1.02751,3.10,2.80
2010.11.30 14:20:27.956,1.0273,1.02745,1.50,2.50
2010.11.30 14:20:28.077,1.02724,1.02742,1.50,4.20
2010.11.30 14:20:28.653,1.02733,1.02742,2.30,4.70
2010.11.30 14:20:34.895,1.02725,1.02742,1.50,3.20
2010.11.30 14:20:54.981,1.02726,1.02742,1.20,3.20
2010.11.30 14:20:55.473,1.0273,1.02745,3.00,2.30
2010.11.30 14:20:55.594,1.02731,1.02749,1.50,2.10
2010.11.30 14:20:55.888,1.02731,1.02751,1.50,5.10
2010.11.30 14:21:01.957,1.02736,1.02753,3.00,1.50
2010.11.30 14:21:02.505,1.02737,1.02753,1.50,1.50
2010.11.30 14:21:04.140,1.02737,1.02751,1.50,1.50
2010.11.30 14:21:04.381,1.02735,1.02751,1.50,3.80
2010.11.30 14:21:05.312,1.02738,1.02754,1.50,1.50
2010.11.30 14:21:05.675,1.02741,1.02756,1.50,1.50
2010.11.30 14:21:06.112,1.02743,1.0276,1.50,1.50
2010.11.30 14:21:06.674,1.02743,1.02761,1.50,3.60
2010.11.30 14:21:06.905,1.02743,1.02761,1.50,3.60
2010.11.30 14:21:08.848,1.02744,1.02759,1.50,1.90
2010.11.30 14:21:09.358,1.02744,1.02763,1.50,2.10
2010.11.30 14:21:10.232,1.02744,1.02763,1.50,1.50
2010.11.30 14:21:10.794,1.02747,1.02765,1.50,2.30
2010.11.30 14:21:11.320,1.02749,1.02766,3.00,1.50
2010.11.30 14:21:11.653,1.0275,1.02766,1.50,1.50
2010.11.30 14:21:17.508,1.02751,1.02769,3.80,2.10
2010.11.30 14:21:17.626,1.02751,1.0277,3.80,2.80
2010.11.30 14:21:18.944,1.02751,1.02768,3.80,1.50
2010.11.30 14:21:21.435,1.02751,1.02769,3.80,2.70
2010.11.30 14:21:22.221,1.02749,1.02766,3.80,1.50
2010.11.30 14:21:22.377,1.02751,1.02766,1.50,1.50
2010.11.30 14:21:30.643,1.02751,1.02767,1.50,1.50
2010.11.30 14:21:31.643,1.02751,1.02769,1.50,2.80
2010.11.30 14:21:34.065,1.02751,1.02767,1.50,1.50
2010.11.30 14:21:34.766,1.02751,1.02768,1.50,2.10
2010.11.30 14:21:35.327,1.02754,1.02768,4.20,2.10
2010.11.30 14:21:35.679,1.02753,1.02771,5.30,2.10
2010.11.30 14:21:35.799,1.02753,1.02769,3.00,1.50
2010.11.30 14:21:37.932,1.02752,1.02765,1.50,1.50
2010.11.30 14:21:38.699,1.02752,1.02765,1.50,2.30
2010.11.30 14:21:39.376,1.02749,1.02765,1.50,2.30
2010.11.30 14:21:41.717,1.02748,1.02765,1.20,2.30
2010.11.30 14:21:41.840,1.02749,1.02765,1.50,2.30
2010.11.30 14:21:42.331,1.02746,1.02764,1.50,2.80
2010.11.30 14:21:46.878,1.02745,1.02763,2.30,2.80
2010.11.30 14:21:54.570,1.02744,1.02761,5.10,2.80
2010.11.30 14:21:56.620,1.02737,1.02757,1.50,3.60
2010.11.30 14:21:56.846,1.02737,1.02749,1.50,1.50
2010.11.30 14:21:57.326,1.02733,1.02749,4.50,1.50
2010.11.30 14:21:58.016,1.02733,1.02749,4.50,1.50
2010.11.30 14:22:02.857,1.02734,1.02752,1.50,4.70
2010.11.30 14:22:09.218,1.02737,1.02752,1.40,2.10
2010.11.30 14:22:09.647,1.02744,1.02763,3.00,1.30
2010.11.30 14:22:12.292,1.02746,1.0276,1.50,1.50
2010.11.30 14:22:13.135,1.02741,1.0276,3.00,1.30
2010.11.30 14:22:13.254,1.02742,1.02762,1.50,6.20
2010.11.30 14:22:16.016,1.02742,1.02758,1.50,1.50
2010.11.30 14:22:16.425,1.02742,1.02761,1.50,2.10
2010.11.30 14:22:24.007,1.02745,1.02762,2.70,3.60
2010.11.30 14:22:24.379,1.02748,1.02764,3.00,1.30
2010.11.30 14:22:25.904,1.02749,1.02764,2.30,1.30
2010.11.30 14:22:28.096,1.02746,1.02764,3.80,1.30
2010.11.30 14:22:32.556,1.02749,1.02764,2.30,1.30
2010.11.30 14:22:33.334,1.02746,1.02764,1.50,1.30
2010.11.30 14:22:36.203,1.02748,1.02765,5.70,2.10
2010.11.30 14:22:40.680,1.02749,1.02766,1.70,2.10
2010.11.30 14:22:40.922,1.02751,1.02768,3.80,1.30
2010.11.30 14:22:41.363,1.02751,1.0277,3.40,1.30
2010.11.30 14:22:42.109,1.02754,1.0277,2.30,1.30
2010.11.30 14:22:42.781,1.02759,1.02774,3.80,1.30
2010.11.30 14:22:42.899,1.02761,1.02777,1.50,1.50
2010.11.30 14:22:43.396,1.02762,1.02779,3.00,2.10
2010.11.30 14:22:44.329,1.02766,1.02781,1.70,4.30
2010.11.30 14:22:44.569,1.02774,1.02784,2.30,1.30
2010.11.30 14:22:44.692,1.02774,1.02789,4.00,2.80
2010.11.30 14:22:44.997,1.02779,1.02784,1.50,1.50
2010.11.30 14:22:45.117,1.02778,1.02795,1.50,1.20
2010.11.30 14:22:45.346,1.02774,1.02793,4.00,2.10
2010.11.30 14:22:45.469,1.02774,1.0279,1.50,1.50
2010.11.30 14:22:46.036,1.02769,1.02785,1.50,1.30
2010.11.30 14:22:46.157,1.02768,1.02785,3.00,1.30
2010.11.30 14:22:46.275,1.02768,1.02783,1.50,1.50
2010.11.30 14:22:46.616,1.02774,1.02788,2.30,1.40
2010.11.30 14:22:46.964,1.02768,1.02788,6.40,2.80
2010.11.30 14:22:47.086,1.02768,1.02785,5.70,2.10
2010.11.30 14:22:47.874,1.02774,1.02785,2.30,2.10
2010.11.30 14:22:47.996,1.02774,1.02787,2.30,1.30
2010.11.30 14:22:48.458,1.02768,1.02787,2.30,1.30
2010.11.30 14:22:48.686,1.02768,1.02785,2.30,1.30
2010.11.30 14:22:50.395,1.02769,1.02786,3.00,1.30
2010.11.30 14:22:58.148,1.02769,1.02785,3.00,1.30
2010.11.30 14:22:59.136,1.02767,1.02783,1.50,1.90
2010.11.30 14:22:59.551,1.02754,1.02775,3.00,1.30
2010.11.30 14:22:59.886,1.02754,1.02774,3.00,2.10
2010.11.30 14:23:01.691,1.0276,1.02773,1.90,1.30
2010.11.30 14:23:01.811,1.02763,1.02776,3.80,2.30
2010.11.30 14:23:01.931,1.02763,1.02782,6.00,1.50
2010.11.30 14:23:02.251,1.02766,1.02785,1.50,1.30
2010.11.30 14:23:02.594,1.02766,1.02786,1.50,4.30
2010.11.30 14:23:04.615,1.02769,1.02785,1.50,1.20
2010.11.30 14:23:13.480,1.02769,1.02785,1.50,1.20
2010.11.30 14:23:13.617,1.02774,1.02787,2.30,1.30
2010.11.30 14:23:14.243,1.02745,1.02772,1.50,1.30
2010.11.30 14:23:15.223,1.02743,1.02771,3.00,2.10
2010.11.30 14:23:16.589,1.02753,1.02769,5.30,1.30
2010.11.30 14:23:16.706,1.02753,1.02771,5.30,2.10
2010.11.30 14:23:16.826,1.02753,1.02771,5.30,2.10
2010.11.30 14:23:17.056,1.02755,1.02772,1.50,2.10
2010.11.30 14:23:19.283,1.02758,1.02775,3.00,2.80
2010.11.30 14:23:19.631,1.02761,1.02779,1.50,2.10
2010.11.30 14:23:19.968,1.02761,1.02779,1.50,3.60
2010.11.30 14:23:20.747,1.02761,1.02777,1.50,2.70
2010.11.30 14:23:20.869,1.02759,1.02777,1.20,3.20
2010.11.30 14:23:20.988,1.02758,1.02775,1.20,1.30
2010.11.30 14:23:22.757,1.02759,1.02776,1.20,2.10
2010.11.30 14:23:22.895,1.02762,1.02776,3.00,1.50
2010.11.30 14:23:27.817,1.02761,1.02776,1.50,2.30
2010.11.30 14:23:28.521,1.02761,1.02779,1.50,3.00
2010.11.30 14:23:29.427,1.02761,1.02776,1.50,2.30
2010.11.30 14:23:29.984,1.02763,1.02778,3.00,2.80
2010.11.30 14:23:33.148,1.02763,1.02781,1.50,2.80
2010.11.30 14:23:33.755,1.02765,1.02783,1.50,1.30
2010.11.30 14:23:33.879,1.02765,1.02783,1.50,1.30
2010.11.30 14:23:37.127,1.02763,1.02781,1.50,3.60
2010.11.30 14:23:38.334,1.02761,1.02781,3.80,3.60
2010.11.30 14:23:40.552,1.02761,1.02778,1.50,2.10
2010.11.30 14:23:42.129,1.02758,1.02776,1.20,3.60
2010.11.30 14:23:51.619,1.02759,1.02776,1.50,5.10
2010.11.30 14:23:51.748,1.02764,1.02784,3.80,1.30
2010.11.30 14:24:11.892,1.02762,1.02782,3.00,4.70
2010.11.30 14:24:12.670,1.0276,1.0278,1.50,2.80
2010.11.30 14:24:13.677,1.02763,1.0278,2.30,1.30
2010.11.30 14:24:13.926,1.02763,1.02781,3.00,2.10
2010.11.30 14:24:14.574,1.02766,1.02783,1.50,1.30
2010.11.30 14:24:21.706,1.02769,1.02783,2.30,1.30
2010.11.30 14:24:21.825,1.0277,1.02786,1.50,1.50
2010.11.30 14:24:22.566,1.0277,1.02789,1.50,2.10
2010.11.30 14:24:22.795,1.0277,1.02788,1.50,1.30
2010.11.30 14:24:24.693,1.02768,1.02786,3.80,4.00
2010.11.30 14:24:25.043,1.02768,1.02786,1.50,4.30
2010.11.30 14:24:26.087,1.02769,1.02786,3.00,1.50
2010.11.30 14:24:26.326,1.02766,1.02786,3.80,4.30
2010.11.30 14:24:26.560,1.02763,1.02782,1.50,4.90
2010.11.30 14:24:26.962,1.02759,1.02779,3.00,1.30
2010.11.30 14:24:27.738,1.02759,1.02778,2.30,1.30
2010.11.30 14:24:28.325,1.02759,1.02775,1.50,1.30
2010.11.30 14:24:29.311,1.02758,1.02775,5.30,1.30
2010.11.30 14:24:30.119,1.02755,1.02771,1.50,3.20
2010.11.30 14:24:31.138,1.02751,1.02769,1.50,1.30
2010.11.30 14:24:34.850,1.02755,1.02771,1.50,3.20
2010.11.30 14:24:35.297,1.02755,1.02776,2.30,5.80
2010.11.30 14:24:35.425,1.02755,1.02776,2.30,5.80
2010.11.30 14:24:35.845,1.02755,1.02776,1.50,5.80
2010.11.30 14:24:37.016,1.02755,1.02776,3.00,3.60
2010.11.30 14:24:38.145,1.02757,1.02776,3.80,2.80
2010.11.30 14:24:39.978,1.02764,1.02777,2.30,1.30
2010.11.30 14:24:40.325,1.0276,1.02777,1.50,1.30
2010.11.30 14:24:40.788,1.02759,1.02776,2.30,1.30
2010.11.30 14:24:42.400,1.02756,1.02776,3.00,2.10
2010.11.30 14:24:44.422,1.02759,1.02776,2.30,1.30
2010.11.30 14:24:52.835,1.02756,1.02774,3.00,1.30
2010.11.30 14:24:56.792,1.02756,1.02774,1.50,3.20
2010.11.30 14:25:00.996,1.02753,1.02771,1.50,3.60
2010.11.30 14:25:01.545,1.02755,1.02773,1.50,1.30
2010.11.30 14:25:05.569,1.02757,1.02773,1.20,1.30
2010.11.30 14:25:05.706,1.02759,1.02777,3.40,2.80
2010.11.30 14:25:05.827,1.02762,1.02777,2.30,2.80
2010.11.30 14:25:06.498,1.02762,1.02779,2.30,1.30
2010.11.30 14:25:09.514,1.0276,1.02779,1.50,1.30
2010.11.30 14:25:09.633,1.02759,1.02778,3.00,1.30
2010.11.30 14:25:10.870,1.02758,1.02777,3.80,3.20
2010.11.30 14:25:11.470,1.02752,1.02771,1.50,1.70
2010.11.30 14:25:11.595,1.02752,1.02771,1.50,1.70
2010.11.30 14:25:13.601,1.02753,1.0277,2.30,1.30
2010.11.30 14:25:14.049,1.02757,1.02775,3.00,1.30
2010.11.30 14:25:14.511,1.02759,1.02776,3.00,3.70
2010.11.30 14:25:15.090,1.02756,1.02773,1.50,1.10
2010.11.30 14:25:15.207,1.02756,1.02771,1.50,3.30
2010.11.30 14:25:17.105,1.02754,1.02771,3.00,3.30
2010.11.30 14:25:18.537,1.02754,1.02772,2.30,1.50
2010.11.30 14:25:19.538,1.02754,1.02772,2.30,1.30
2010.11.30 14:25:19.974,1.02755,1.02773,2.30,1.30
2010.11.30 14:25:21.937,1.02755,1.02775,2.30,1.30
2010.11.30 14:25:22.328,1.0276,1.02776,2.30,2.10
2010.11.30 14:25:22.450,1.02759,1.02778,3.80,2.10
2010.11.30 14:25:23.100,1.02759,1.02776,3.00,1.30
2010.11.30 14:25:36.759,1.02761,1.02779,1.50,2.80
2010.11.30 14:25:37.106,1.0276,1.0278,1.50,1.30
2010.11.30 14:25:37.337,1.02759,1.02778,2.30,1.30
2010.11.30 14:25:44.394,1.02759,1.02779,1.50,1.30
2010.11.30 14:25:50.966,1.02759,1.02777,1.50,5.10
2010.11.30 14:25:58.646,1.02759,1.02779,3.40,2.80
2010.11.30 14:26:09.601,1.02759,1.02777,2.30,1.30
2010.11.30 14:26:26.448,1.02762,1.02778,2.30,1.30
2010.11.30 14:26:27.023,1.02762,1.02779,3.00,2.10
2010.11.30 14:26:27.598,1.02764,1.02779,1.50,2.10
2010.11.30 14:26:30.007,1.02762,1.02779,3.00,1.50
2010.11.30 14:26:30.828,1.02762,1.0278,3.00,2.10
2010.11.30 14:26:31.290,1.02762,1.0278,3.80,2.80
2010.11.30 14:26:33.385,1.02765,1.02783,1.50,1.40
2010.11.30 14:26:38.912,1.02764,1.02781,3.00,1.40
2010.11.30 14:26:42.074,1.02764,1.0278,3.00,1.30
2010.11.30 14:26:42.696,1.02761,1.02778,2.30,1.30
2010.11.30 14:26:49.680,1.02762,1.02778,2.30,1.30
2010.11.30 14:26:49.910,1.02762,1.02779,3.00,1.30
2010.11.30 14:26:53.517,1.02763,1.02779,2.00,1.30
2010.11.30 14:26:53.885,1.02774,1.02789,2.30,10.40
2010.11.30 14:26:54.015,1.02774,1.02787,2.30,1.50
2010.11.30 14:26:54.139,1.02771,1.02787,1.50,1.60
2010.11.30 14:26:54.527,1.02769,1.02787,3.80,2.50
2010.11.30 14:26:56.218,1.0277,1.02788,1.20,1.40
2010.11.30 14:26:56.457,1.02773,1.02788,2.30,1.30
2010.11.30 14:26:56.815,1.02773,1.02789,3.00,1.30
2010.11.30 14:26:56.941,1.02774,1.02791,1.50,2.10
2010.11.30 14:26:57.788,1.02775,1.02791,1.50,2.10
2010.11.30 14:26:58.020,1.02777,1.02794,1.50,2.10
2010.11.30 14:26:58.660,1.02773,1.02793,3.80,2.80
2010.11.30 14:26:59.932,1.02784,1.02793,2.30,1.30
2010.11.30 14:27:00.156,1.02784,1.02799,2.30,2.80
2010.11.30 14:27:00.938,1.02779,1.02797,1.50,2.10
2010.11.30 14:27:02.264,1.02781,1.02797,1.50,2.10
2010.11.30 14:27:03.095,1.02784,1.02797,1.50,2.10
2010.11.30 14:27:06.329,1.02788,1.02799,2.30,2.10
2010.11.30 14:27:06.690,1.02791,1.02806,1.20,3.20
2010.11.30 14:27:06.814,1.02797,1.02808,2.30,2.50
2010.11.30 14:27:07.220,1.02797,1.02811,2.30,1.20
2010.11.30 14:27:07.352,1.02795,1.02812,3.00,1.10
2010.11.30 14:27:07.737,1.02797,1.02813,2.30,1.70
2010.11.30 14:27:08.001,1.02792,1.02806,1.50,2.30
2010.11.30 14:27:08.388,1.02793,1.02811,3.80,1.40
2010.11.30 14:27:09.588,1.02796,1.02813,3.00,1.30
2010.11.30 14:27:10.148,1.02793,1.02811,1.50,2.80
2010.11.30 14:27:10.724,1.02799,1.02813,2.30,1.70
2010.11.30 14:27:10.957,1.02799,1.02814,2.30,1.30
2010.11.30 14:27:14.645,1.02798,1.02814,7.90,1.30
2010.11.30 14:27:14.766,1.028,1.02818,1.50,1.30
2010.11.30 14:27:15.334,1.02799,1.02818,1.90,1.30
2010.11.30 14:27:18.387,1.02802,1.02818,3.00,1.30
2010.11.30 14:27:18.505,1.02802,1.02818,3.00,1.30
2010.11.30 14:27:19.347,1.02804,1.02818,1.50,1.30
2010.11.30 14:27:20.317,1.02803,1.0282,1.20,1.30
2010.11.30 14:27:20.763,1.02799,1.02817,1.90,1.30
2010.11.30 14:27:21.217,1.02798,1.02817,6.80,1.30
2010.11.30 14:27:24.186,1.02799,1.02817,1.20,1.30
2010.11.30 14:27:24.912,1.028,1.02817,1.20,1.30
2010.11.30 14:27:28.239,1.02804,1.02818,1.20,1.30
2010.11.30 14:27:32.671,1.02809,1.02826,3.00,2.10
2010.11.30 14:27:32.791,1.02809,1.02826,1.20,2.10
2010.11.30 14:27:35.007,1.02809,1.02826,3.40,2.10
2010.11.30 14:27:35.126,1.02811,1.02826,1.90,2.10
2010.11.30 14:27:35.479,1.02812,1.02831,3.00,1.70
2010.11.30 14:27:35.816,1.02812,1.02826,3.00,3.30
2010.11.30 14:27:38.065,1.02811,1.02826,1.20,3.20
2010.11.30 14:27:40.097,1.02808,1.02825,3.40,1.30
2010.11.30 14:27:40.441,1.02807,1.02824,1.50,1.30
2010.11.30 14:27:40.566,1.02809,1.02826,1.20,4.40
2010.11.30 14:27:45.406,1.02813,1.0283,3.00,1.30
2010.11.30 14:27:45.745,1.02814,1.02834,2.30,1.30
2010.11.30 14:27:45.881,1.02816,1.02834,1.50,1.30
2010.11.30 14:27:48.143,1.02819,1.02836,2.30,1.30
2010.11.30 14:27:48.259,1.02819,1.02836,3.00,1.30
2010.11.30 14:27:52.301,1.02819,1.02836,6.00,1.30
2010.11.30 14:27:52.419,1.02821,1.02839,2.30,1.30
2010.11.30 14:27:52.828,1.02819,1.02838,1.50,2.10
2010.11.30 14:27:52.947,1.02818,1.02836,3.40,1.30
2010.11.30 14:27:53.837,1.02818,1.02836,3.40,1.30
2010.11.30 14:27:55.127,1.02817,1.02835,1.50,1.30
2010.11.30 14:28:01.948,1.0282,1.0284,1.50,2.20
2010.11.30 14:28:02.069,1.02824,1.02841,3.80,1.50
2010.11.30 14:28:02.980,1.02821,1.02842,3.80,5.90
2010.11.30 14:28:03.123,1.02821,1.02838,1.50,1.30
2010.11.30 14:28:16.989,1.0282,1.02838,1.50,1.30
2010.11.30 14:28:17.447,1.02822,1.0284,1.50,1.40
2010.11.30 14:28:18.787,1.02819,1.02839,1.50,1.40
2010.11.30 14:28:19.235,1.02819,1.02839,1.70,1.40
2010.11.30 14:28:19.736,1.02823,1.02839,1.40,1.40
2010.11.30 14:28:20.181,1.02823,1.02841,1.80,1.40
2010.11.30 14:28:20.328,1.02828,1.02847,3.40,3.80
2010.11.30 14:28:23.217,1.0283,1.02848,1.50,1.50
2010.11.30 14:28:23.342,1.02829,1.02849,3.00,4.50
2010.11.30 14:28:23.644,1.02829,1.02849,3.00,3.00
2010.11.30 14:28:23.992,1.02829,1.02849,5.50,1.30
2010.11.30 14:28:25.175,1.02831,1.02849,1.30,1.30
2010.11.30 14:28:26.006,1.02831,1.02849,1.30,1.30
2010.11.30 14:28:27.074,1.02837,1.02849,1.60,1.30
2010.11.30 14:28:27.317,1.02834,1.02854,7.20,2.80
2010.11.30 14:28:27.704,1.02844,1.02855,1.80,1.30
2010.11.30 14:28:29.162,1.02838,1.02855,4.50,1.30
2010.11.30 14:28:29.319,1.02838,1.02851,1.90,2.30
2010.11.30 14:28:30.051,1.02844,1.02851,2.40,1.30
2010.11.30 14:28:30.175,1.02844,1.02855,2.10,1.30
2010.11.30 14:28:31.215,1.02844,1.02852,2.10,1.30
2010.11.30 14:28:31.349,1.02835,1.02852,1.50,1.30
2010.11.30 14:28:31.469,1.02844,1.02854,3.00,1.30
2010.11.30 14:28:32.038,1.02843,1.02856,4.40,2.80
2010.11.30 14:28:32.937,1.02844,1.02856,3.20,4.30
2010.11.30 14:28:35.192,1.02844,1.02856,5.30,2.80
2010.11.30 14:28:35.694,1.02843,1.02856,3.90,2.80
2010.11.30 14:28:36.569,1.02843,1.02856,4.30,2.80
2010.11.30 14:28:37.141,1.02844,1.02856,4.20,2.80
2010.11.30 14:28:37.259,1.0284,1.02856,2.30,2.80
2010.11.30 14:28:37.488,1.0284,1.02856,2.70,2.80
2010.11.30 14:28:40.580,1.02844,1.02857,2.30,1.30
2010.11.30 14:28:41.037,1.02844,1.0286,6.40,1.30
2010.11.30 14:28:41.541,1.02844,1.02857,5.80,2.30
2010.11.30 14:28:42.151,1.02843,1.02856,1.50,1.30
2010.11.30 14:28:42.277,1.02839,1.02851,5.70,2.30
2010.11.30 14:28:42.876,1.02838,1.02851,4.90,2.80
2010.11.30 14:28:43.432,1.02839,1.02851,2.30,2.80
2010.11.30 14:28:43.589,1.02837,1.02851,1.50,2.80
2010.11.30 14:28:44.301,1.02835,1.02851,2.30,2.80
2010.11.30 14:28:44.744,1.02834,1.02851,7.20,2.80
2010.11.30 14:28:52.037,1.02834,1.02851,3.00,2.80
2010.11.30 14:28:52.390,1.02829,1.02845,2.30,1.30
2010.11.30 14:28:52.737,1.02825,1.02842,2.30,2.30
2010.11.30 14:28:58.859,1.02827,1.02842,2.40,2.80
2010.11.30 14:28:59.099,1.02827,1.02843,2.40,1.30
2010.11.30 14:28:59.948,1.02826,1.02841,2.30,2.80
2010.11.30 14:29:03.726,1.02827,1.02841,1.50,2.80
2010.11.30 14:29:04.185,1.02833,1.02846,1.30,1.30
2010.11.30 14:29:04.423,1.02833,1.02846,2.20,1.30
2010.11.30 14:29:05.108,1.02833,1.02847,4.50,2.10
2010.11.30 14:29:08.198,1.0283,1.02849,3.00,1.30
2010.11.30 14:29:08.431,1.0283,1.02845,1.50,1.30
2010.11.30 14:29:08.776,1.02827,1.02845,3.80,1.30
2010.11.30 14:29:08.901,1.02828,1.02845,1.50,1.30
2010.11.30 14:29:09.673,1.0283,1.02848,2.60,1.30
2010.11.30 14:29:10.650,1.02832,1.02848,3.00,1.30
2010.11.30 14:29:13.072,1.02831,1.02846,1.70,2.80
2010.11.30 14:29:13.528,1.02828,1.02846,1.80,2.80
2010.11.30 14:29:14.479,1.02829,1.02845,1.40,1.30
2010.11.30 14:29:14.820,1.02827,1.02841,3.00,2.80
2010.11.30 14:29:15.089,1.02824,1.02842,5.30,1.30
2010.11.30 14:29:15.694,1.02824,1.02841,3.30,2.80
2010.11.30 14:29:20.995,1.02823,1.0284,5.40,1.30
2010.11.30 14:29:21.548,1.02823,1.02836,3.90,2.30
2010.11.30 14:29:22.322,1.02823,1.02836,1.10,2.30
2010.11.30 14:29:22.863,1.02812,1.02823,1.50,1.20
2010.11.30 14:29:23.010,1.02804,1.02821,1.50,2.80
2010.11.30 14:29:25.919,1.02807,1.02824,1.50,1.70
2010.11.30 14:29:26.040,1.02807,1.02822,1.50,3.20
2010.11.30 14:29:28.519,1.02804,1.02819,3.00,1.40
2010.11.30 14:29:29.139,1.028,1.02819,1.50,1.30
2010.11.30 14:29:29.260,1.02799,1.02819,5.30,2.10
2010.11.30 14:29:29.830,1.02807,1.02821,2.30,3.00
2010.11.30 14:29:29.965,1.02808,1.02825,2.30,1.30
2010.11.30 14:29:31.641,1.02807,1.02825,3.00,1.70
2010.11.30 14:29:38.941,1.02809,1.02823,1.50,1.30
2010.11.30 14:29:41.729,1.02805,1.02821,1.50,2.80
2010.11.30 14:29:42.452,1.02804,1.02821,1.50,2.80
2010.11.30 14:29:43.811,1.02799,1.02818,5.30,4.00
2010.11.30 14:29:44.379,1.02804,1.02819,1.50,4.20
2010.11.30 14:29:44.743,1.02808,1.02821,2.30,2.80
2010.11.30 14:29:44.979,1.02805,1.02821,2.30,3.20
2010.11.30 14:29:45.718,1.02806,1.02821,1.50,3.20
2010.11.30 14:29:46.057,1.02804,1.02821,2.30,3.20
2010.11.30 14:29:46.730,1.02809,1.02821,1.20,3.20
2010.11.30 14:29:57.939,1.02809,1.02821,1.20,3.20
2010.11.30 14:30:00.877,1.02809,1.02817,1.20,1.30
2010.11.30 14:30:01.411,1.02798,1.02815,1.50,1.30
2010.11.30 14:30:01.539,1.02796,1.02811,1.50,1.40
2010.11.30 14:30:01.884,1.02793,1.02807,1.90,2.90
2010.11.30 14:30:02.008,1.02789,1.02807,3.00,3.40
2010.11.30 14:30:02.438,1.02787,1.02805,3.00,3.20
2010.11.30 14:30:02.684,1.02787,1.02805,5.30,1.30
2010.11.30 14:30:05.599,1.02785,1.02805,5.30,1.30
2010.11.30 14:30:06.663,1.02789,1.02805,3.00,1.30
2010.11.30 14:30:07.484,1.0279,1.02808,3.00,1.30
2010.11.30 14:30:07.708,1.02794,1.02811,1.50,2.80
2010.11.30 14:30:08.213,1.02794,1.02811,2.70,2.80
2010.11.30 14:30:08.760,1.02794,1.02809,1.90,1.30
2010.11.30 14:30:09.118,1.02787,1.02802,3.80,2.70
2010.11.30 14:30:10.587,1.02787,1.02804,2.30,1.60
2010.11.30 14:30:11.157,1.02787,1.02802,2.30,1.30
2010.11.30 14:30:11.680,1.02783,1.02802,1.90,4.20
2010.11.30 14:30:13.114,1.02784,1.02802,1.50,4.00
2010.11.30 14:30:14.623,1.02786,1.02801,2.30,1.30
2010.11.30 14:30:14.978,1.02795,1.02811,2.30,1.30
2010.11.30 14:30:15.359,1.02799,1.02813,3.80,2.10
2010.11.30 14:30:15.480,1.02801,1.0282,1.50,1.30
2010.11.30 14:30:15.601,1.02801,1.0282,2.30,1.30
2010.11.30 14:30:16.036,1.02803,1.02821,1.50,3.80
2010.11.30 14:30:16.163,1.02801,1.02821,1.50,4.50
2010.11.30 14:30:17.236,1.028,1.02821,3.40,4.60
2010.11.30 14:30:17.799,1.02802,1.0282,1.20,1.30
2010.11.30 14:30:18.348,1.02802,1.02815,1.20,1.20
2010.11.30 14:30:18.483,1.02793,1.02806,4.50,2.70
2010.11.30 14:30:18.603,1.02791,1.02806,2.30,2.70
2010.11.30 14:30:19.193,1.02793,1.02812,4.50,2.90
2010.11.30 14:30:19.651,1.02792,1.0281,1.50,3.10
2010.11.30 14:30:19.796,1.02787,1.02806,1.50,1.20
2010.11.30 14:30:19.918,1.02786,1.02806,1.50,2.30
2010.11.30 14:30:28.072,1.02787,1.02801,3.00,2.30
2010.11.30 14:30:28.450,1.02788,1.02804,1.50,1.50
2010.11.30 14:30:28.574,1.02788,1.02806,1.50,2.10
2010.11.30 14:30:29.102,1.02793,1.02807,3.80,2.10
2010.11.30 14:30:29.476,1.02793,1.0281,4.50,2.10
2010.11.30 14:30:30.252,1.02794,1.0281,1.50,1.50
2010.11.30 14:30:31.092,1.02794,1.0281,1.50,2.80
2010.11.30 14:30:31.559,1.0279,1.02806,1.50,1.70
2010.11.30 14:30:31.687,1.02784,1.02802,1.50,4.00
2010.11.30 14:30:31.810,1.02783,1.02802,2.30,4.00
2010.11.30 14:30:32.427,1.0278,1.02799,2.30,1.60
2010.11.30 14:30:33.025,1.02775,1.02791,4.50,2.80
2010.11.30 14:30:34.800,1.02775,1.02791,3.70,2.80
2010.11.30 14:30:35.319,1.02775,1.02791,4.50,5.70
2010.11.30 14:30:35.443,1.02775,1.02787,3.70,2.30
2010.11.30 14:30:35.564,1.02775,1.0279,3.70,1.40
2010.11.30 14:30:37.458,1.02774,1.02791,4.50,4.70
2010.11.30 14:30:37.821,1.02774,1.0279,3.00,2.10
2010.11.30 14:30:39.727,1.02771,1.02788,4.50,1.30
2010.11.30 14:30:40.184,1.02766,1.02784,2.30,2.70
2010.11.30 14:30:40.422,1.02765,1.02781,1.50,3.60
2010.11.30 14:30:41.204,1.02764,1.02781,3.00,2.30
2010.11.30 14:30:41.461,1.02773,1.02781,2.30,2.30
2010.11.30 14:30:41.586,1.02774,1.02789,2.30,1.30
2010.11.30 14:30:41.822,1.02771,1.02789,2.30,1.40
2010.11.30 14:30:43.066,1.0277,1.02788,3.00,2.10
2010.11.30 14:30:43.428,1.02773,1.0279,1.50,2.10
2010.11.30 14:30:45.140,1.0277,1.0279,3.00,1.30
2010.11.30 14:30:45.902,1.02783,1.0279,1.50,1.30
2010.11.30 14:30:46.272,1.02791,1.02795,2.30,2.80
2010.11.30 14:30:46.449,1.02799,1.02821,1.50,1.30
2010.11.30 14:30:46.576,1.02801,1.02823,1.50,2.80
2010.11.30 14:30:46.963,1.02804,1.02825,3.00,1.20
2010.11.30 14:30:47.078,1.02802,1.02824,1.50,1.70
2010.11.30 14:30:49.521,1.02802,1.02819,1.50,1.90
2010.11.30 14:30:50.235,1.02802,1.02819,1.50,2.40
2010.11.30 14:30:50.646,1.02798,1.02816,3.00,2.30
2010.11.30 14:30:51.090,1.02798,1.02816,3.00,3.60
2010.11.30 14:30:51.216,1.02796,1.02812,1.50,2.30
2010.11.30 14:30:51.870,1.02798,1.02814,4.50,1.90
2010.11.30 14:30:52.232,1.02796,1.02806,2.30,2.30
2010.11.30 14:30:52.532,1.02797,1.02813,1.50,3.00
2010.11.30 14:30:53.286,1.02799,1.02817,3.00,1.30
2010.11.30 14:30:53.746,1.02801,1.02819,1.50,1.50
2010.11.30 14:30:56.120,1.02801,1.0282,3.00,1.50
2010.11.30 14:30:57.666,1.02798,1.02817,3.00,2.90
2010.11.30 14:30:57.898,1.02797,1.02817,3.00,3.60
2010.11.30 14:30:58.355,1.02797,1.02815,1.50,1.30
2010.11.30 14:30:59.138,1.02796,1.02814,1.50,2.80
2010.11.30 14:30:59.499,1.02791,1.02811,2.30,1.30
2010.11.30 14:30:59.619,1.02791,1.02809,2.30,1.30
2010.11.30 14:31:00.400,1.02789,1.02807,3.80,1.30
2010.11.30 14:31:01.315,1.02793,1.02807,2.30,1.30
2010.11.30 14:31:01.550,1.02793,1.02811,3.80,1.30
2010.11.30 14:31:01.933,1.02793,1.02811,2.30,2.30
2010.11.30 14:31:02.563,1.0279,1.02811,4.50,2.80
2010.11.30 14:31:02.714,1.0279,1.0281,2.30,1.30
2010.11.30 14:31:03.325,1.0279,1.02807,1.20,1.80
2010.11.30 14:31:03.558,1.02787,1.02805,5.30,1.30
2010.11.30 14:31:04.538,1.02789,1.02805,2.30,1.30
2010.11.30 14:31:06.091,1.02791,1.02808,1.50,1.30
2010.11.30 14:31:07.122,1.02791,1.02808,3.00,1.30
2010.11.30 14:31:08.529,1.02791,1.02808,2.30,1.30
2010.11.30 14:31:09.364,1.02791,1.02808,2.30,1.80
2010.11.30 14:31:10.006,1.02794,1.02807,2.30,1.30
2010.11.30 14:31:10.124,1.02791,1.02807,1.50,1.30
2010.11.30 14:31:14.841,1.02793,1.02807,2.70,1.30
2010.11.30 14:31:15.080,1.02791,1.02807,1.50,1.30
2010.11.30 14:31:17.554,1.0279,1.02807,2.70,1.30
2010.11.30 14:31:17.670,1.02791,1.02809,1.20,1.30
2010.11.30 14:31:19.579,1.02793,1.02812,3.40,1.30
2010.11.30 14:31:22.448,1.02792,1.0281,1.50,1.30
2010.11.30 14:31:24.739,1.02793,1.02811,5.30,1.30
2010.11.30 14:31:25.116,1.02791,1.02809,1.50,1.30
2010.11.30 14:31:25.954,1.02793,1.02814,7.50,2.10
2010.11.30 14:31:26.190,1.02796,1.02814,2.70,2.10
2010.11.30 14:31:26.646,1.02799,1.02815,1.50,2.80
2010.11.30 14:31:27.380,1.02794,1.02812,1.50,3.20
2010.11.30 14:31:27.539,1.02794,1.02812,1.50,2.70
2010.11.30 14:31:27.891,1.02794,1.02811,1.50,1.30
2010.11.30 14:31:30.023,1.02792,1.02812,3.00,6.20
2010.11.30 14:31:31.255,1.02792,1.02809,2.30,1.30
2010.11.30 14:31:33.373,1.02791,1.02808,1.50,1.30
2010.11.30 14:31:35.709,1.02788,1.02806,1.50,2.50
2010.11.30 14:31:36.673,1.02788,1.02806,1.50,3.60
2010.11.30 14:31:37.815,1.02788,1.02806,1.50,3.40
2010.11.30 14:31:38.043,1.02784,1.02801,3.10,2.80
2010.11.30 14:31:38.279,1.02784,1.02799,2.30,1.30
2010.11.30 14:31:39.544,1.02777,1.02795,1.50,1.30
2010.11.30 14:31:39.768,1.02775,1.02795,3.00,1.30
2010.11.30 14:31:39.887,1.02775,1.02795,3.00,1.90
2010.11.30 14:31:40.421,1.02776,1.02796,3.00,3.70
2010.11.30 14:31:40.659,1.02779,1.02799,1.50,1.50
2010.11.30 14:31:40.778,1.02781,1.02799,2.30,1.50
2010.11.30 14:31:43.630,1.02782,1.02799,2.30,1.30
2010.11.30 14:31:43.818,1.02782,1.02802,3.00,5.10
2010.11.30 14:31:44.453,1.02782,1.02802,1.50,7.30
2010.11.30 14:31:45.017,1.02781,1.02798,1.50,1.30
2010.11.30 14:31:45.803,1.02781,1.02799,1.50,1.30
2010.11.30 14:31:49.920,1.02781,1.02796,1.50,2.30
2010.11.30 14:31:50.270,1.02779,1.02796,1.50,4.00
2010.11.30 14:31:50.681,1.02774,1.02794,4.50,1.60
2010.11.30 14:31:50.920,1.02774,1.02791,3.00,1.30
2010.11.30 14:31:53.244,1.02772,1.02791,2.30,1.30
2010.11.30 14:31:53.611,1.02772,1.02789,2.30,1.70
2010.11.30 14:31:54.169,1.02774,1.02789,2.30,1.30
2010.11.30 14:31:55.448,1.0277,1.02787,4.50,1.10
2010.11.30 14:31:56.282,1.0277,1.02787,1.50,6.00
2010.11.30 14:31:56.615,1.02768,1.02785,3.80,2.40
2010.11.30 14:31:56.851,1.02763,1.02782,2.30,4.00
2010.11.30 14:31:57.847,1.02761,1.02779,1.50,1.30
2010.11.30 14:31:59.200,1.02761,1.02776,1.50,2.30
2010.11.30 14:31:59.752,1.02758,1.02776,1.50,2.80
2010.11.30 14:32:00.100,1.02761,1.02778,1.50,1.30
2010.11.30 14:32:00.558,1.02758,1.02777,5.70,1.30
2010.11.30 14:32:01.184,1.02758,1.02776,5.70,1.30
2010.11.30 14:32:01.612,1.02764,1.02779,3.00,1.30
2010.11.30 14:32:01.736,1.02764,1.02781,3.00,1.30
2010.11.30 14:32:02.329,1.02764,1.02781,1.50,2.80
2010.11.30 14:32:02.667,1.02764,1.02781,1.50,2.40
2010.11.30 14:32:03.220,1.0276,1.02777,1.50,3.60
2010.11.30 14:32:04.307,1.0276,1.02776,1.50,1.20
2010.11.30 14:32:05.559,1.0276,1.02777,1.50,4.00
2010.11.30 14:32:06.725,1.0276,1.02777,1.50,3.20
2010.11.30 14:32:06.965,1.02763,1.0278,3.80,1.50
2010.11.30 14:32:07.661,1.02765,1.02781,1.50,2.30
2010.11.30 14:32:10.534,1.02763,1.02781,1.50,2.80
2010.11.30 14:32:10.666,1.02762,1.0278,1.50,1.30
2010.11.30 14:32:12.739,1.02767,1.02781,1.50,2.30
2010.11.30 14:32:12.861,1.02767,1.02785,1.50,4.10
2010.11.30 14:32:14.981,1.02765,1.02785,1.50,1.40
2010.11.30 14:32:18.202,1.02765,1.02782,1.50,1.20
2010.11.30 14:32:18.738,1.02763,1.02777,1.50,5.80
2010.11.30 14:32:18.861,1.02757,1.02777,1.50,5.80
2010.11.30 14:32:19.088,1.02759,1.02777,1.50,5.10
2010.11.30 14:32:21.408,1.02759,1.02776,1.50,2.40
2010.11.30 14:32:21.834,1.02757,1.02776,1.50,1.40
2010.11.30 14:32:22.077,1.02759,1.02776,1.50,2.80
2010.11.30 14:32:22.479,1.02761,1.02779,1.50,2.10
2010.11.30 14:32:29.106,1.02761,1.02781,1.50,3.80
2010.11.30 14:32:30.748,1.02761,1.02776,1.50,3.80
2010.11.30 14:32:31.395,1.02762,1.0278,1.50,6.70
2010.11.30 14:32:31.727,1.02762,1.0278,1.50,3.20
2010.11.30 14:32:32.392,1.02762,1.0278,1.50,2.80
2010.11.30 14:32:34.359,1.0276,1.02777,1.50,1.20
2010.11.30 14:32:34.481,1.0276,1.02777,1.50,4.00
2010.11.30 14:32:38.017,1.02762,1.0278,1.50,1.30
2010.11.30 14:32:39.806,1.02762,1.0278,1.50,1.70
2010.11.30 14:32:40.320,1.02762,1.0278,1.50,1.70
2010.11.30 14:32:40.923,1.02762,1.02778,1.50,1.70
2010.11.30 14:32:41.167,1.02758,1.02776,1.50,1.30
2010.11.30 14:32:42.260,1.02758,1.02773,1.50,1.50
2010.11.30 14:32:44.872,1.02755,1.02771,1.50,2.30
2010.11.30 14:32:45.101,1.02751,1.02771,1.50,3.60
2010.11.30 14:32:45.440,1.02751,1.02766,1.50,2.30
2010.11.30 14:32:45.561,1.0275,1.02766,1.50,2.30
2010.11.30 14:32:46.000,1.02754,1.02771,2.30,1.30
2010.11.30 14:32:51.269,1.02752,1.02766,2.30,2.30
2010.11.30 14:32:51.874,1.02751,1.0277,5.30,2.80
2010.11.30 14:32:52.845,1.02752,1.02771,2.30,1.30
2010.11.30 14:32:53.363,1.02752,1.02771,2.30,1.30
2010.11.30 14:32:53.824,1.02752,1.02769,2.30,1.30
2010.11.30 14:32:56.173,1.02751,1.02767,2.30,2.30
2010.11.30 14:32:56.417,1.02751,1.02769,1.50,1.30
2010.11.30 14:32:57.103,1.0275,1.0277,5.30,2.80
2010.11.30 14:32:58.465,1.02748,1.02767,1.20,3.60
2010.11.30 14:32:58.842,1.0275,1.02769,2.30,1.30
2010.11.30 14:33:03.634,1.0275,1.02769,3.00,1.30
2010.11.30 14:33:04.089,1.02754,1.02769,2.30,1.30
2010.11.30 14:33:04.331,1.02751,1.02769,5.30,1.30
2010.11.30 14:33:05.348,1.02751,1.02769,5.30,1.30
2010.11.30 14:33:05.658,1.02753,1.02771,3.80,1.30
2010.11.30 14:33:08.184,1.02756,1.02773,2.10,1.30
2010.11.30 14:33:08.549,1.02763,1.02779,3.00,1.30
2010.11.30 14:33:09.791,1.02763,1.02781,3.00,1.30
2010.11.30 14:33:13.548,1.02756,1.02767,3.00,2.30
2010.11.30 14:33:13.681,1.02753,1.02767,8.50,2.30
2010.11.30 14:33:14.031,1.02752,1.02771,1.50,4.30
2010.11.30 14:33:15.605,1.02753,1.02771,1.50,1.30
2010.11.30 14:33:17.014,1.02763,1.02773,2.30,2.10
2010.11.30 14:33:17.367,1.02763,1.02774,4.50,1.30
2010.11.30 14:33:17.566,1.02755,1.02772,3.00,2.80
2010.11.30 14:33:18.104,1.02754,1.02769,2.30,3.40
2010.11.30 14:33:18.223,1.02752,1.02766,2.30,2.70
2010.11.30 14:33:25.057,1.02748,1.02766,1.50,2.80
2010.11.30 14:33:25.718,1.02748,1.02766,1.50,3.70
2010.11.30 14:33:25.949,1.02746,1.02764,1.50,1.30
2010.11.30 14:33:26.412,1.02744,1.02761,3.00,1.90
2010.11.30 14:33:27.840,1.02741,1.02759,6.00,1.30
2010.11.30 14:33:28.970,1.02744,1.02759,2.30,1.30
2010.11.30 14:33:34.614,1.02744,1.02759,3.00,1.30
2010.11.30 14:33:38.410,1.02743,1.02756,2.30,2.80
2010.11.30 14:33:39.074,1.0274,1.0276,3.00,1.30
2010.11.30 14:33:39.626,1.02741,1.02759,1.50,1.30
2010.11.30 14:33:47.328,1.02743,1.02759,4.50,1.30
2010.11.30 14:33:47.893,1.02741,1.02759,1.50,1.30
2010.11.30 14:33:54.787,1.02741,1.02757,1.50,5.70
2010.11.30 14:33:55.297,1.02737,1.02756,3.00,1.30
2010.11.30 14:33:55.639,1.0274,1.02757,1.50,3.30
2010.11.30 14:34:01.675,1.02735,1.02756,3.20,3.70
2010.11.30 14:34:02.240,1.02729,1.02746,1.50,2.30
2010.11.30 14:34:03.446,1.02728,1.02746,1.50,2.80
2010.11.30 14:34:03.978,1.02726,1.02746,3.00,3.60
2010.11.30 14:34:07.992,1.0273,1.02746,2.30,3.60
2010.11.30 14:34:08.737,1.02731,1.02751,2.30,2.90
2010.11.30 14:34:09.001,1.02733,1.02751,1.50,3.70
2010.11.30 14:34:10.552,1.02732,1.02751,1.50,5.20
2010.11.30 14:34:13.852,1.02731,1.02749,1.70,1.30
2010.11.30 14:34:14.214,1.0273,1.02751,3.80,4.80
2010.11.30 14:34:14.458,1.0273,1.0275,3.80,1.20
2010.11.30 14:34:15.202,1.02726,1.02743,2.30,1.30
2010.11.30 14:34:15.825,1.02724,1.02743,3.80,3.00
2010.11.30 14:34:16.062,1.02722,1.02739,2.30,1.50
2010.11.30 14:34:16.305,1.02723,1.02741,3.00,2.80
2010.11.30 14:34:17.443,1.02726,1.02742,3.00,2.10
2010.11.30 14:34:17.559,1.02728,1.02742,2.70,1.50
2010.11.30 14:34:17.678,1.02728,1.02746,4.90,1.30
2010.11.30 14:34:18.032,1.02731,1.02745,2.30,1.30
2010.11.30 14:34:18.490,1.02731,1.0275,3.80,2.10
2010.11.30 14:34:22.322,1.02731,1.02749,3.00,2.80
2010.11.30 14:34:26.434,1.02728,1.02748,7.90,1.30
2010.11.30 14:34:26.668,1.02728,1.02746,5.70,2.10
2010.11.30 14:34:26.790,1.02731,1.02746,2.30,2.10
2010.11.30 14:34:27.807,1.02731,1.0275,3.00,3.10
2010.11.30 14:34:27.929,1.02731,1.02748,3.00,1.60
2010.11.30 14:34:30.208,1.02731,1.02748,3.00,1.30
2010.11.30 14:34:31.236,1.02731,1.02748,3.50,1.30
2010.11.30 14:34:31.589,1.02734,1.0275,2.30,1.30
2010.11.30 14:34:31.717,1.02734,1.02751,1.50,2.80
2010.11.30 14:34:31.840,1.02735,1.02751,1.50,2.80
2010.11.30 14:34:32.434,1.02736,1.02753,2.30,1.30
2010.11.30 14:34:32.952,1.02736,1.02754,3.00,1.30
2010.11.30 14:34:33.621,1.02734,1.02752,1.50,2.30
2010.11.30 14:34:33.746,1.02734,1.02752,1.50,2.80
2010.11.30 14:34:36.789,1.02734,1.02751,1.50,3.20
2010.11.30 14:34:36.914,1.0273,1.02742,1.50,1.50
2010.11.30 14:34:37.249,1.02724,1.02742,4.20,2.10
2010.11.30 14:34:37.392,1.02723,1.02739,5.10,2.10
2010.11.30 14:34:38.046,1.02722,1.02739,1.50,1.30
2010.11.30 14:34:39.103,1.02724,1.02742,3.80,1.30
2010.11.30 14:34:40.233,1.02724,1.02737,1.50,2.30
2010.11.30 14:34:40.700,1.02718,1.02736,1.50,1.30
2010.11.30 14:34:41.179,1.02719,1.02737,1.50,3.20
2010.11.30 14:34:42.171,1.02715,1.02734,1.50,2.50
2010.11.30 14:34:42.846,1.02714,1.02732,3.80,1.70
2010.11.30 14:34:43.434,1.02715,1.02735,1.50,2.80
2010.11.30 14:34:45.915,1.02717,1.02732,2.30,1.30
2010.11.30 14:34:48.718,1.02717,1.02732,2.30,1.90
2010.11.30 14:34:48.962,1.02713,1.02727,1.20,4.50
2010.11.30 14:34:49.294,1.02708,1.02725,2.30,1.30
2010.11.30 14:34:49.417,1.02712,1.02725,1.50,1.30
2010.11.30 14:34:49.541,1.02708,1.02725,2.30,1.30
2010.11.30 14:34:52.878,1.02713,1.02727,1.10,3.00
2010.11.30 14:34:53.510,1.02713,1.02731,1.50,2.80
2010.11.30 14:34:54.294,1.02716,1.02731,1.50,2.80
2010.11.30 14:34:55.585,1.02714,1.02731,1.20,3.10
2010.11.30 14:34:56.176,1.02711,1.02731,2.30,3.60
2010.11.30 14:34:56.940,1.02711,1.02726,2.30,2.30
2010.11.30 14:34:59.935,1.02711,1.02731,1.50,5.30
2010.11.30 14:35:00.402,1.02714,1.02731,2.30,1.30
2010.11.30 14:35:00.642,1.02711,1.02729,1.90,4.20
2010.11.30 14:35:00.954,1.0271,1.02728,1.50,1.30
2010.11.30 14:35:01.189,1.02714,1.02728,2.30,1.30
2010.11.30 14:35:01.313,1.02714,1.0273,3.00,1.30
2010.11.30 14:35:01.435,1.02717,1.0273,2.30,1.30
2010.11.30 14:35:01.879,1.02713,1.0273,1.20,1.30
2010.11.30 14:35:02.931,1.02714,1.0273,1.20,1.30
2010.11.30 14:35:04.142,1.02713,1.02727,2.70,2.30
2010.11.30 14:35:05.290,1.02713,1.02727,1.20,2.70
2010.11.30 14:35:05.728,1.02712,1.02729,1.50,3.60
2010.11.30 14:35:06.199,1.02718,1.0273,1.20,1.30
2010.11.30 14:35:06.415,1.02713,1.0273,1.90,1.30
2010.11.30 14:35:06.760,1.02713,1.0273,2.30,1.30
2010.11.30 14:35:07.405,1.02719,1.02729,1.20,1.20
2010.11.30 14:35:07.568,1.02709,1.02726,3.00,2.30
2010.11.30 14:35:08.051,1.02709,1.02726,3.00,2.40
2010.11.30 14:35:08.197,1.02708,1.02726,3.00,2.90
2010.11.30 14:35:08.635,1.02708,1.02726,3.00,2.80
2010.11.30 14:35:09.779,1.02708,1.02726,3.00,2.90
2010.11.30 14:35:10.720,1.02708,1.02726,3.00,2.80
2010.11.30 14:35:11.349,1.02709,1.02726,2.30,2.30
2010.11.30 14:35:13.921,1.02711,1.02727,2.30,4.20
2010.11.30 14:35:14.290,1.02703,1.02717,2.30,1.30
2010.11.30 14:35:15.167,1.02706,1.0272,1.50,1.30
2010.11.30 14:35:15.940,1.02706,1.02721,1.50,3.60
2010.11.30 14:35:16.724,1.02705,1.02721,1.50,3.60
2010.11.30 14:35:17.955,1.02708,1.02721,1.50,1.30
2010.11.30 14:35:21.116,1.02708,1.02726,3.00,1.30
2010.11.30 14:35:22.352,1.02708,1.02723,2.30,1.50
2010.11.30 14:35:25.886,1.02708,1.02723,3.80,1.30
2010.11.30 14:35:26.484,1.0271,1.02729,3.00,1.30
2010.11.30 14:35:27.351,1.02712,1.02729,1.20,1.30
2010.11.30 14:35:27.484,1.02713,1.02729,1.10,1.30
2010.11.30 14:35:27.789,1.02718,1.0273,2.30,1.30
2010.11.30 14:35:28.398,1.02713,1.02729,2.30,2.10
2010.11.30 14:35:29.047,1.02711,1.02728,3.00,2.50
2010.11.30 14:35:29.291,1.02711,1.02727,1.50,4.00
2010.11.30 14:35:29.672,1.02711,1.02729,2.30,2.10
2010.11.30 14:35:31.979,1.02718,1.0273,1.50,1.30
2010.11.30 14:35:32.439,1.02718,1.02732,2.30,1.30
2010.11.30 14:35:32.779,1.02718,1.02731,2.30,1.30
2010.11.30 14:35:35.740,1.02715,1.02729,1.50,1.70
2010.11.30 14:35:36.140,1.02711,1.02729,2.30,1.30
2010.11.30 14:35:36.263,1.02712,1.02729,1.50,1.30
2010.11.30 14:35:36.587,1.0271,1.02729,4.50,1.30
2010.11.30 14:35:36.648,1.02714,1.02729,1.50,1.30
2010.11.30 14:35:37.456,1.02712,1.02729,1.50,1.30
2010.11.30 14:35:37.697,1.02718,1.02729,1.20,1.30
2010.11.30 14:35:38.721,1.02712,1.02726,1.20,2.80
2010.11.30 14:35:39.044,1.02714,1.02729,1.50,1.90
2010.11.30 14:35:39.390,1.02711,1.02729,2.30,1.30
