2016.01.13 10:00:00.042,1.42097,1.42107,1.00,1.10
2016.01.13 10:00:00.194,1.42093,1.42107,1.95,1.10
2016.01.13 10:00:00.428,1.42096,1.42108,1.00,1.07
2016.01.13 10:00:00.939,1.42096,1.42108,1.00,1.00
2016.01.13 10:00:01.447,1.42097,1.4211,1.10,1.10
2016.01.13 10:00:01.979,1.42097,1.4211,1.07,1.50
2016.01.13 10:00:02.650,1.42096,1.42111,1.12,1.57
2016.01.13 10:00:03.434,1.42096,1.4211,1.50,1.00
2016.01.13 10:00:05.613,1.42095,1.42112,1.87,1.57
2016.01.13 10:00:07.880,1.42097,1.42112,1.12,1.87
2016.01.13 10:00:10.478,1.42099,1.42112,1.20,2.25
2016.01.13 10:00:10.783,1.42099,1.42112,1.85,1.87
2016.01.13 10:00:13.288,1.42099,1.42112,1.85,1.75
2016.01.13 10:00:19.217,1.42099,1.42112,1.47,1.75
2016.01.13 10:00:20.774,1.42102,1.42112,2.25,1.50
2016.01.13 10:00:21.084,1.42111,1.42121,1.37,1.00
2016.01.13 10:00:22.033,1.42115,1.42124,1.00,1.12
2016.01.13 10:00:22.084,1.42115,1.42127,1.00,1.12
2016.01.13 10:00:22.186,1.42115,1.42129,1.85,1.75
2016.01.13 10:00:22.695,1.42118,1.42128,1.00,1.00
2016.01.13 10:00:22.797,1.42119,1.42129,1.00,1.12
2016.01.13 10:00:23.301,1.42119,1.4213,1.12,1.12
2016.01.13 10:00:26.482,1.42119,1.42132,1.12,1.12
2016.01.13 10:00:28.864,1.42121,1.42132,1.00,1.75
2016.01.13 10:00:29.169,1.42131,1.42142,1.57,1.12
2016.01.13 10:00:29.701,1.42133,1.42144,1.10,1.75
2016.01.13 10:00:30.292,1.42132,1.42145,2.25,1.75
2016.01.13 10:00:32.062,1.42134,1.42145,1.12,1.75
2016.01.13 10:00:32.114,1.42135,1.42145,1.20,1.00
2016.01.13 10:00:35.693,1.42135,1.42145,1.95,1.00
2016.01.13 10:00:36.217,1.42135,1.42145,2.32,1.00
2016.01.13 10:00:36.738,1.42135,1.42145,1.95,1.00
2016.01.13 10:00:36.891,1.42137,1.42145,1.00,1.00
2016.01.13 10:00:36.942,1.42137,1.4215,1.50,2.25
2016.01.13 10:00:37.970,1.42136,1.42149,1.75,1.12
2016.01.13 10:00:38.460,1.42137,1.42147,1.50,1.12
2016.01.13 10:00:38.511,1.42141,1.42147,1.37,1.00
2016.01.13 10:00:38.563,1.42141,1.42149,1.37,1.00
2016.01.13 10:00:38.666,1.42144,1.42151,1.00,1.12
2016.01.13 10:00:38.820,1.42148,1.42156,1.00,1.50
2016.01.13 10:00:38.871,1.42148,1.42156,1.37,1.50
2016.01.13 10:00:38.922,1.42155,1.4216,1.12,1.12
2016.01.13 10:00:38.974,1.42155,1.42167,1.12,2.62
2016.01.13 10:00:39.025,1.42154,1.4217,1.37,1.07
2016.01.13 10:00:39.330,1.42153,1.42171,1.10,1.95
2016.01.13 10:00:39.547,1.42153,1.42171,1.00,2.62
2016.01.13 10:00:39.953,1.42151,1.42169,1.95,2.25
2016.01.13 10:00:40.106,1.4215,1.42168,2.49,1.50
2016.01.13 10:00:40.411,1.42151,1.42167,1.37,1.45
2016.01.13 10:00:40.962,1.4215,1.42167,2.49,1.57
2016.01.13 10:00:41.267,1.42143,1.42154,1.12,1.37
2016.01.13 10:00:41.318,1.42144,1.42157,3.75,1.00
2016.01.13 10:00:41.420,1.42144,1.4216,3.24,1.50
2016.01.13 10:00:41.935,1.42146,1.42161,1.50,1.50
2016.01.13 10:00:42.037,1.42142,1.42157,1.75,1.20
2016.01.13 10:00:42.139,1.42142,1.42157,1.00,1.45
2016.01.13 10:00:42.495,1.42145,1.42158,1.39,1.50
2016.01.13 10:00:42.800,1.42152,1.42159,1.12,1.37
2016.01.13 10:00:43.234,1.42154,1.42166,1.00,1.20
2016.01.13 10:00:43.438,1.42153,1.42167,1.12,1.20
2016.01.13 10:00:44.222,1.42156,1.42166,1.00,1.00
2016.01.13 10:00:46.369,1.42154,1.42171,1.20,1.82
2016.01.13 10:00:46.877,1.42153,1.4217,3.31,1.20
2016.01.13 10:00:49.521,1.42153,1.42168,2.32,1.20
2016.01.13 10:00:49.573,1.42155,1.42165,1.00,1.00
2016.01.13 10:00:52.489,1.42155,1.42168,1.75,1.47
2016.01.13 10:00:53.777,1.42155,1.42168,1.75,1.00
2016.01.13 10:00:54.285,1.42155,1.42168,1.75,1.37
2016.01.13 10:00:57.180,1.42158,1.42168,1.00,1.00
2016.01.13 10:00:57.718,1.42157,1.42171,1.06,1.20
2016.01.13 10:00:58.227,1.4216,1.4217,1.00,1.10
2016.01.13 10:00:58.573,1.42157,1.42171,1.36,1.82
2016.01.13 10:01:04.347,1.4216,1.4217,1.00,1.50
2016.01.13 10:01:04.884,1.42159,1.42169,1.00,1.00
2016.01.13 10:01:05.341,1.42157,1.42168,1.12,1.37
2016.01.13 10:01:05.649,1.42157,1.42167,1.00,1.50
2016.01.13 10:01:10.113,1.42157,1.42166,1.00,1.00
2016.01.13 10:01:10.216,1.42153,1.42164,2.62,1.00
2016.01.13 10:01:10.470,1.42152,1.42162,1.37,1.00
2016.01.13 10:01:10.979,1.42152,1.42162,1.12,1.00
2016.01.13 10:01:11.081,1.42154,1.42165,1.37,1.87
2016.01.13 10:01:11.132,1.42154,1.42167,1.50,1.95
2016.01.13 10:01:11.183,1.42156,1.42167,1.37,1.95
2016.01.13 10:01:11.337,1.42156,1.42168,1.95,1.37
2016.01.13 10:01:13.472,1.42157,1.4217,2.62,1.37
2016.01.13 10:01:14.262,1.42157,1.4217,1.87,1.12
2016.01.13 10:01:14.849,1.42157,1.4217,1.75,1.12
2016.01.13 10:01:16.374,1.42157,1.4217,1.20,1.12
2016.01.13 10:01:16.924,1.42157,1.42171,1.57,2.25
2016.01.13 10:01:23.646,1.42154,1.42167,2.25,1.00
2016.01.13 10:01:23.697,1.42154,1.42167,1.37,1.75
2016.01.13 10:01:23.799,1.42153,1.42166,1.85,1.95
2016.01.13 10:01:24.508,1.42152,1.42164,2.25,2.25
2016.01.13 10:01:24.610,1.4215,1.42164,1.36,2.70
2016.01.13 10:01:26.578,1.42152,1.42163,1.12,1.95
2016.01.13 10:01:26.731,1.42148,1.4216,1.87,1.57
2016.01.13 10:01:26.833,1.42145,1.42156,1.87,1.50
2016.01.13 10:01:26.884,1.42145,1.42156,1.50,1.87
2016.01.13 10:01:26.986,1.42144,1.42155,1.37,1.85
2016.01.13 10:01:27.291,1.42141,1.42153,1.95,1.12
2016.01.13 10:01:27.850,1.42143,1.42153,1.12,1.12
2016.01.13 10:01:28.207,1.42146,1.42155,1.12,1.50
2016.01.13 10:01:28.750,1.42144,1.42155,1.50,1.37
2016.01.13 10:01:30.798,1.42144,1.42154,1.37,1.20
2016.01.13 10:01:31.306,1.42144,1.42155,1.12,1.95
2016.01.13 10:01:33.454,1.42145,1.42155,1.12,1.95
2016.01.13 10:01:33.968,1.42144,1.42155,1.12,1.95
2016.01.13 10:01:34.614,1.42145,1.42154,1.12,1.00
2016.01.13 10:01:35.122,1.42144,1.42154,1.50,1.00
2016.01.13 10:01:35.669,1.42144,1.42154,1.50,1.37
2016.01.13 10:01:35.821,1.42144,1.42153,1.12,1.37
2016.01.13 10:01:36.337,1.42143,1.42153,1.50,1.75
2016.01.13 10:01:37.067,1.42144,1.42152,1.12,1.37
2016.01.13 10:01:37.624,1.42145,1.42153,1.12,1.12
2016.01.13 10:01:38.268,1.42144,1.42153,1.12,1.00
2016.01.13 10:01:38.771,1.42145,1.42154,1.12,1.47
2016.01.13 10:01:39.426,1.42149,1.42155,1.12,1.37
2016.01.13 10:01:39.631,1.42147,1.42159,1.12,1.12
2016.01.13 10:01:39.734,1.42145,1.42157,1.87,1.95
2016.01.13 10:01:39.937,1.42143,1.42156,2.70,3.82
2016.01.13 10:01:40.039,1.42142,1.42153,1.50,1.47
2016.01.13 10:01:40.145,1.42142,1.42151,1.00,1.47
2016.01.13 10:01:40.686,1.42141,1.42151,1.50,1.37
2016.01.13 10:01:42.042,1.42141,1.42152,1.50,1.87
2016.01.13 10:01:42.593,1.42141,1.42152,1.00,1.87
2016.01.13 10:01:43.343,1.42141,1.42152,1.50,1.87
2016.01.13 10:01:43.851,1.42141,1.42152,1.00,1.87
2016.01.13 10:01:45.161,1.42141,1.42151,1.50,1.37
2016.01.13 10:01:45.668,1.42141,1.42151,1.00,1.37
2016.01.13 10:01:46.214,1.4214,1.42151,1.50,1.12
2016.01.13 10:01:46.519,1.42141,1.42151,1.37,1.37
2016.01.13 10:01:46.774,1.4214,1.42151,1.00,1.37
2016.01.13 10:01:46.876,1.42139,1.4215,1.87,1.37
2016.01.13 10:01:47.135,1.42138,1.42148,1.87,1.00
2016.01.13 10:01:47.644,1.42137,1.42144,1.12,1.00
2016.01.13 10:01:47.949,1.42126,1.42131,1.12,1.00
2016.01.13 10:01:48.052,1.4212,1.42132,1.12,1.37
2016.01.13 10:01:48.359,1.42118,1.42132,1.95,1.75
2016.01.13 10:01:51.047,1.42118,1.42132,1.47,2.25
2016.01.13 10:01:51.454,1.42117,1.42129,1.87,1.12
2016.01.13 10:01:51.961,1.42117,1.4213,1.12,1.12
2016.01.13 10:01:52.335,1.42118,1.4213,1.75,1.12
2016.01.13 10:01:52.843,1.42117,1.4213,2.25,1.75
2016.01.13 10:01:54.325,1.42118,1.42131,1.50,1.87
2016.01.13 10:01:54.782,1.42118,1.42129,1.50,1.12
2016.01.13 10:01:55.295,1.42119,1.4213,1.50,1.12
2016.01.13 10:01:55.822,1.42119,1.42131,1.87,1.12
2016.01.13 10:01:58.051,1.42119,1.42131,1.00,1.12
2016.01.13 10:01:58.357,1.42121,1.42133,1.57,1.12
2016.01.13 10:01:58.663,1.42123,1.42136,2.70,1.12
2016.01.13 10:01:59.165,1.42124,1.42137,1.87,1.12
2016.01.13 10:02:01.667,1.42124,1.42138,1.95,2.25
2016.01.13 10:02:05.199,1.42124,1.42136,2.11,1.20
2016.01.13 10:02:05.301,1.42121,1.42134,1.85,2.25
2016.01.13 10:02:05.353,1.42123,1.42131,1.00,1.50
2016.01.13 10:02:05.455,1.42121,1.42131,1.12,2.25
2016.01.13 10:02:16.890,1.42121,1.42133,1.50,1.50
2016.01.13 10:02:16.941,1.42121,1.42133,1.87,1.12
2016.01.13 10:02:16.993,1.42122,1.42133,1.00,1.50
2016.01.13 10:02:17.462,1.42121,1.42133,1.37,1.87
2016.01.13 10:02:17.615,1.42118,1.42132,2.70,1.87
2016.01.13 10:02:18.145,1.42121,1.4213,1.00,1.00
2016.01.13 10:02:18.697,1.42118,1.42131,1.87,1.12
2016.01.13 10:02:20.080,1.4212,1.42131,1.00,1.37
2016.01.13 10:02:20.386,1.42119,1.42131,1.47,1.50
2016.01.13 10:02:20.712,1.42119,1.42129,1.10,1.00
2016.01.13 10:02:21.431,1.42119,1.42131,1.37,1.57
2016.01.13 10:02:21.939,1.42118,1.42131,1.47,1.85
2016.01.13 10:02:22.412,1.42118,1.42131,1.95,1.85
2016.01.13 10:02:24.019,1.42118,1.4213,3.07,1.12
2016.01.13 10:02:24.733,1.42118,1.4213,1.95,1.12
2016.01.13 10:02:25.319,1.42119,1.4213,1.87,1.00
2016.01.13 10:02:25.727,1.42119,1.42129,1.00,1.50
2016.01.13 10:02:25.778,1.42119,1.42127,1.00,1.07
2016.01.13 10:02:25.830,1.42115,1.42127,1.00,1.82
2016.01.13 10:02:26.011,1.42114,1.42125,1.12,1.82
2016.01.13 10:02:26.317,1.4211,1.42117,1.00,1.45
2016.01.13 10:02:26.369,1.42107,1.42117,1.00,1.57
2016.01.13 10:02:26.421,1.42106,1.42117,1.87,1.95
2016.01.13 10:02:26.829,1.42105,1.42115,1.12,2.25
2016.01.13 10:02:26.986,1.42105,1.42115,1.12,1.00
2016.01.13 10:02:27.495,1.42105,1.42115,1.12,1.00
2016.01.13 10:02:28.163,1.42104,1.42115,1.85,1.00
2016.01.13 10:02:28.673,1.42103,1.42115,2.32,1.00
2016.01.13 10:02:28.724,1.42104,1.42115,1.20,1.00
2016.01.13 10:02:29.029,1.42106,1.42115,1.00,1.00
2016.01.13 10:02:29.648,1.42104,1.42115,1.20,1.50
2016.01.13 10:02:29.750,1.42103,1.42115,1.95,1.12
2016.01.13 10:02:29.802,1.42103,1.42115,2.32,1.12
2016.01.13 10:02:30.056,1.42104,1.42115,1.47,1.12
2016.01.13 10:02:30.519,1.42104,1.42116,1.85,1.50
2016.01.13 10:02:30.875,1.42103,1.42116,1.95,1.87
2016.01.13 10:02:31.078,1.42103,1.42113,1.82,1.00
2016.01.13 10:02:31.180,1.42103,1.42113,1.37,1.00
2016.01.13 10:02:31.692,1.42102,1.42113,1.75,1.50
2016.01.13 10:02:32.406,1.42103,1.42113,1.00,1.87
2016.01.13 10:02:35.732,1.42101,1.42112,1.87,1.37
2016.01.13 10:02:36.239,1.42101,1.42111,1.12,1.00
2016.01.13 10:02:36.751,1.421,1.42112,1.37,1.00
2016.01.13 10:02:37.253,1.42101,1.42113,1.37,1.87
2016.01.13 10:02:37.789,1.421,1.42113,1.37,1.87
2016.01.13 10:02:39.783,1.42101,1.42111,1.12,1.00
2016.01.13 10:02:40.330,1.421,1.4211,1.37,1.00
2016.01.13 10:02:40.483,1.42099,1.4211,1.00,1.10
2016.01.13 10:02:41.577,1.42099,1.4211,1.50,1.10
2016.01.13 10:02:42.130,1.421,1.42111,1.12,1.10
2016.01.13 10:02:42.646,1.42101,1.42111,1.12,1.10
2016.01.13 10:02:43.176,1.42099,1.4211,1.50,1.00
2016.01.13 10:02:43.665,1.42097,1.42109,1.12,1.10
2016.01.13 10:02:44.173,1.42095,1.42108,1.37,1.00
2016.01.13 10:02:45.366,1.42096,1.42108,1.07,1.12
2016.01.13 10:02:45.977,1.42096,1.42108,1.00,1.00
2016.01.13 10:02:46.894,1.42094,1.42108,2.32,1.00
2016.01.13 10:02:47.428,1.42095,1.42109,1.95,1.12
2016.01.13 10:02:47.936,1.42095,1.42109,1.07,1.37
2016.01.13 10:02:51.491,1.42096,1.4211,1.20,1.12
2016.01.13 10:02:52.499,1.42096,1.4211,1.20,1.37
2016.01.13 10:02:53.840,1.42097,1.42109,1.00,1.12
2016.01.13 10:02:56.475,1.42094,1.42104,2.62,1.00
2016.01.13 10:02:56.780,1.42088,1.42102,1.57,2.25
2016.01.13 10:02:57.455,1.42089,1.42103,1.10,2.25
2016.01.13 10:02:58.217,1.42089,1.42102,1.20,2.25
2016.01.13 10:02:58.739,1.42089,1.42102,1.20,1.50
2016.01.13 10:03:00.320,1.4209,1.42102,1.00,1.87
2016.01.13 10:03:00.830,1.42091,1.42102,1.00,1.12
2016.01.13 10:03:02.448,1.4209,1.42102,1.00,1.12
2016.01.13 10:03:02.753,1.42091,1.42102,1.00,1.37
2016.01.13 10:03:03.327,1.4209,1.42102,1.00,1.50
2016.01.13 10:03:04.867,1.42091,1.42102,1.00,1.50
2016.01.13 10:03:05.644,1.42091,1.42102,1.00,1.37
2016.01.13 10:03:06.647,1.42091,1.42102,1.00,1.50
2016.01.13 10:03:08.659,1.42091,1.42102,1.00,1.57
2016.01.13 10:03:09.561,1.42093,1.42102,1.00,1.00
2016.01.13 10:03:10.117,1.42094,1.42102,1.00,1.00
2016.01.13 10:03:10.930,1.42094,1.42104,1.00,1.00
2016.01.13 10:03:11.227,1.42095,1.42104,1.37,1.00
2016.01.13 10:03:11.753,1.42094,1.42105,1.87,1.50
2016.01.13 10:03:12.280,1.42095,1.42104,1.37,1.50
2016.01.13 10:03:12.617,1.42093,1.42105,1.95,1.87
2016.01.13 10:03:13.125,1.42094,1.42104,1.37,1.12
2016.01.13 10:03:13.658,1.42093,1.42105,1.95,2.25
2016.01.13 10:03:13.922,1.42099,1.42106,1.12,1.87
2016.01.13 10:03:13.974,1.42099,1.42108,1.12,1.75
2016.01.13 10:03:14.026,1.421,1.42107,1.12,1.75
2016.01.13 10:03:14.129,1.42099,1.42107,1.00,1.37
2016.01.13 10:03:14.654,1.42098,1.42108,1.00,1.37
2016.01.13 10:03:16.382,1.42097,1.42109,1.75,1.12
2016.01.13 10:03:20.512,1.42097,1.42107,1.00,2.25
2016.01.13 10:03:20.716,1.42085,1.42093,1.00,1.00
2016.01.13 10:03:20.788,1.42085,1.42093,1.00,1.37
2016.01.13 10:03:21.045,1.42084,1.42094,2.32,2.62
2016.01.13 10:03:21.097,1.42084,1.42094,2.25,3.00
2016.01.13 10:03:21.148,1.42082,1.42093,1.87,1.37
2016.01.13 10:03:21.199,1.42083,1.42091,1.10,1.00
2016.01.13 10:03:21.505,1.4208,1.4209,2.62,1.12
2016.01.13 10:03:21.821,1.4208,1.4209,1.00,1.57
2016.01.13 10:03:21.923,1.42079,1.4209,1.87,1.47
2016.01.13 10:03:21.975,1.42084,1.42091,1.12,1.12
2016.01.13 10:03:22.850,1.42084,1.42091,1.37,1.12
2016.01.13 10:03:23.366,1.42083,1.42091,1.37,1.12
2016.01.13 10:03:23.874,1.42084,1.4209,1.37,1.50
2016.01.13 10:03:24.851,1.42078,1.42087,1.47,1.50
2016.01.13 10:03:24.953,1.42078,1.42084,1.10,1.87
2016.01.13 10:03:25.157,1.42071,1.42082,1.12,2.32
2016.01.13 10:03:25.209,1.4207,1.42082,1.12,2.70
2016.01.13 10:03:25.725,1.42074,1.42085,2.25,1.20
2016.01.13 10:03:25.993,1.42078,1.42087,1.12,1.00
2016.01.13 10:03:26.501,1.42076,1.42088,1.87,1.12
2016.01.13 10:03:26.922,1.42078,1.42088,1.00,1.12
2016.01.13 10:03:27.024,1.42077,1.42089,1.50,2.32
2016.01.13 10:03:27.533,1.42077,1.42088,1.00,1.87
2016.01.13 10:03:29.063,1.42077,1.42088,1.50,1.87
2016.01.13 10:03:29.368,1.42077,1.42088,1.00,2.25
2016.01.13 10:03:29.826,1.42076,1.42088,2.28,1.87
2016.01.13 10:03:30.358,1.42077,1.42088,1.50,1.37
2016.01.13 10:03:32.640,1.42076,1.42088,1.87,1.12
2016.01.13 10:03:32.793,1.42077,1.42087,1.00,1.37
2016.01.13 10:03:33.301,1.42074,1.42086,1.20,1.37
2016.01.13 10:03:34.738,1.42074,1.42086,1.45,1.37
2016.01.13 10:03:36.545,1.42075,1.42085,1.00,1.12
2016.01.13 10:03:37.151,1.42075,1.42084,1.50,1.00
2016.01.13 10:03:37.962,1.42075,1.42087,1.95,1.87
2016.01.13 10:03:38.520,1.42075,1.42087,1.37,1.75
2016.01.13 10:03:39.028,1.42075,1.42087,1.37,1.37
2016.01.13 10:03:47.694,1.42077,1.42087,1.50,1.87
2016.01.13 10:03:48.394,1.42076,1.42085,1.47,1.00
2016.01.13 10:03:48.901,1.42077,1.42085,1.37,1.00
2016.01.13 10:03:49.695,1.42076,1.42085,1.47,1.00
2016.01.13 10:03:50.212,1.42077,1.42085,1.37,1.00
2016.01.13 10:03:52.620,1.42075,1.42085,1.95,1.00
2016.01.13 10:03:52.722,1.42075,1.42079,1.95,1.00
2016.01.13 10:03:52.976,1.4206,1.42074,1.87,1.44
2016.01.13 10:03:53.089,1.4206,1.42072,1.50,1.50
2016.01.13 10:03:53.598,1.4206,1.42073,1.87,2.19
2016.01.13 10:03:56.298,1.42063,1.42073,1.00,1.12
2016.01.13 10:03:56.815,1.42062,1.42074,1.50,2.07
2016.01.13 10:03:57.492,1.42061,1.42073,1.57,2.11
2016.01.13 10:03:58.309,1.42061,1.42072,1.50,1.00
2016.01.13 10:03:58.844,1.42061,1.42069,1.57,1.61
2016.01.13 10:03:59.153,1.42056,1.4207,1.87,3.15
2016.01.13 10:03:59.204,1.42056,1.42068,1.57,1.12
2016.01.13 10:03:59.306,1.42057,1.42068,1.50,1.47
2016.01.13 10:03:59.611,1.42052,1.42062,1.85,1.00
2016.01.13 10:03:59.713,1.42053,1.42062,1.50,1.00
2016.01.13 10:03:59.764,1.42057,1.42065,1.12,1.12
2016.01.13 10:03:59.815,1.42057,1.42064,1.12,1.00
2016.01.13 10:04:00.427,1.42056,1.42064,1.00,1.00
2016.01.13 10:04:00.783,1.42054,1.42065,1.50,1.37
2016.01.13 10:04:00.935,1.42056,1.42065,1.37,1.37
2016.01.13 10:04:01.478,1.42055,1.42065,1.37,1.37
2016.01.13 10:04:02.774,1.42055,1.42065,1.37,1.12
2016.01.13 10:04:03.459,1.42056,1.42065,1.37,1.12
2016.01.13 10:04:03.960,1.42055,1.42065,1.37,1.12
2016.01.13 10:04:04.552,1.42056,1.42064,1.37,1.37
2016.01.13 10:04:05.094,1.42057,1.42064,1.12,1.37
2016.01.13 10:04:05.150,1.42057,1.42066,1.37,1.12
2016.01.13 10:04:05.817,1.42057,1.42066,1.37,1.37
2016.01.13 10:04:06.274,1.42056,1.42066,1.20,1.37
2016.01.13 10:04:06.820,1.42057,1.42066,1.12,1.12
2016.01.13 10:04:07.533,1.42056,1.42066,1.20,1.12
2016.01.13 10:04:08.057,1.42057,1.42066,1.12,1.12
2016.01.13 10:04:08.591,1.42056,1.42066,1.20,1.12
2016.01.13 10:04:09.483,1.42057,1.42066,1.12,1.12
2016.01.13 10:04:10.186,1.42056,1.42066,1.12,1.12
2016.01.13 10:04:11.575,1.42057,1.42066,1.12,1.12
2016.01.13 10:04:12.863,1.42057,1.42066,1.37,1.12
2016.01.13 10:04:13.284,1.42056,1.42066,1.12,1.12
2016.01.13 10:04:13.792,1.42057,1.42066,1.37,1.37
2016.01.13 10:04:14.309,1.42056,1.42066,1.37,1.37
2016.01.13 10:04:14.818,1.42057,1.42064,1.12,1.12
2016.01.13 10:04:15.384,1.42055,1.42064,1.20,1.00
2016.01.13 10:04:17.803,1.42054,1.42064,1.20,1.00
2016.01.13 10:04:18.262,1.42055,1.42064,1.37,1.00
2016.01.13 10:04:18.770,1.42057,1.42065,1.00,1.00
2016.01.13 10:04:19.767,1.42057,1.42067,1.12,1.37
2016.01.13 10:04:20.376,1.42058,1.42068,1.12,2.25
2016.01.13 10:04:20.900,1.42058,1.42068,1.12,2.25
2016.01.13 10:04:21.718,1.42058,1.42068,1.00,2.25
2016.01.13 10:04:22.482,1.42057,1.42066,1.50,1.37
2016.01.13 10:04:22.990,1.42058,1.42066,1.00,1.00
2016.01.13 10:04:25.177,1.42058,1.42068,1.91,1.37
2016.01.13 10:04:25.329,1.42058,1.42069,2.28,1.00
2016.01.13 10:04:25.483,1.42058,1.42069,2.28,1.00
2016.01.13 10:04:28.151,1.42058,1.4207,1.79,1.20
2016.01.13 10:04:28.969,1.42057,1.4207,1.95,1.20
2016.01.13 10:04:29.471,1.42059,1.42069,1.00,1.12
2016.01.13 10:04:29.877,1.42057,1.42065,1.87,1.12
2016.01.13 10:04:30.182,1.42056,1.42064,1.75,1.87
2016.01.13 10:04:30.233,1.42056,1.42064,1.12,1.87
2016.01.13 10:04:30.974,1.42057,1.42065,1.00,3.00
2016.01.13 10:04:31.379,1.42054,1.42065,1.87,3.00
2016.01.13 10:04:32.040,1.42054,1.42064,1.87,1.00
2016.01.13 10:04:34.301,1.42054,1.42064,2.25,1.37
2016.01.13 10:04:35.366,1.42054,1.42065,1.87,3.00
2016.01.13 10:04:36.394,1.42053,1.42064,2.70,1.50
2016.01.13 10:04:36.876,1.42054,1.42061,2.25,1.87
2016.01.13 10:04:37.029,1.42044,1.42051,1.00,1.00
2016.01.13 10:04:37.233,1.4204,1.4205,1.57,1.12
2016.01.13 10:04:37.284,1.4204,1.4205,1.57,1.00
2016.01.13 10:04:37.589,1.42039,1.42051,1.20,1.87
2016.01.13 10:04:37.950,1.4204,1.42049,1.12,1.00
2016.01.13 10:04:38.459,1.4204,1.42049,2.25,1.00
2016.01.13 10:04:38.772,1.42047,1.42054,2.25,1.12
2016.01.13 10:04:38.823,1.42049,1.42058,3.45,1.12
2016.01.13 10:04:38.925,1.42055,1.42063,1.12,1.12
2016.01.13 10:04:39.231,1.42058,1.42067,1.12,1.37
2016.01.13 10:04:39.738,1.42058,1.42067,1.12,1.00
2016.01.13 10:04:40.287,1.42057,1.42067,2.25,1.37
2016.01.13 10:04:40.845,1.42057,1.42067,1.50,1.37
2016.01.13 10:04:40.998,1.42057,1.42067,1.37,1.75
2016.01.13 10:04:41.709,1.42056,1.42066,2.32,1.37
2016.01.13 10:04:42.441,1.42057,1.42066,1.37,1.37
2016.01.13 10:04:43.147,1.42056,1.42066,2.32,1.37
2016.01.13 10:04:43.715,1.42057,1.42067,1.37,1.87
2016.01.13 10:04:43.817,1.42058,1.42067,1.12,1.37
2016.01.13 10:04:44.326,1.42057,1.42067,1.87,1.12
2016.01.13 10:04:45.168,1.42058,1.42067,1.00,1.12
2016.01.13 10:04:45.695,1.42057,1.42067,1.37,1.00
2016.01.13 10:04:45.746,1.42057,1.42067,1.00,1.00
2016.01.13 10:04:46.263,1.42058,1.42068,1.50,1.87
2016.01.13 10:04:46.771,1.42057,1.42069,1.50,1.75
2016.01.13 10:04:47.137,1.42057,1.42068,1.50,1.12
2016.01.13 10:04:47.644,1.42056,1.42069,2.25,1.75
2016.01.13 10:04:48.919,1.42056,1.42068,1.95,1.00
2016.01.13 10:04:49.426,1.42056,1.42069,1.20,1.95
2016.01.13 10:04:49.934,1.42057,1.42067,1.87,1.87
2016.01.13 10:04:50.600,1.42056,1.42067,1.47,1.87
2016.01.13 10:04:52.451,1.42052,1.42065,1.95,1.50
2016.01.13 10:04:52.553,1.42051,1.42064,1.95,1.37
2016.01.13 10:04:52.656,1.42051,1.42065,2.32,1.87
2016.01.13 10:04:53.172,1.42052,1.42064,1.85,1.87
2016.01.13 10:04:53.631,1.42056,1.42064,1.37,1.12
2016.01.13 10:04:53.682,1.42056,1.42067,1.50,1.75
2016.01.13 10:04:54.240,1.42056,1.42067,1.50,1.75
2016.01.13 10:04:54.451,1.42057,1.42067,1.50,1.37
2016.01.13 10:04:54.958,1.42057,1.42067,1.50,1.00
2016.01.13 10:04:58.790,1.42056,1.42067,1.47,1.37
2016.01.13 10:04:59.297,1.42057,1.42067,1.50,1.12
2016.01.13 10:05:00.699,1.42055,1.42068,1.20,1.87
2016.01.13 10:05:02.703,1.42055,1.42067,1.12,2.25
2016.01.13 10:05:03.160,1.42056,1.42065,1.47,1.37
2016.01.13 10:05:03.673,1.42053,1.42065,2.25,1.37
2016.01.13 10:05:04.193,1.42055,1.42066,1.57,1.12
2016.01.13 10:05:04.295,1.42056,1.42067,1.37,1.75
2016.01.13 10:05:04.552,1.42058,1.42067,1.37,1.75
2016.01.13 10:05:05.101,1.42058,1.42067,1.50,1.37
2016.01.13 10:05:06.053,1.42058,1.42067,1.00,1.37
2016.01.13 10:05:06.605,1.42058,1.42067,1.50,1.37
2016.01.13 10:05:07.185,1.42058,1.42067,1.00,1.37
2016.01.13 10:05:07.857,1.42061,1.42069,4.12,1.37
2016.01.13 10:05:08.164,1.42077,1.42082,1.37,1.00
2016.01.13 10:05:08.320,1.42076,1.42083,1.37,1.00
2016.01.13 10:05:08.858,1.42077,1.42083,1.37,1.00
2016.01.13 10:05:09.380,1.42076,1.42083,1.37,1.00
2016.01.13 10:05:09.953,1.42077,1.42084,1.37,2.25
2016.01.13 10:05:10.406,1.42074,1.42084,1.12,2.25
2016.01.13 10:05:10.508,1.42072,1.42084,1.20,3.00
2016.01.13 10:05:10.711,1.42071,1.42081,1.10,1.00
2016.01.13 10:05:11.365,1.42072,1.42081,1.12,1.00
2016.01.13 10:05:11.889,1.4207,1.4208,1.10,1.00
2016.01.13 10:05:12.253,1.4207,1.4208,2.62,1.00
2016.01.13 10:05:12.355,1.4207,1.4208,2.32,1.00
2016.01.13 10:05:12.865,1.42071,1.4208,1.47,1.00
2016.01.13 10:05:13.120,1.42073,1.42084,1.47,1.87
2016.01.13 10:05:13.337,1.42073,1.42084,1.47,1.50
2016.01.13 10:05:13.389,1.42076,1.42084,1.37,1.50
2016.01.13 10:05:16.201,1.42073,1.42084,1.20,1.50
2016.01.13 10:05:16.405,1.42076,1.42086,1.95,1.00
2016.01.13 10:05:16.507,1.42082,1.42087,1.12,1.12
2016.01.13 10:05:16.812,1.42084,1.42091,1.12,1.00
2016.01.13 10:05:18.411,1.4208,1.42091,1.57,1.12
2016.01.13 10:05:18.514,1.42078,1.42091,1.50,1.12
2016.01.13 10:05:19.080,1.42078,1.4209,1.20,1.00
2016.01.13 10:05:20.616,1.42079,1.42091,1.57,2.62
2016.01.13 10:05:21.124,1.42079,1.4209,1.57,1.00
2016.01.13 10:05:21.328,1.42079,1.4209,1.57,1.12
2016.01.13 10:05:21.842,1.42079,1.4209,1.85,1.37
2016.01.13 10:05:22.442,1.42079,1.4209,1.20,1.37
2016.01.13 10:05:22.950,1.4208,1.4209,1.10,1.12
2016.01.13 10:05:23.010,1.42079,1.4209,1.95,1.12
2016.01.13 10:05:26.597,1.42083,1.42091,1.00,1.37
2016.01.13 10:05:26.904,1.42099,1.42106,1.37,1.37
2016.01.13 10:05:27.006,1.42098,1.42106,1.50,1.12
2016.01.13 10:05:27.544,1.42097,1.42108,2.25,1.46
2016.01.13 10:05:27.748,1.42098,1.42109,1.45,1.12
2016.01.13 10:05:27.902,1.42098,1.42108,1.50,1.37
2016.01.13 10:05:28.055,1.421,1.42109,1.87,1.50
2016.01.13 10:05:28.742,1.42099,1.42109,2.70,1.50
2016.01.13 10:05:30.803,1.421,1.42109,1.00,1.00
2016.01.13 10:05:31.311,1.42099,1.42109,1.20,1.12
2016.01.13 10:05:33.181,1.42099,1.42109,1.10,1.37
2016.01.13 10:05:33.701,1.42099,1.42109,2.32,1.00
2016.01.13 10:05:37.287,1.421,1.42109,1.00,1.00
2016.01.13 10:05:37.862,1.42099,1.42109,1.10,1.00
2016.01.13 10:05:38.370,1.42099,1.4211,1.95,1.37
2016.01.13 10:05:39.081,1.42099,1.4211,1.50,1.75
2016.01.13 10:05:39.588,1.42097,1.42109,2.62,1.12
2016.01.13 10:05:42.873,1.42097,1.42108,2.62,1.12
2016.01.13 10:05:43.374,1.42099,1.42108,1.00,1.37
2016.01.13 10:05:47.212,1.42097,1.42109,1.47,1.75
2016.01.13 10:05:47.720,1.42097,1.42109,1.95,1.87
2016.01.13 10:05:47.877,1.42097,1.42107,1.00,1.00
2016.01.13 10:05:48.081,1.42094,1.42106,1.57,1.87
2016.01.13 10:05:48.335,1.42094,1.42106,1.12,1.87
2016.01.13 10:05:48.843,1.42094,1.42106,1.50,1.87
2016.01.13 10:05:51.228,1.42093,1.42105,1.50,1.87
2016.01.13 10:05:51.431,1.42093,1.42104,1.12,1.12
2016.01.13 10:05:52.284,1.42094,1.42104,1.00,1.37
2016.01.13 10:05:52.792,1.42094,1.42106,1.57,1.12
2016.01.13 10:05:53.065,1.42095,1.42107,1.47,1.87
2016.01.13 10:05:53.320,1.42096,1.42108,2.70,1.75
2016.01.13 10:05:53.828,1.42097,1.42107,1.87,1.12
2016.01.13 10:05:54.133,1.42097,1.42107,1.50,1.87
2016.01.13 10:05:54.652,1.42097,1.42107,1.37,1.37
2016.01.13 10:05:55.917,1.42097,1.42107,1.00,1.12
2016.01.13 10:05:56.451,1.42098,1.42107,1.12,1.12
2016.01.13 10:05:56.979,1.42098,1.42108,1.00,1.87
2016.01.13 10:05:58.311,1.42097,1.42107,1.87,1.00
2016.01.13 10:05:59.385,1.42098,1.42107,1.37,1.00
2016.01.13 10:05:59.975,1.42097,1.42107,2.62,1.00
2016.01.13 10:06:01.076,1.42098,1.42107,1.37,1.00
2016.01.13 10:06:01.877,1.42097,1.42107,2.62,1.00
2016.01.13 10:06:02.684,1.42098,1.42107,1.37,1.00
2016.01.13 10:06:02.939,1.42099,1.42109,1.12,2.62
2016.01.13 10:06:03.092,1.42099,1.42108,1.00,1.37
2016.01.13 10:06:10.866,1.42099,1.42109,1.95,1.00
2016.01.13 10:06:11.171,1.42102,1.42114,1.37,1.87
2016.01.13 10:06:11.630,1.42104,1.42115,1.45,1.12
2016.01.13 10:06:13.650,1.42104,1.42117,1.87,1.12
2016.01.13 10:06:14.231,1.42104,1.42115,1.12,1.37
2016.01.13 10:06:15.097,1.42104,1.42113,1.12,1.00
2016.01.13 10:06:15.163,1.42103,1.42112,1.12,2.25
2016.01.13 10:06:15.265,1.421,1.42108,1.12,1.00
2016.01.13 10:06:15.367,1.42097,1.42109,1.87,3.00
2016.01.13 10:06:15.875,1.42097,1.42108,1.87,1.87
2016.01.13 10:06:17.158,1.42098,1.42108,1.50,1.45
2016.01.13 10:06:17.210,1.421,1.42109,1.37,1.12
2016.01.13 10:06:17.312,1.42101,1.4211,1.50,1.45
2016.01.13 10:06:17.363,1.42101,1.42109,1.37,1.37
2016.01.13 10:06:17.414,1.42099,1.42109,1.87,1.37
2016.01.13 10:06:18.108,1.42099,1.42109,1.12,1.50
2016.01.13 10:06:18.676,1.42098,1.42108,1.37,1.87
2016.01.13 10:06:18.952,1.42096,1.42107,2.62,1.37
2016.01.13 10:06:21.545,1.42097,1.42107,1.50,3.00
2016.01.13 10:06:22.692,1.42097,1.42107,1.50,3.00
2016.01.13 10:06:24.824,1.42097,1.42106,1.50,3.37
2016.01.13 10:06:25.351,1.42096,1.42103,1.37,1.00
2016.01.13 10:06:25.826,1.42098,1.42106,1.37,2.62
2016.01.13 10:06:25.928,1.42097,1.42106,1.00,1.50
2016.01.13 10:06:26.466,1.42097,1.42106,1.50,1.87
2016.01.13 10:06:27.127,1.42097,1.42106,1.50,1.57
2016.01.13 10:06:27.671,1.42097,1.42107,1.00,1.50
2016.01.13 10:06:28.179,1.42097,1.42104,1.50,1.50
2016.01.13 10:06:28.687,1.42093,1.42102,1.75,2.32
2016.01.13 10:06:29.233,1.42096,1.42101,1.00,1.37
2016.01.13 10:06:29.983,1.42091,1.42102,2.25,3.00
2016.01.13 10:06:30.515,1.42091,1.42099,2.25,1.10
2016.01.13 10:06:31.089,1.42091,1.42099,2.25,1.12
2016.01.13 10:06:31.190,1.42091,1.42099,1.87,1.12
2016.01.13 10:06:32.195,1.42089,1.42099,1.12,1.50
2016.01.13 10:06:32.348,1.42088,1.42097,1.37,1.57
2016.01.13 10:06:32.400,1.42085,1.42095,2.25,1.50
2016.01.13 10:06:32.560,1.42082,1.42093,1.37,1.47
2016.01.13 10:06:32.612,1.42081,1.42093,1.12,1.87
2016.01.13 10:06:32.714,1.42081,1.42091,1.00,1.12
2016.01.13 10:06:33.223,1.42079,1.4209,1.12,1.12
2016.01.13 10:06:33.735,1.42079,1.4209,1.37,1.50
2016.01.13 10:06:34.872,1.42079,1.4209,1.00,3.00
2016.01.13 10:06:37.359,1.42078,1.42089,1.87,1.50
2016.01.13 10:06:38.483,1.42077,1.42089,1.37,1.87
2016.01.13 10:06:38.789,1.42077,1.42086,1.37,1.12
2016.01.13 10:06:39.368,1.42077,1.42089,2.62,3.31
2016.01.13 10:06:39.667,1.42077,1.42089,1.50,2.88
2016.01.13 10:06:40.227,1.42077,1.42088,1.00,1.50
2016.01.13 10:06:40.484,1.42076,1.42089,2.62,2.25
2016.01.13 10:06:40.993,1.42078,1.42088,2.62,1.20
2016.01.13 10:06:41.299,1.42078,1.42088,1.75,1.07
2016.01.13 10:06:41.883,1.42078,1.42088,1.50,1.45
2016.01.13 10:06:42.445,1.42077,1.42088,1.87,1.12
2016.01.13 10:06:42.952,1.42077,1.42088,1.87,1.12
2016.01.13 10:06:43.831,1.42078,1.42088,1.50,1.50
2016.01.13 10:06:44.970,1.42079,1.42088,1.12,1.12
2016.01.13 10:06:45.520,1.42079,1.42088,1.87,1.12
2016.01.13 10:06:45.571,1.42081,1.42089,1.37,1.12
2016.01.13 10:06:45.623,1.42081,1.42091,2.25,1.37
2016.01.13 10:06:45.674,1.42083,1.42093,1.50,1.20
2016.01.13 10:06:45.725,1.42084,1.42094,1.00,1.12
2016.01.13 10:06:45.827,1.42084,1.42095,1.87,1.87
2016.01.13 10:06:46.519,1.42083,1.42093,1.00,1.07
2016.01.13 10:06:48.003,1.42081,1.42092,2.62,1.20
2016.01.13 10:06:48.105,1.42083,1.42094,1.12,1.87
2016.01.13 10:06:48.258,1.42083,1.42094,1.87,1.10
2016.01.13 10:06:48.780,1.42081,1.42093,1.87,1.00
2016.01.13 10:06:49.289,1.42084,1.42094,1.00,1.57
2016.01.13 10:06:49.340,1.42084,1.42094,1.00,1.57
2016.01.13 10:06:49.442,1.42082,1.42094,3.00,1.20
2016.01.13 10:06:49.966,1.42084,1.42094,1.37,1.47
2016.01.13 10:06:50.271,1.42084,1.42091,1.50,1.00
2016.01.13 10:06:50.779,1.4208,1.4209,1.12,1.10
2016.01.13 10:06:50.830,1.42082,1.4209,1.00,1.10
2016.01.13 10:06:51.024,1.42079,1.42087,1.50,1.00
2016.01.13 10:06:52.041,1.42078,1.42087,1.50,1.00
2016.01.13 10:06:54.634,1.42077,1.42087,1.00,1.50
2016.01.13 10:06:54.837,1.42077,1.42085,1.00,1.00
2016.01.13 10:07:01.645,1.42076,1.42085,1.00,1.00
2016.01.13 10:07:05.459,1.42075,1.42085,3.00,1.00
2016.01.13 10:07:06.008,1.42075,1.42085,1.75,1.20
2016.01.13 10:07:11.387,1.42076,1.42085,1.87,1.10
2016.01.13 10:07:12.056,1.42076,1.42082,1.00,1.00
2016.01.13 10:07:12.577,1.42076,1.42082,1.87,1.00
2016.01.13 10:07:13.127,1.42076,1.42082,1.12,1.00
2016.01.13 10:07:13.432,1.42074,1.42082,1.00,1.00
2016.01.13 10:07:13.534,1.42072,1.42082,1.50,1.50
2016.01.13 10:07:13.991,1.42075,1.42082,1.00,1.00
2016.01.13 10:07:14.235,1.42077,1.42085,1.50,1.00
2016.01.13 10:07:16.536,1.42076,1.42086,2.25,1.57
2016.01.13 10:07:17.043,1.42077,1.42086,1.12,1.57
2016.01.13 10:07:17.589,1.42076,1.42086,2.25,1.57
2016.01.13 10:07:19.143,1.42077,1.42086,1.12,1.95
2016.01.13 10:07:19.647,1.42076,1.42086,1.87,1.87
2016.01.13 10:07:20.192,1.42076,1.42086,2.25,1.87
2016.01.13 10:07:20.700,1.42076,1.42084,1.50,1.00
2016.01.13 10:07:22.346,1.42076,1.42085,1.87,1.12
2016.01.13 10:07:22.500,1.4208,1.42086,1.00,1.37
2016.01.13 10:07:22.974,1.4208,1.42088,1.00,1.12
2016.01.13 10:07:23.476,1.42079,1.42088,1.00,1.12
2016.01.13 10:07:24.008,1.42079,1.42088,1.50,1.12
2016.01.13 10:07:24.262,1.42078,1.42086,1.12,1.12
2016.01.13 10:07:24.960,1.42078,1.42085,1.12,1.00
2016.01.13 10:07:30.999,1.42078,1.42085,1.87,1.00
2016.01.13 10:07:31.507,1.4208,1.42086,1.00,1.00
2016.01.13 10:07:32.488,1.42079,1.42086,1.00,1.00
2016.01.13 10:07:33.023,1.42077,1.42086,3.37,1.00
2016.01.13 10:07:33.785,1.42077,1.42087,3.37,1.00
2016.01.13 10:07:34.090,1.42079,1.42087,2.25,1.00
2016.01.13 10:07:35.394,1.42078,1.42087,1.87,1.12
2016.01.13 10:07:35.900,1.42078,1.42087,1.87,1.10
2016.01.13 10:07:36.308,1.42076,1.42086,2.25,1.50
2016.01.13 10:07:36.410,1.42074,1.42086,1.87,1.85
2016.01.13 10:07:36.513,1.42072,1.42084,1.87,1.20
2016.01.13 10:07:36.615,1.42071,1.4208,1.50,1.00
2016.01.13 10:07:37.311,1.42072,1.42082,1.50,1.12
2016.01.13 10:07:37.908,1.42075,1.42084,1.50,1.10
2016.01.13 10:07:38.115,1.42077,1.42086,1.50,1.20
2016.01.13 10:07:38.625,1.42077,1.42086,2.25,1.00
2016.01.13 10:07:39.822,1.42076,1.42085,2.62,1.00
2016.01.13 10:07:39.924,1.42075,1.42086,2.25,1.07
2016.01.13 10:07:40.026,1.42071,1.42085,2.62,1.88
2016.01.13 10:07:40.078,1.42071,1.42085,2.62,2.18
2016.01.13 10:07:40.230,1.42071,1.42083,2.25,1.12
2016.01.13 10:07:40.889,1.42071,1.42083,3.00,1.12
2016.01.13 10:07:41.517,1.42075,1.42083,1.50,1.00
2016.01.13 10:07:41.822,1.42077,1.42089,2.25,2.25
2016.01.13 10:07:42.325,1.42075,1.42087,1.87,2.62
2016.01.13 10:07:42.376,1.42074,1.42085,1.37,1.50
2016.01.13 10:07:42.427,1.42073,1.42083,2.25,1.10
2016.01.13 10:07:42.479,1.42073,1.42083,1.00,1.37
2016.01.13 10:07:43.142,1.42073,1.42077,1.00,1.00
2016.01.13 10:07:43.245,1.42063,1.42073,1.00,1.12
2016.01.13 10:07:43.757,1.4206,1.4207,2.62,1.00
2016.01.13 10:07:45.813,1.42065,1.42075,1.12,1.50
2016.01.13 10:07:45.916,1.42067,1.42077,1.00,1.20
2016.01.13 10:07:46.221,1.42069,1.42078,1.00,1.82
2016.01.13 10:07:46.570,1.42071,1.42078,1.00,1.45
2016.01.13 10:07:48.216,1.42069,1.42079,1.37,1.12
2016.01.13 10:07:48.368,1.42071,1.42079,1.00,1.50
2016.01.13 10:07:48.730,1.42071,1.4208,1.50,1.07
2016.01.13 10:07:48.883,1.42073,1.42082,1.00,1.20
2016.01.13 10:07:48.934,1.42073,1.42082,1.75,1.10
2016.01.13 10:07:49.036,1.42073,1.42082,1.00,1.57
2016.01.13 10:07:49.544,1.42072,1.42082,1.50,1.57
2016.01.13 10:07:50.619,1.42073,1.42082,1.00,1.57
2016.01.13 10:07:50.771,1.42071,1.42081,1.50,1.10
2016.01.13 10:07:51.278,1.42071,1.42082,1.50,1.20
2016.01.13 10:07:52.296,1.42073,1.42082,1.00,1.20
2016.01.13 10:07:52.804,1.42072,1.42082,1.50,1.57
2016.01.13 10:07:53.939,1.42072,1.42082,1.12,1.57
2016.01.13 10:07:55.808,1.42073,1.42083,1.00,1.87
2016.01.13 10:07:55.910,1.42076,1.42084,1.00,1.87
2016.01.13 10:07:55.961,1.42076,1.42084,1.00,1.00
2016.01.13 10:07:56.063,1.42077,1.42086,1.50,1.10
2016.01.13 10:07:58.051,1.42077,1.42086,1.00,1.57
2016.01.13 10:08:00.075,1.42077,1.42084,1.00,1.00
2016.01.13 10:08:02.589,1.42076,1.42085,1.12,1.50
2016.01.13 10:08:02.793,1.42074,1.42085,1.00,1.82
2016.01.13 10:08:03.149,1.42075,1.42085,1.50,1.12
2016.01.13 10:08:03.682,1.42075,1.42084,2.62,1.00
2016.01.13 10:08:08.240,1.42076,1.42084,1.87,1.12
2016.01.13 10:08:08.647,1.42074,1.42084,1.50,1.37
2016.01.13 10:08:08.853,1.42072,1.42084,1.00,1.95
2016.01.13 10:08:09.360,1.42072,1.42084,1.37,1.95
2016.01.13 10:08:17.001,1.42073,1.42082,1.00,1.00
2016.01.13 10:08:17.568,1.4207,1.4208,2.62,1.00
2016.01.13 10:08:17.671,1.4207,1.4208,1.87,1.57
2016.01.13 10:08:18.180,1.4207,1.4208,1.50,1.10
2016.01.13 10:08:18.486,1.42068,1.42074,1.50,1.00
2016.01.13 10:08:18.699,1.42062,1.42072,1.37,1.57
2016.01.13 10:08:18.803,1.4206,1.42071,1.87,1.20
2016.01.13 10:08:19.312,1.4206,1.4207,1.00,1.95
2016.01.13 10:08:19.830,1.4206,1.4207,1.12,1.82
2016.01.13 10:08:23.101,1.42058,1.42068,1.74,1.00
2016.01.13 10:08:25.916,1.42058,1.42066,1.36,1.12
2016.01.13 10:08:26.680,1.42056,1.42066,1.00,1.12
2016.01.13 10:08:26.731,1.4206,1.4207,1.50,1.87
2016.01.13 10:08:26.782,1.4206,1.4207,1.87,1.50
2016.01.13 10:08:27.196,1.4206,1.42071,1.32,1.95
2016.01.13 10:08:27.705,1.4206,1.42071,2.11,1.82
2016.01.13 10:08:28.227,1.4206,1.42071,1.36,1.82
2016.01.13 10:08:28.840,1.4206,1.42071,2.11,1.82
2016.01.13 10:08:29.695,1.4206,1.42071,1.36,1.82
2016.01.13 10:08:30.201,1.42059,1.4207,1.74,1.95
2016.01.13 10:08:30.954,1.42059,1.42069,1.36,1.00
2016.01.13 10:08:31.462,1.42059,1.4207,1.32,1.85
2016.01.13 10:08:32.327,1.42059,1.42069,1.36,1.00
2016.01.13 10:08:33.411,1.42059,1.4207,1.32,1.95
2016.01.13 10:08:33.955,1.42058,1.42069,1.74,1.57
2016.01.13 10:08:34.769,1.42058,1.42069,1.36,1.50
2016.01.13 10:08:35.105,1.42057,1.42069,1.36,2.62
2016.01.13 10:08:35.614,1.42057,1.42067,1.36,1.12
2016.01.13 10:08:38.940,1.42056,1.42067,1.69,1.50
2016.01.13 10:08:39.448,1.42056,1.42067,1.69,1.20
2016.01.13 10:08:43.220,1.42055,1.42067,1.74,1.47
2016.01.13 10:08:43.727,1.42057,1.42067,1.74,1.50
2016.01.13 10:08:44.243,1.42057,1.42069,2.49,1.87
2016.01.13 10:08:44.548,1.42056,1.42069,1.81,2.25
2016.01.13 10:08:45.060,1.42057,1.42068,1.37,1.37
2016.01.13 10:08:49.961,1.42057,1.42068,1.00,2.25
2016.01.13 10:08:50.466,1.42056,1.42068,2.25,2.62
2016.01.13 10:08:51.792,1.42056,1.42067,1.12,1.50
2016.01.13 10:08:51.843,1.42056,1.42067,1.37,1.50
2016.01.13 10:08:52.149,1.42051,1.42063,1.20,1.50
2016.01.13 10:08:52.201,1.42049,1.42062,1.56,1.87
2016.01.13 10:08:52.252,1.4205,1.42062,1.00,3.00
2016.01.13 10:08:53.225,1.4205,1.42061,1.56,1.47
2016.01.13 10:08:53.328,1.42052,1.42063,1.56,1.37
2016.01.13 10:08:53.861,1.42056,1.42063,1.50,1.00
2016.01.13 10:09:04.675,1.42053,1.42064,1.95,1.12
2016.01.13 10:09:04.879,1.42053,1.42063,1.50,1.07
2016.01.13 10:09:05.326,1.42051,1.42063,2.32,1.50
2016.01.13 10:09:05.833,1.42055,1.42063,1.00,1.37
2016.01.13 10:09:06.345,1.42054,1.42062,1.87,1.12
2016.01.13 10:09:06.673,1.42056,1.42062,1.87,1.12
2016.01.13 10:09:06.776,1.42054,1.42062,1.87,1.12
2016.01.13 10:09:10.056,1.42055,1.42064,1.87,1.12
2016.01.13 10:09:10.689,1.42057,1.42068,1.07,2.25
2016.01.13 10:09:10.798,1.42058,1.42068,1.87,1.50
2016.01.13 10:09:10.850,1.42059,1.42069,1.37,1.12
2016.01.13 10:09:11.105,1.42058,1.42071,1.12,1.00
2016.01.13 10:09:11.944,1.42058,1.42071,2.62,1.87
2016.01.13 10:09:11.995,1.42059,1.42071,1.00,1.87
2016.01.13 10:09:13.150,1.42056,1.42069,2.32,1.00
2016.01.13 10:09:13.353,1.42056,1.42069,1.87,1.87
2016.01.13 10:09:16.150,1.42057,1.42069,1.37,1.95
2016.01.13 10:09:18.336,1.42058,1.42069,1.06,1.20
2016.01.13 10:09:18.490,1.42059,1.4207,1.12,1.87
2016.01.13 10:09:19.162,1.42061,1.42073,1.43,1.87
2016.01.13 10:09:19.784,1.42064,1.42074,1.00,2.25
2016.01.13 10:09:19.836,1.42064,1.42074,1.00,2.25
2016.01.13 10:09:20.293,1.42066,1.42076,1.00,1.75
2016.01.13 10:09:20.799,1.42065,1.42076,1.81,1.37
2016.01.13 10:09:21.322,1.42066,1.42076,1.37,1.87
2016.01.13 10:09:21.673,1.42065,1.42075,1.12,1.37
2016.01.13 10:09:22.335,1.42065,1.42074,1.12,1.37
2016.01.13 10:09:22.437,1.42065,1.42074,1.12,1.37
2016.01.13 10:09:22.745,1.42059,1.4207,1.43,1.37
2016.01.13 10:09:23.557,1.42059,1.4207,1.43,1.37
2016.01.13 10:09:25.524,1.42058,1.4207,1.87,1.37
2016.01.13 10:09:28.108,1.42058,1.42071,1.95,1.12
2016.01.13 10:09:28.351,1.42061,1.42071,1.37,1.87
2016.01.13 10:09:28.656,1.42065,1.42072,1.37,1.12
2016.01.13 10:09:29.062,1.42063,1.4207,1.87,1.00
2016.01.13 10:09:29.113,1.42063,1.4207,1.87,1.00
2016.01.13 10:09:29.215,1.42062,1.4207,1.50,1.12
2016.01.13 10:09:29.725,1.42061,1.4207,1.50,1.37
2016.01.13 10:09:29.878,1.42061,1.42071,1.50,2.25
2016.01.13 10:09:30.132,1.42055,1.42069,1.75,2.70
2016.01.13 10:09:31.296,1.42055,1.42066,1.75,1.50
2016.01.13 10:09:32.116,1.42056,1.42066,1.00,1.87
2016.01.13 10:09:32.619,1.42056,1.42066,1.00,1.87
2016.01.13 10:09:40.805,1.42056,1.42066,1.37,1.50
2016.01.13 10:09:41.342,1.42055,1.42066,1.75,1.37
2016.01.13 10:09:44.309,1.42055,1.42067,1.37,1.95
2016.01.13 10:09:44.411,1.42055,1.42067,1.12,2.70
2016.01.13 10:09:47.552,1.42055,1.42067,1.20,2.62
2016.01.13 10:09:47.840,1.42055,1.42067,1.10,2.62
2016.01.13 10:09:48.349,1.42055,1.42065,1.87,1.37
2016.01.13 10:09:48.876,1.42055,1.42066,1.37,1.12
2016.01.13 10:09:49.383,1.42055,1.42067,1.37,3.07
2016.01.13 10:09:49.812,1.42058,1.42067,1.50,1.75
2016.01.13 10:09:51.037,1.42058,1.42067,1.50,1.75
2016.01.13 10:09:51.636,1.42058,1.42067,1.57,1.50
2016.01.13 10:09:53.001,1.42059,1.42066,1.50,1.00
2016.01.13 10:09:53.625,1.42058,1.42066,1.87,1.00
2016.01.13 10:09:54.134,1.42059,1.42066,1.50,1.00
2016.01.13 10:09:55.187,1.42058,1.42066,1.87,1.00
2016.01.13 10:09:56.297,1.4206,1.42066,1.50,1.00
2016.01.13 10:09:58.686,1.4206,1.42068,1.50,1.85
2016.01.13 10:09:59.701,1.42059,1.42067,1.87,1.00
2016.01.13 10:10:00.685,1.42059,1.42068,1.87,1.85
2016.01.13 10:10:03.200,1.4206,1.42068,1.50,1.47
2016.01.13 10:10:05.317,1.4206,1.42068,1.50,1.37
2016.01.13 10:10:06.180,1.42061,1.42068,1.50,1.37
2016.01.13 10:10:08.043,1.42062,1.42067,1.50,1.00
2016.01.13 10:10:08.196,1.42063,1.42069,1.50,1.00
2016.01.13 10:10:08.299,1.42066,1.42072,1.50,1.50
2016.01.13 10:10:08.806,1.42065,1.42072,1.50,1.50
2016.01.13 10:10:08.909,1.42062,1.42072,2.25,1.57
2016.01.13 10:10:09.698,1.42063,1.42072,1.50,1.57
2016.01.13 10:10:10.205,1.42062,1.42072,1.87,1.57
2016.01.13 10:10:12.052,1.42063,1.42071,1.12,1.12
2016.01.13 10:10:12.560,1.42063,1.4207,1.12,1.00
2016.01.13 10:10:13.091,1.42063,1.42072,3.37,1.87
2016.01.13 10:10:13.620,1.42063,1.42072,2.62,1.50
2016.01.13 10:10:13.823,1.42063,1.42072,3.37,1.37
2016.01.13 10:10:14.127,1.42063,1.42072,2.25,1.37
2016.01.13 10:10:15.122,1.42063,1.42072,1.50,2.32
2016.01.13 10:10:16.111,1.42065,1.42072,1.50,1.95
2016.01.13 10:10:17.078,1.42066,1.42072,1.50,1.37
2016.01.13 10:10:17.231,1.42064,1.42071,1.00,1.12
2016.01.13 10:10:18.195,1.42064,1.42072,1.50,1.37
2016.01.13 10:10:18.703,1.42063,1.42072,1.87,1.12
2016.01.13 10:10:19.212,1.42062,1.42072,1.37,1.47
2016.01.13 10:10:19.733,1.42064,1.42072,1.00,1.47
2016.01.13 10:10:20.400,1.42065,1.42072,1.50,1.57
2016.01.13 10:10:20.452,1.42072,1.42077,2.62,3.00
2016.01.13 10:10:20.503,1.42072,1.42079,2.62,2.25
2016.01.13 10:10:20.605,1.42076,1.42081,1.37,1.87
2016.01.13 10:10:21.161,1.42077,1.42082,1.12,1.12
2016.01.13 10:10:21.670,1.42077,1.42081,1.12,1.12
2016.01.13 10:10:22.588,1.42077,1.42081,1.12,1.12
2016.01.13 10:10:22.904,1.42077,1.42083,1.37,2.25
2016.01.13 10:10:23.158,1.42077,1.42081,1.12,1.12
2016.01.13 10:10:23.480,1.42079,1.42085,2.62,3.00
2016.01.13 10:10:23.582,1.42077,1.42082,1.00,1.37
2016.01.13 10:10:23.684,1.42078,1.42086,1.00,1.12
2016.01.13 10:10:23.844,1.42078,1.42086,1.12,1.00
2016.01.13 10:10:25.220,1.42077,1.42088,2.25,1.95
2016.01.13 10:10:26.238,1.42077,1.42087,2.25,1.12
2016.01.13 10:10:26.316,1.42077,1.42087,2.25,1.12
2016.01.13 10:10:26.419,1.42077,1.42087,2.25,1.12
2016.01.13 10:10:30.234,1.42077,1.42088,1.87,2.70
2016.01.13 10:10:30.746,1.42077,1.42087,1.50,1.37
2016.01.13 10:10:33.494,1.42076,1.42087,1.87,1.12
2016.01.13 10:10:34.001,1.42076,1.42086,1.87,1.00
2016.01.13 10:10:34.447,1.42076,1.42085,1.50,1.57
2016.01.13 10:10:34.971,1.42075,1.42085,1.87,1.95
2016.01.13 10:10:35.472,1.42075,1.42082,1.87,1.00
2016.01.13 10:10:36.557,1.42077,1.42084,1.50,2.25
2016.01.13 10:10:37.065,1.42077,1.42085,1.50,1.75
2016.01.13 10:10:38.865,1.42076,1.42084,1.87,1.00
2016.01.13 10:10:41.187,1.42076,1.42086,1.50,1.45
2016.01.13 10:10:42.369,1.42076,1.42086,1.87,1.57
2016.01.13 10:10:42.880,1.42077,1.42087,1.50,2.25
2016.01.13 10:10:45.019,1.42077,1.42085,1.87,1.00
2016.01.13 10:10:50.188,1.42079,1.42085,1.50,1.00
2016.01.13 10:10:50.731,1.42077,1.42085,1.50,1.00
2016.01.13 10:10:55.412,1.42078,1.42085,1.50,1.00
2016.01.13 10:10:55.920,1.42076,1.42086,2.32,1.37
2016.01.13 10:10:58.013,1.42078,1.42087,1.50,1.12
2016.01.13 10:10:58.761,1.42076,1.42087,2.25,1.20
2016.01.13 10:10:58.864,1.42075,1.42087,1.87,1.20
2016.01.13 10:10:59.371,1.42075,1.42085,1.57,1.37
2016.01.13 10:10:59.982,1.42076,1.42085,1.50,1.37
2016.01.13 10:11:00.395,1.42075,1.42086,1.87,1.95
2016.01.13 10:11:00.446,1.42073,1.42084,1.95,1.87
2016.01.13 10:11:00.650,1.42072,1.42082,1.50,1.82
2016.01.13 10:11:01.120,1.42071,1.4208,1.50,1.87
2016.01.13 10:11:01.670,1.42071,1.4208,1.50,1.82
2016.01.13 10:11:02.597,1.4207,1.4208,1.87,1.82
2016.01.13 10:11:09.061,1.42075,1.42079,1.50,1.10
2016.01.13 10:11:09.112,1.42076,1.42084,1.50,2.70
2016.01.13 10:11:09.164,1.42076,1.42084,1.50,1.50
2016.01.13 10:11:10.663,1.42075,1.42086,1.87,1.95
2016.01.13 10:11:10.866,1.42071,1.42077,2.25,1.00
2016.01.13 10:11:10.968,1.42069,1.42077,1.50,1.00
2016.01.13 10:11:11.374,1.42068,1.42077,1.50,1.50
2016.01.13 10:11:15.147,1.42069,1.42077,1.50,1.50
2016.01.13 10:11:15.674,1.42069,1.42077,1.50,1.50
2016.01.13 10:11:15.831,1.42069,1.42077,1.50,1.50
2016.01.13 10:11:16.339,1.4207,1.42077,1.50,1.50
2016.01.13 10:11:17.051,1.42068,1.42077,1.50,1.50
2016.01.13 10:11:17.204,1.42065,1.42072,2.25,1.00
2016.01.13 10:11:17.306,1.42064,1.42071,1.50,1.20
2016.01.13 10:11:17.357,1.42062,1.42069,1.87,1.00
2016.01.13 10:11:18.579,1.42062,1.42069,1.50,1.00
2016.01.13 10:11:21.117,1.42061,1.42069,1.50,1.00
2016.01.13 10:11:21.563,1.42063,1.42069,1.50,1.00
2016.01.13 10:11:22.535,1.42061,1.42069,1.50,1.00
2016.01.13 10:11:23.049,1.42061,1.42069,1.50,1.50
2016.01.13 10:11:24.193,1.4206,1.42069,2.62,1.00
2016.01.13 10:11:24.359,1.4206,1.42068,1.50,1.12
2016.01.13 10:11:25.502,1.42059,1.42067,1.50,1.37
2016.01.13 10:11:25.746,1.42057,1.42067,1.50,1.37
2016.01.13 10:11:27.059,1.42057,1.42062,1.50,1.87
2016.01.13 10:11:27.315,1.42043,1.4205,1.50,1.10
2016.01.13 10:11:27.367,1.42041,1.4205,1.50,1.10
2016.01.13 10:11:27.419,1.42041,1.42049,1.50,1.50
2016.01.13 10:11:27.826,1.42039,1.42046,1.50,1.00
2016.01.13 10:11:28.352,1.42039,1.42047,1.50,1.12
2016.01.13 10:11:28.884,1.42038,1.42047,1.50,1.12
2016.01.13 10:11:29.111,1.4204,1.42047,1.50,1.12
2016.01.13 10:11:30.106,1.42039,1.42047,1.50,1.12
2016.01.13 10:11:31.627,1.42039,1.42047,1.50,1.37
2016.01.13 10:11:32.135,1.42038,1.42048,1.00,1.47
2016.01.13 10:11:32.660,1.42039,1.42047,1.00,1.37
2016.01.13 10:11:33.198,1.42039,1.42047,1.00,1.12
2016.01.13 10:11:34.720,1.42037,1.42047,1.00,1.00
2016.01.13 10:11:34.873,1.42039,1.42047,1.00,1.50
2016.01.13 10:11:35.380,1.42039,1.42048,1.00,1.10
2016.01.13 10:11:35.925,1.42039,1.42047,1.00,1.00
2016.01.13 10:11:36.332,1.42039,1.42048,1.00,1.85
2016.01.13 10:11:36.839,1.42039,1.42046,1.00,1.00
2016.01.13 10:11:37.360,1.42038,1.42046,1.32,1.00
2016.01.13 10:11:37.867,1.42036,1.42046,1.32,1.57
2016.01.13 10:11:37.969,1.42036,1.42046,1.32,1.57
2016.01.13 10:11:38.176,1.42034,1.42044,1.32,1.10
2016.01.13 10:11:38.278,1.42034,1.42044,1.32,1.37
2016.01.13 10:11:38.381,1.42034,1.42044,1.32,1.00
2016.01.13 10:11:38.736,1.42033,1.42044,1.74,1.82
2016.01.13 10:11:38.838,1.42033,1.42045,2.11,1.50
2016.01.13 10:11:39.150,1.42036,1.42046,1.69,1.57
2016.01.13 10:11:39.560,1.42034,1.42046,1.74,1.82
2016.01.13 10:11:39.967,1.42034,1.42043,1.61,1.12
2016.01.13 10:11:40.078,1.42032,1.42044,1.61,1.12
2016.01.13 10:11:40.486,1.42036,1.42044,1.36,1.47
2016.01.13 10:11:40.994,1.42036,1.42044,1.36,1.00
2016.01.13 10:11:41.505,1.42036,1.42044,1.61,1.00
2016.01.13 10:11:41.659,1.42033,1.42044,1.36,1.10
2016.01.13 10:11:41.710,1.42033,1.42045,1.36,1.20
2016.01.13 10:11:41.864,1.42032,1.42041,1.36,1.50
2016.01.13 10:11:41.966,1.42028,1.42036,1.00,1.00
2016.01.13 10:11:42.314,1.42021,1.42032,1.74,1.50
2016.01.13 10:11:42.825,1.42022,1.42032,1.36,1.20
2016.01.13 10:11:43.166,1.42025,1.42034,1.32,1.85
2016.01.13 10:11:43.676,1.42026,1.42034,1.36,1.47
2016.01.13 10:11:44.194,1.42025,1.42034,1.36,1.47
2016.01.13 10:11:44.499,1.42026,1.42034,1.61,1.37
2016.01.13 10:11:44.550,1.42026,1.42034,1.61,1.00
2016.01.13 10:11:44.652,1.42032,1.4204,1.00,1.75
2016.01.13 10:11:44.705,1.42032,1.4204,1.12,1.00
2016.01.13 10:11:44.858,1.42035,1.42043,1.61,1.37
2016.01.13 10:11:45.063,1.42032,1.42043,1.48,1.20
2016.01.13 10:11:45.969,1.4203,1.42043,1.98,1.20
2016.01.13 10:11:46.699,1.42031,1.42041,1.60,1.37
2016.01.13 10:11:48.696,1.42031,1.4204,1.13,1.00
2016.01.13 10:11:50.251,1.4203,1.4204,1.98,1.00
2016.01.13 10:11:50.455,1.42032,1.4204,2.35,1.00
2016.01.13 10:11:50.506,1.42033,1.42042,1.48,1.10
2016.01.13 10:11:50.557,1.42035,1.42042,1.48,1.00
2016.01.13 10:11:51.512,1.42035,1.42044,1.60,1.00
2016.01.13 10:11:52.544,1.42035,1.42045,1.00,1.37
2016.01.13 10:11:52.646,1.42033,1.42044,1.51,1.12
2016.01.13 10:11:52.799,1.42031,1.42041,1.60,1.00
2016.01.13 10:11:52.901,1.42034,1.42041,1.60,1.37
2016.01.13 10:11:53.105,1.42035,1.42046,1.23,1.85
2016.01.13 10:11:53.207,1.42034,1.42044,1.75,1.12
2016.01.13 10:11:53.309,1.42032,1.42044,1.98,1.50
2016.01.13 10:11:53.750,1.42031,1.42041,1.60,1.00
2016.01.13 10:11:54.259,1.42031,1.42041,1.48,1.37
2016.01.13 10:11:54.666,1.42032,1.42042,1.98,1.47
2016.01.13 10:11:55.178,1.42032,1.42042,1.12,1.47
2016.01.13 10:11:56.230,1.42031,1.4204,1.00,1.00
2016.01.13 10:11:56.762,1.42031,1.42041,1.50,1.47
2016.01.13 10:11:57.271,1.42033,1.42041,1.00,1.47
2016.01.13 10:11:57.795,1.42033,1.42042,1.00,1.45
2016.01.13 10:11:58.302,1.42032,1.42041,1.00,1.10
2016.01.13 10:12:00.177,1.42034,1.42041,1.00,1.20
2016.01.13 10:12:00.495,1.42034,1.42042,1.00,1.45
2016.01.13 10:12:00.698,1.42035,1.42042,1.00,1.07
2016.01.13 10:12:01.055,1.42037,1.42046,1.00,3.75
2016.01.13 10:12:01.107,1.42037,1.42048,1.37,1.50
2016.01.13 10:12:01.413,1.4204,1.42048,1.00,1.47
2016.01.13 10:12:01.522,1.4204,1.42048,1.00,1.12
2016.01.13 10:12:02.032,1.4204,1.42047,1.00,1.00
2016.01.13 10:12:02.556,1.42039,1.42048,1.12,1.37
2016.01.13 10:12:03.067,1.4204,1.42049,1.00,1.87
2016.01.13 10:12:03.272,1.42042,1.42048,1.00,1.00
2016.01.13 10:12:04.410,1.42043,1.42048,1.50,1.00
2016.01.13 10:12:05.692,1.42043,1.42049,1.00,1.00
2016.01.13 10:12:06.212,1.42043,1.42049,1.00,1.37
2016.01.13 10:12:06.738,1.42043,1.42051,1.00,1.12
2016.01.13 10:12:07.669,1.42042,1.42051,1.50,1.12
2016.01.13 10:12:08.230,1.42042,1.42049,1.50,1.12
2016.01.13 10:12:08.971,1.42035,1.42049,2.25,1.87
2016.01.13 10:12:09.022,1.42035,1.42044,1.12,1.12
2016.01.13 10:12:09.074,1.42033,1.42044,1.19,1.50
2016.01.13 10:12:09.328,1.42034,1.42045,1.47,1.00
2016.01.13 10:12:09.531,1.42033,1.42045,1.57,1.50
2016.01.13 10:12:11.742,1.42034,1.42045,1.19,1.50
2016.01.13 10:12:11.845,1.42036,1.42047,1.12,1.12
2016.01.13 10:12:12.362,1.42034,1.42047,1.82,1.12
2016.01.13 10:12:12.891,1.42035,1.42048,1.19,1.12
2016.01.13 10:12:17.449,1.42035,1.42047,1.19,1.75
2016.01.13 10:12:18.761,1.42035,1.42045,1.57,1.37
2016.01.13 10:12:19.119,1.42038,1.42047,1.06,1.12
2016.01.13 10:12:19.220,1.42038,1.42049,1.68,1.75
2016.01.13 10:12:21.869,1.42038,1.42048,1.06,1.37
2016.01.13 10:12:23.882,1.42038,1.42048,1.06,1.75
2016.01.13 10:12:25.491,1.42038,1.42048,1.68,1.12
2016.01.13 10:12:26.023,1.42038,1.42048,1.06,1.12
2016.01.13 10:12:30.844,1.42037,1.42047,1.47,1.12
2016.01.13 10:12:33.196,1.42036,1.42045,1.60,1.00
2016.01.13 10:12:33.811,1.42035,1.42045,1.70,1.00
2016.01.13 10:12:34.328,1.42035,1.42045,1.74,1.00
2016.01.13 10:12:38.309,1.42036,1.42046,1.60,1.00
2016.01.13 10:12:39.048,1.42036,1.42047,1.60,1.12
2016.01.13 10:12:41.230,1.42035,1.42046,1.37,1.50
2016.01.13 10:12:41.536,1.42031,1.42041,1.29,1.37
2016.01.13 10:12:41.942,1.4203,1.42042,1.29,1.87
2016.01.13 10:12:42.044,1.42031,1.42041,1.00,1.37
2016.01.13 10:12:42.573,1.4203,1.42042,1.75,1.37
2016.01.13 10:12:42.726,1.4203,1.42039,1.00,1.00
2016.01.13 10:12:43.297,1.42029,1.42039,1.00,1.12
2016.01.13 10:12:43.805,1.42027,1.4204,1.85,1.50
2016.01.13 10:12:44.354,1.42028,1.4204,1.50,1.87
2016.01.13 10:12:45.730,1.42032,1.42041,1.00,1.12
2016.01.13 10:12:46.070,1.42034,1.42043,1.57,1.75
2016.01.13 10:12:46.722,1.42034,1.42042,1.50,1.00
2016.01.13 10:12:48.774,1.42034,1.42043,1.50,1.75
2016.01.13 10:12:50.135,1.42036,1.42043,1.00,1.75
2016.01.13 10:12:50.839,1.42036,1.42042,1.00,1.00
2016.01.13 10:12:51.349,1.42036,1.42043,1.00,1.75
2016.01.13 10:12:51.808,1.42037,1.42044,1.00,1.12
2016.01.13 10:12:51.960,1.42039,1.42044,1.50,1.37
2016.01.13 10:12:52.475,1.42038,1.42044,1.00,1.00
2016.01.13 10:12:54.276,1.42036,1.42044,1.20,1.00
2016.01.13 10:12:55.445,1.42036,1.42044,1.00,1.50
2016.01.13 10:12:55.496,1.42032,1.42044,2.32,1.50
2016.01.13 10:12:55.640,1.42032,1.42042,1.12,1.12
2016.01.13 10:12:55.742,1.42033,1.42042,1.00,1.00
2016.01.13 10:12:55.844,1.42036,1.42043,1.00,1.00
2016.01.13 10:12:58.282,1.42035,1.42045,1.20,1.87
2016.01.13 10:12:58.860,1.42036,1.42045,1.00,1.75
2016.01.13 10:13:02.549,1.42034,1.42045,1.50,1.50
2016.01.13 10:13:05.617,1.42037,1.42043,1.00,1.00
2016.01.13 10:13:06.124,1.42038,1.42045,1.00,1.12
2016.01.13 10:13:14.315,1.42037,1.42048,1.12,1.75
2016.01.13 10:13:14.816,1.42037,1.42048,1.12,1.12
2016.01.13 10:13:25.451,1.42036,1.42044,1.00,1.00
2016.01.13 10:13:25.986,1.42036,1.42044,1.07,1.00
2016.01.13 10:13:26.494,1.42035,1.42046,1.85,1.37
2016.01.13 10:13:27.697,1.42037,1.42046,1.00,1.75
2016.01.13 10:13:27.963,1.42033,1.42043,1.57,1.12
2016.01.13 10:13:28.015,1.42033,1.42042,1.00,1.00
2016.01.13 10:13:28.118,1.4203,1.42041,1.37,1.37
2016.01.13 10:13:28.423,1.42027,1.4204,2.25,1.20
2016.01.13 10:13:28.527,1.42025,1.42038,1.57,1.12
2016.01.13 10:13:28.640,1.42023,1.42035,1.57,1.12
2016.01.13 10:13:29.216,1.42022,1.42032,1.00,1.00
2016.01.13 10:13:29.521,1.42024,1.42034,1.00,1.00
2016.01.13 10:13:29.917,1.42024,1.42035,1.87,1.50
2016.01.13 10:13:33.444,1.42023,1.42034,1.12,1.50
2016.01.13 10:13:33.648,1.4202,1.42032,1.50,2.62
2016.01.13 10:13:33.967,1.42018,1.42031,1.57,2.25
2016.01.13 10:13:35.290,1.42018,1.42028,1.57,1.00
2016.01.13 10:13:35.798,1.42019,1.42028,1.00,1.00
2016.01.13 10:13:35.849,1.4202,1.4203,1.75,1.12
2016.01.13 10:13:36.155,1.42026,1.42036,1.00,1.37
2016.01.13 10:13:36.460,1.42032,1.42039,1.00,1.00
2016.01.13 10:13:36.786,1.42032,1.42042,1.75,1.37
2016.01.13 10:13:37.245,1.42031,1.42042,1.75,2.25
2016.01.13 10:13:40.838,1.42031,1.4204,1.00,1.00
2016.01.13 10:13:40.940,1.42033,1.42042,1.12,1.50
2016.01.13 10:13:41.851,1.42033,1.4204,1.50,1.00
2016.01.13 10:13:53.762,1.42031,1.4204,1.95,1.00
2016.01.13 10:13:53.864,1.42031,1.4204,1.00,1.75
2016.01.13 10:13:54.265,1.42027,1.4204,1.50,3.07
2016.01.13 10:13:54.367,1.42027,1.42038,1.12,1.50
2016.01.13 10:13:54.469,1.42027,1.42038,1.75,1.50
2016.01.13 10:13:54.978,1.42028,1.4204,1.87,1.20
2016.01.13 10:13:55.029,1.42032,1.42041,1.00,2.32
2016.01.13 10:13:55.359,1.42034,1.4204,1.10,1.00
2016.01.13 10:13:55.664,1.42034,1.42042,1.00,1.00
2016.01.13 10:13:57.576,1.42031,1.42041,1.57,1.12
2016.01.13 10:13:57.678,1.42029,1.4204,1.50,1.37
2016.01.13 10:13:57.779,1.42027,1.42038,1.00,1.50
2016.01.13 10:13:58.287,1.42026,1.42036,1.00,1.00
2016.01.13 10:13:58.362,1.42025,1.42038,1.87,1.75
2016.01.13 10:13:58.465,1.42032,1.4204,1.00,1.00
2016.01.13 10:13:58.619,1.42031,1.42042,1.82,1.00
2016.01.13 10:14:01.135,1.42033,1.42043,1.12,1.12
2016.01.13 10:14:01.684,1.42033,1.42043,1.12,1.50
2016.01.13 10:14:03.563,1.42033,1.42043,1.12,1.50
2016.01.13 10:14:07.816,1.42033,1.42043,1.75,1.00
2016.01.13 10:14:10.932,1.42033,1.42044,1.12,1.37
2016.01.13 10:14:14.634,1.42033,1.42045,1.50,1.87
2016.01.13 10:14:15.149,1.42035,1.42045,1.00,1.87
2016.01.13 10:14:15.676,1.42035,1.42045,1.00,1.50
2016.01.13 10:14:20.311,1.42035,1.42045,1.00,1.87
2016.01.13 10:14:24.295,1.42035,1.42045,1.00,1.12
2016.01.13 10:14:25.256,1.42035,1.42045,1.00,1.37
2016.01.13 10:14:26.236,1.42035,1.42045,1.00,1.12
2016.01.13 10:14:31.164,1.42035,1.42045,1.00,2.25
2016.01.13 10:14:31.762,1.42035,1.42045,1.00,2.25
2016.01.13 10:14:35.277,1.42033,1.42045,1.50,1.75
2016.01.13 10:14:37.284,1.42033,1.42045,1.50,2.25
2016.01.13 10:14:38.876,1.42034,1.42043,1.37,1.00
2016.01.13 10:14:39.392,1.42033,1.42044,2.70,1.37
2016.01.13 10:14:39.900,1.42033,1.42044,2.70,1.12
2016.01.13 10:14:49.606,1.42036,1.42046,1.00,1.00
2016.01.13 10:14:56.166,1.42036,1.42046,1.00,1.50
2016.01.13 10:14:56.921,1.42036,1.42046,1.00,1.50
2016.01.13 10:14:58.840,1.42033,1.42046,1.87,1.20
2016.01.13 10:15:00.927,1.42034,1.42045,1.12,1.00
2016.01.13 10:15:13.843,1.42034,1.42047,1.87,1.75
2016.01.13 10:15:14.352,1.42034,1.42048,1.87,2.32
2016.01.13 10:15:14.952,1.42034,1.42047,1.75,1.37
2016.01.13 10:15:15.459,1.42037,1.42047,1.00,1.12
2016.01.13 10:15:18.381,1.42037,1.42046,1.00,1.00
2016.01.13 10:15:20.987,1.42034,1.42046,1.85,1.12
2016.01.13 10:15:21.514,1.42037,1.42047,1.00,1.37
2016.01.13 10:15:25.117,1.42034,1.42046,1.95,1.00
2016.01.13 10:15:25.780,1.42038,1.42048,1.00,1.95
2016.01.13 10:15:25.831,1.42038,1.42048,1.00,1.95
2016.01.13 10:15:26.086,1.42037,1.4205,1.75,1.20
2016.01.13 10:15:26.188,1.42038,1.42048,1.00,1.00
2016.01.13 10:15:26.699,1.42037,1.42051,1.85,2.32
2016.01.13 10:15:27.207,1.42039,1.42048,1.00,1.00
2016.01.13 10:15:27.310,1.4204,1.42051,1.37,1.95
2016.01.13 10:15:28.455,1.42041,1.42052,1.37,1.20
2016.01.13 10:15:28.506,1.42042,1.42052,1.87,1.07
2016.01.13 10:15:28.558,1.42046,1.42052,1.37,1.00
2016.01.13 10:15:28.710,1.42049,1.42062,1.75,1.00
2016.01.13 10:15:29.348,1.42049,1.42063,2.32,1.87
2016.01.13 10:15:30.112,1.42051,1.42063,1.85,1.87
2016.01.13 10:15:30.471,1.4205,1.42063,1.20,1.37
2016.01.13 10:15:30.980,1.42053,1.42063,1.00,2.25
2016.01.13 10:15:31.967,1.42053,1.42063,1.00,2.62
2016.01.13 10:15:33.107,1.42055,1.42063,1.00,1.87
2016.01.13 10:15:33.463,1.42052,1.42064,1.20,1.00
2016.01.13 10:15:33.514,1.42056,1.42065,1.00,1.37
2016.01.13 10:15:34.633,1.42053,1.42065,1.87,1.50
2016.01.13 10:15:35.301,1.42052,1.42065,1.95,1.50
2016.01.13 10:15:35.822,1.42055,1.42066,1.12,2.25
2016.01.13 10:15:36.734,1.42055,1.42066,1.50,1.50
2016.01.13 10:15:38.306,1.42055,1.42066,1.50,1.12
2016.01.13 10:15:41.141,1.42055,1.42066,1.87,1.50
2016.01.13 10:15:41.547,1.42057,1.42064,1.00,1.12
2016.01.13 10:15:41.598,1.42057,1.42067,1.00,3.37
2016.01.13 10:15:41.649,1.4206,1.42067,2.62,2.62
2016.01.13 10:15:41.825,1.4207,1.42076,1.12,1.00
2016.01.13 10:15:41.876,1.42074,1.42079,1.50,1.00
2016.01.13 10:15:42.181,1.42074,1.42086,1.95,1.87
2016.01.13 10:15:42.232,1.42074,1.42086,1.87,1.50
2016.01.13 10:15:42.640,1.42074,1.42088,1.95,1.75
2016.01.13 10:15:42.742,1.42076,1.42088,1.00,1.50
2016.01.13 10:15:42.867,1.42075,1.42089,1.85,1.57
2016.01.13 10:15:43.325,1.42078,1.42089,1.00,1.95
2016.01.13 10:15:43.837,1.42077,1.42089,1.00,1.47
2016.01.13 10:15:44.142,1.42076,1.42087,1.75,1.00
2016.01.13 10:15:44.550,1.42076,1.42089,1.82,1.12
2016.01.13 10:15:45.055,1.42077,1.42089,1.85,1.50
2016.01.13 10:15:45.565,1.42077,1.42089,1.47,1.87
2016.01.13 10:15:46.084,1.42075,1.42089,2.70,1.75
2016.01.13 10:15:46.186,1.42076,1.42088,1.57,1.50
2016.01.13 10:15:46.706,1.42077,1.42089,1.57,1.87
2016.01.13 10:15:47.049,1.42077,1.42089,1.57,1.87
2016.01.13 10:15:47.354,1.42077,1.42088,1.10,1.50
2016.01.13 10:15:47.859,1.42076,1.42088,1.95,1.37
2016.01.13 10:15:48.372,1.42075,1.42089,2.70,1.75
2016.01.13 10:15:49.056,1.42075,1.42089,2.32,1.50
2016.01.13 10:15:49.576,1.42077,1.4209,1.37,1.95
2016.01.13 10:15:49.628,1.42077,1.4209,1.37,1.95
2016.01.13 10:15:49.831,1.42078,1.42089,1.00,1.37
2016.01.13 10:15:50.335,1.42077,1.42089,1.12,1.37
2016.01.13 10:15:50.843,1.42077,1.42088,1.12,1.00
2016.01.13 10:15:51.148,1.42077,1.42089,1.37,1.50
2016.01.13 10:15:51.570,1.42076,1.42088,1.12,1.00
2016.01.13 10:15:51.875,1.42077,1.42089,1.37,1.50
2016.01.13 10:15:52.078,1.42076,1.42088,1.12,1.00
2016.01.13 10:15:52.332,1.42078,1.42088,1.37,1.00
2016.01.13 10:15:52.637,1.42078,1.42089,1.00,1.12
2016.01.13 10:15:53.179,1.42077,1.4209,1.12,2.32
2016.01.13 10:15:53.636,1.42077,1.42089,1.87,1.00
2016.01.13 10:15:53.839,1.42078,1.42089,1.37,1.37
2016.01.13 10:15:54.352,1.42078,1.42089,1.00,1.87
2016.01.13 10:15:54.454,1.42078,1.42088,1.00,1.00
2016.01.13 10:15:55.266,1.42078,1.4209,1.37,1.20
2016.01.13 10:15:55.843,1.42078,1.42091,1.37,1.20
2016.01.13 10:15:56.147,1.42078,1.42091,1.12,1.85
2016.01.13 10:15:56.553,1.42078,1.42091,1.37,1.20
2016.01.13 10:15:57.058,1.42078,1.4209,1.37,1.37
2016.01.13 10:15:57.465,1.42076,1.42089,1.95,1.00
2016.01.13 10:15:57.567,1.42076,1.4209,1.95,1.37
2016.01.13 10:15:57.871,1.42076,1.42089,1.20,1.00
2016.01.13 10:15:58.444,1.42077,1.4209,1.75,1.95
2016.01.13 10:15:58.750,1.42077,1.4209,1.75,1.57
2016.01.13 10:16:00.261,1.42078,1.4209,1.50,1.95
2016.01.13 10:16:01.150,1.42077,1.4209,1.57,1.20
2016.01.13 10:16:01.455,1.42077,1.42088,1.10,1.12
2016.01.13 10:16:02.379,1.42076,1.42089,1.95,1.12
2016.01.13 10:16:02.583,1.42077,1.4209,1.37,2.25
2016.01.13 10:16:03.129,1.42077,1.4209,1.12,1.87
2016.01.13 10:16:03.485,1.42077,1.4209,1.00,2.25
2016.01.13 10:16:04.002,1.42076,1.42089,1.95,1.45
2016.01.13 10:16:04.155,1.42077,1.42089,1.50,1.57
2016.01.13 10:16:04.866,1.42077,1.42089,1.00,1.95
2016.01.13 10:16:04.918,1.42077,1.42085,1.00,1.00
2016.01.13 10:16:05.240,1.4207,1.42083,1.75,1.45
2016.01.13 10:16:05.393,1.4207,1.42083,1.12,1.45
2016.01.13 10:16:05.913,1.42071,1.42081,1.00,1.00
2016.01.13 10:16:06.416,1.42069,1.42083,1.95,1.57
2016.01.13 10:16:06.467,1.4207,1.42084,1.87,1.57
2016.01.13 10:16:06.976,1.42074,1.42084,1.00,1.00
2016.01.13 10:16:07.517,1.42074,1.42084,1.00,1.95
2016.01.13 10:16:08.281,1.42071,1.42084,1.12,1.95
2016.01.13 10:16:08.383,1.42071,1.42083,1.37,1.57
2016.01.13 10:16:08.785,1.4207,1.42083,1.12,1.57
2016.01.13 10:16:08.887,1.42069,1.42083,1.75,1.57
2016.01.13 10:16:08.989,1.42068,1.4208,2.32,1.47
2016.01.13 10:16:09.296,1.42064,1.42078,1.95,1.57
2016.01.13 10:16:09.603,1.42066,1.42078,1.00,1.57
2016.01.13 10:16:09.864,1.42068,1.42079,1.00,1.82
2016.01.13 10:16:10.169,1.42073,1.42083,1.50,1.00
2016.01.13 10:16:10.677,1.42072,1.42083,1.75,1.00
2016.01.13 10:16:10.729,1.42072,1.42081,1.75,1.37
2016.01.13 10:16:10.833,1.4207,1.42082,1.75,2.32
2016.01.13 10:16:10.884,1.42071,1.42081,1.00,1.00
2016.01.13 10:16:11.088,1.42071,1.42076,1.00,1.00
2016.01.13 10:16:11.291,1.42059,1.42073,2.32,4.50
2016.01.13 10:16:11.393,1.4206,1.42071,1.00,1.20
2016.01.13 10:16:11.495,1.42058,1.42071,1.50,1.20
2016.01.13 10:16:11.699,1.42058,1.4207,1.57,1.57
2016.01.13 10:16:12.808,1.42058,1.4207,1.85,1.57
2016.01.13 10:16:13.120,1.42056,1.4207,1.95,1.95
2016.01.13 10:16:13.628,1.42057,1.42067,1.00,1.00
2016.01.13 10:16:15.835,1.42056,1.4207,1.85,2.32
2016.01.13 10:16:16.342,1.42056,1.4207,2.11,1.20
2016.01.13 10:16:16.800,1.42056,1.4207,1.74,1.95
2016.01.13 10:16:20.009,1.42056,1.42068,1.47,1.00
2016.01.13 10:16:20.735,1.42056,1.42069,1.20,1.12
2016.01.13 10:16:21.244,1.42058,1.4207,1.00,1.20
2016.01.13 10:16:21.346,1.42057,1.42068,1.29,1.00
2016.01.13 10:16:21.848,1.42057,1.4207,1.66,1.85
2016.01.13 10:16:25.229,1.42057,1.42069,1.66,1.00
2016.01.13 10:16:26.555,1.42059,1.42069,1.13,1.37
2016.01.13 10:16:27.073,1.42059,1.42069,1.00,1.37
2016.01.13 10:16:29.949,1.42058,1.42069,1.37,1.37
2016.01.13 10:16:32.876,1.42066,1.42075,1.87,1.07
2016.01.13 10:16:32.928,1.42064,1.42076,1.00,2.25
2016.01.13 10:16:32.979,1.42085,1.42098,1.00,1.00
2016.01.13 10:16:33.029,1.42087,1.42098,1.00,1.00
2016.01.13 10:16:33.335,1.42089,1.42101,1.23,1.00
2016.01.13 10:16:33.464,1.42092,1.42105,1.48,1.12
2016.01.13 10:16:33.516,1.42093,1.42107,1.48,1.00
2016.01.13 10:16:33.771,1.42094,1.42109,1.48,1.00
2016.01.13 10:16:34.279,1.42095,1.42108,1.48,1.00
2016.01.13 10:16:35.116,1.42095,1.42108,1.48,2.32
2016.01.13 10:16:35.588,1.42096,1.42108,1.37,2.25
2016.01.13 10:16:36.433,1.42096,1.42108,1.75,1.87
2016.01.13 10:16:36.485,1.42099,1.42109,1.12,1.00
2016.01.13 10:16:36.586,1.42098,1.42111,1.87,1.57
2016.01.13 10:16:36.790,1.42096,1.42108,1.12,1.82
2016.01.13 10:16:36.993,1.42096,1.42109,2.25,1.87
2016.01.13 10:16:37.496,1.42097,1.42109,1.00,1.12
2016.01.13 10:16:38.185,1.42097,1.42109,1.50,1.20
2016.01.13 10:16:38.900,1.42099,1.42109,1.00,1.12
2016.01.13 10:16:40.003,1.42098,1.4211,1.12,1.85
2016.01.13 10:16:40.206,1.42098,1.42109,1.12,1.12
2016.01.13 10:16:40.769,1.42098,1.4211,1.37,1.85
2016.01.13 10:16:41.023,1.42097,1.4211,1.12,1.85
2016.01.13 10:16:41.126,1.42099,1.4211,1.00,1.85
2016.01.13 10:16:41.380,1.42099,1.42111,1.12,1.95
2016.01.13 10:16:41.534,1.42101,1.42112,1.12,1.87
2016.01.13 10:16:42.071,1.42102,1.42112,1.00,1.12
2016.01.13 10:16:43.690,1.42101,1.42111,3.00,1.00
2016.01.13 10:16:44.214,1.42101,1.42113,2.62,1.87
2016.01.13 10:16:44.727,1.42102,1.42113,1.37,1.12
2016.01.13 10:16:45.285,1.42103,1.42115,2.25,1.75
2016.01.13 10:16:45.438,1.42108,1.42118,1.10,1.50
2016.01.13 10:16:45.490,1.42108,1.42118,1.57,1.50
2016.01.13 10:16:45.694,1.42113,1.42124,1.12,1.00
2016.01.13 10:16:45.796,1.42115,1.42127,1.50,1.50
2016.01.13 10:16:46.305,1.42116,1.42129,1.12,1.87
2016.01.13 10:16:46.610,1.42115,1.42126,1.12,1.87
2016.01.13 10:16:47.476,1.42116,1.42128,2.25,1.12
2016.01.13 10:16:47.528,1.42116,1.4213,1.37,2.25
2016.01.13 10:16:47.579,1.42116,1.4213,1.37,1.50
2016.01.13 10:16:48.495,1.42117,1.42129,1.12,1.50
2016.01.13 10:16:48.546,1.42117,1.42129,1.10,1.50
2016.01.13 10:16:48.683,1.42117,1.42129,1.12,1.50
2016.01.13 10:16:49.041,1.42119,1.42131,1.10,1.12
2016.01.13 10:16:49.549,1.42117,1.42132,1.12,1.22
2016.01.13 10:16:49.652,1.42117,1.42131,1.12,1.37
2016.01.13 10:16:50.210,1.42118,1.42132,1.07,1.37
2016.01.13 10:16:50.718,1.42117,1.42131,1.12,1.37
2016.01.13 10:16:51.638,1.42117,1.4213,1.20,1.47
2016.01.13 10:16:51.842,1.42117,1.42132,1.50,1.37
2016.01.13 10:16:52.365,1.42118,1.42131,1.10,1.00
2016.01.13 10:16:52.874,1.42117,1.42131,1.50,1.50
2016.01.13 10:16:53.395,1.42117,1.4213,1.50,1.37
2016.01.13 10:16:53.548,1.42116,1.42132,1.75,1.50
2016.01.13 10:16:53.905,1.42115,1.4213,1.50,1.22
2016.01.13 10:16:53.956,1.42115,1.42129,1.12,1.37
2016.01.13 10:16:54.320,1.42116,1.4213,1.07,1.57
2016.01.13 10:16:54.829,1.42115,1.42128,1.12,1.12
2016.01.13 10:16:54.931,1.42114,1.42127,1.45,1.97
2016.01.13 10:16:55.033,1.42115,1.4213,1.85,2.49
2016.01.13 10:16:55.348,1.42115,1.4213,3.00,1.87
2016.01.13 10:16:55.602,1.42115,1.4213,2.25,1.50
2016.01.13 10:16:55.704,1.42115,1.42129,1.20,1.66
2016.01.13 10:16:56.636,1.42115,1.4213,3.00,2.04
2016.01.13 10:16:56.993,1.42117,1.4213,1.20,1.37
2016.01.13 10:16:57.502,1.42116,1.4213,1.87,1.50
2016.01.13 10:16:58.318,1.42117,1.4213,1.12,1.12
2016.01.13 10:16:58.725,1.42117,1.4213,1.12,1.75
2016.01.13 10:16:59.271,1.42117,1.42131,1.50,2.43
2016.01.13 10:16:59.579,1.42116,1.42129,1.82,1.60
2016.01.13 10:17:00.085,1.42116,1.42129,1.87,1.51
2016.01.13 10:17:00.594,1.42116,1.4213,1.95,1.30
2016.01.13 10:17:00.696,1.42116,1.4213,1.95,1.60
2016.01.13 10:17:01.001,1.42118,1.4213,1.12,1.60
2016.01.13 10:17:01.306,1.42116,1.42129,2.32,1.37
2016.01.13 10:17:01.387,1.42117,1.4213,1.85,1.87
2016.01.13 10:17:01.902,1.42117,1.42131,1.95,1.88
2016.01.13 10:17:02.004,1.42117,1.42128,1.57,1.00
2016.01.13 10:17:02.157,1.42117,1.42127,1.57,1.37
2016.01.13 10:17:02.670,1.42117,1.42128,1.57,1.50
2016.01.13 10:17:03.439,1.42118,1.42129,1.20,1.60
2016.01.13 10:17:03.947,1.42117,1.4213,1.95,1.37
2016.01.13 10:17:05.483,1.42117,1.42129,1.57,1.13
2016.01.13 10:17:05.535,1.42117,1.42128,1.57,1.50
2016.01.13 10:17:06.046,1.42117,1.42127,1.57,1.12
2016.01.13 10:17:06.596,1.42118,1.42129,1.10,1.51
2016.01.13 10:17:07.098,1.42117,1.42129,1.95,1.00
2016.01.13 10:17:08.808,1.42117,1.42131,2.32,1.51
2016.01.13 10:17:08.860,1.42118,1.42131,1.85,1.51
2016.01.13 10:17:13.957,1.42118,1.42132,2.32,1.81
2016.01.13 10:17:14.008,1.42118,1.42131,1.82,1.68
2016.01.13 10:17:14.525,1.42119,1.42132,1.82,2.18
2016.01.13 10:17:14.835,1.42119,1.42131,1.20,1.68
2016.01.13 10:17:15.343,1.42119,1.42132,1.82,1.81
2016.01.13 10:17:15.851,1.42119,1.42132,2.25,1.81
2016.01.13 10:17:16.366,1.4212,1.42132,1.20,1.81
2016.01.13 10:17:16.884,1.4212,1.42132,2.25,1.06
2016.01.13 10:17:18.350,1.42121,1.42133,1.20,1.68
2016.01.13 10:17:18.452,1.42124,1.42135,1.45,1.05
2016.01.13 10:17:18.567,1.42132,1.4214,1.12,1.12
2016.01.13 10:17:18.619,1.42134,1.4214,1.50,1.00
2016.01.13 10:17:18.671,1.42136,1.42147,1.57,1.68
2016.01.13 10:17:18.875,1.42135,1.42147,1.87,1.05
2016.01.13 10:17:19.333,1.42137,1.42147,1.10,1.00
2016.01.13 10:17:19.746,1.42133,1.42147,1.50,1.75
2016.01.13 10:17:19.849,1.42131,1.42143,1.12,1.43
2016.01.13 10:17:20.664,1.42133,1.42143,1.00,1.00
2016.01.13 10:17:20.766,1.4213,1.42144,1.85,1.47
2016.01.13 10:17:20.919,1.42132,1.42142,1.12,1.12
2016.01.13 10:17:21.376,1.4213,1.42144,1.20,1.37
2016.01.13 10:17:21.579,1.4213,1.42144,1.82,1.82
2016.01.13 10:17:21.869,1.42134,1.42144,1.00,1.37
2016.01.13 10:17:22.377,1.42132,1.42142,1.00,1.00
2016.01.13 10:17:22.479,1.42131,1.42142,1.85,1.00
2016.01.13 10:17:22.986,1.42132,1.42136,1.00,1.13
2016.01.13 10:17:23.137,1.42124,1.42135,1.12,1.80
2016.01.13 10:17:23.239,1.42121,1.42135,1.75,2.55
2016.01.13 10:17:23.443,1.42122,1.42134,1.87,1.50
2016.01.13 10:17:23.545,1.42123,1.42133,1.00,1.13
2016.01.13 10:17:24.104,1.42122,1.42134,1.37,1.07
2016.01.13 10:17:24.409,1.42129,1.42133,1.12,1.00
2016.01.13 10:17:24.714,1.42123,1.42131,1.12,1.80
2016.01.13 10:17:24.766,1.42123,1.42131,1.00,1.50
2016.01.13 10:17:25.285,1.42121,1.42131,1.20,1.50
2016.01.13 10:17:25.691,1.42123,1.42134,1.37,1.12
2016.01.13 10:17:26.471,1.42123,1.42136,1.12,1.75
2016.01.13 10:17:26.776,1.42122,1.42135,3.00,1.75
2016.01.13 10:17:26.878,1.42123,1.42133,1.50,1.47
2016.01.13 10:17:27.081,1.42124,1.42134,1.00,1.07
2016.01.13 10:17:27.606,1.42123,1.42135,1.50,2.25
2016.01.13 10:17:28.734,1.42127,1.42134,1.12,1.37
2016.01.13 10:17:29.244,1.42129,1.42135,1.12,1.45
2016.01.13 10:17:29.503,1.42127,1.42135,1.12,1.81
2016.01.13 10:17:29.913,1.42129,1.42134,1.12,1.12
2016.01.13 10:17:30.523,1.42128,1.42134,1.12,1.32
2016.01.13 10:17:30.896,1.42128,1.42136,1.12,1.57
2016.01.13 10:17:31.050,1.42128,1.42137,1.12,1.37
2016.01.13 10:17:31.203,1.42129,1.42142,1.95,2.49
2016.01.13 10:17:31.306,1.42133,1.42142,1.00,1.32
2016.01.13 10:17:31.817,1.4213,1.42143,1.82,1.37
2016.01.13 10:17:32.173,1.42135,1.42145,1.00,2.94
2016.01.13 10:17:32.685,1.42132,1.42144,1.50,2.07
2016.01.13 10:17:33.195,1.42132,1.42144,1.75,1.69
2016.01.13 10:17:33.502,1.42134,1.42145,1.75,1.75
2016.01.13 10:17:34.354,1.42134,1.42147,1.87,1.12
2016.01.13 10:17:38.265,1.42134,1.42147,1.87,1.12
2016.01.13 10:17:38.772,1.42134,1.42147,2.25,1.12
2016.01.13 10:17:40.376,1.42134,1.42146,1.95,1.00
2016.01.13 10:17:41.380,1.42134,1.42147,2.25,1.12
2016.01.13 10:17:41.634,1.42132,1.42144,2.62,1.00
2016.01.13 10:17:42.138,1.42134,1.42145,1.57,1.00
2016.01.13 10:17:42.900,1.42135,1.42144,1.00,1.00
2016.01.13 10:17:43.002,1.42135,1.42146,1.50,1.00
2016.01.13 10:17:43.380,1.42135,1.42147,1.50,1.87
2016.01.13 10:17:43.889,1.42135,1.42144,1.00,1.12
2016.01.13 10:17:44.193,1.42135,1.42146,1.75,1.12
2016.01.13 10:17:44.526,1.42132,1.4214,1.12,4.57
2016.01.13 10:17:44.628,1.42125,1.42136,1.75,1.20
2016.01.13 10:17:44.681,1.42124,1.42134,1.12,1.57
2016.01.13 10:17:44.733,1.42122,1.42134,1.75,1.57
2016.01.13 10:17:44.784,1.42121,1.42133,3.37,1.45
2016.01.13 10:17:45.304,1.42121,1.42132,2.25,1.00
2016.01.13 10:17:45.412,1.42121,1.42131,2.25,1.00
2016.01.13 10:17:45.565,1.42123,1.42131,1.87,1.00
2016.01.13 10:17:46.072,1.42121,1.42132,1.95,1.00
2016.01.13 10:17:46.550,1.42128,1.42133,1.12,1.00
2016.01.13 10:17:46.652,1.42123,1.42135,1.87,2.32
2016.01.13 10:17:46.703,1.42123,1.42133,1.87,1.00
2016.01.13 10:17:46.805,1.42122,1.42131,1.12,1.00
2016.01.13 10:17:46.958,1.42123,1.42135,1.50,2.62
2016.01.13 10:17:47.313,1.42122,1.42134,3.75,1.20
2016.01.13 10:17:47.829,1.42123,1.42133,1.50,1.37
2016.01.13 10:17:48.133,1.42122,1.42133,1.87,1.12
2016.01.13 10:17:48.235,1.42123,1.42132,1.12,1.00
2016.01.13 10:17:48.738,1.42122,1.42132,2.62,1.00
2016.01.13 10:17:49.347,1.42123,1.42132,1.12,1.00
2016.01.13 10:17:50.050,1.42122,1.42132,2.62,1.00
2016.01.13 10:17:50.268,1.42128,1.42132,1.12,1.00
2016.01.13 10:17:50.421,1.42129,1.42137,1.12,2.32
2016.01.13 10:17:50.523,1.42129,1.42137,1.37,1.87
2016.01.13 10:17:51.027,1.42129,1.42137,1.12,1.37
2016.01.13 10:17:51.433,1.4213,1.42139,1.57,1.00
2016.01.13 10:17:51.484,1.42132,1.42143,1.87,1.75
2016.01.13 10:17:51.535,1.42133,1.42143,1.10,1.00
2016.01.13 10:17:51.688,1.42135,1.42145,1.00,1.37
2016.01.13 10:17:52.277,1.42134,1.42144,1.10,1.00
2016.01.13 10:17:52.633,1.42134,1.42146,1.85,1.50
2016.01.13 10:17:53.251,1.42135,1.42145,1.12,1.12
2016.01.13 10:17:54.760,1.42135,1.42143,1.00,1.37
2016.01.13 10:17:54.964,1.42125,1.42137,3.45,4.20
2016.01.13 10:17:55.015,1.42125,1.42136,2.25,1.87
2016.01.13 10:17:55.066,1.42126,1.42135,1.00,1.12
2016.01.13 10:17:55.297,1.42122,1.42134,2.62,1.12
2016.01.13 10:17:55.805,1.42124,1.42135,1.00,1.57
2016.01.13 10:17:56.313,1.42123,1.42136,3.07,1.82
2016.01.13 10:17:56.839,1.42122,1.42132,3.07,1.00
2016.01.13 10:17:57.347,1.42122,1.42134,2.70,1.50
2016.01.13 10:17:57.450,1.42122,1.42132,1.10,1.00
2016.01.13 10:17:57.968,1.42124,1.42135,1.00,1.12
2016.01.13 10:17:58.476,1.42125,1.42135,1.00,1.87
2016.01.13 10:17:58.578,1.42122,1.42135,2.25,1.20
2016.01.13 10:17:58.680,1.42122,1.42135,1.87,1.75
2016.01.13 10:17:59.219,1.42123,1.42133,1.00,1.50
2016.01.13 10:17:59.372,1.42123,1.42133,1.00,1.12
2016.01.13 10:18:02.150,1.42121,1.42132,1.12,1.50
2016.01.13 10:18:05.339,1.4212,1.42131,1.87,1.50
2016.01.13 10:18:05.390,1.42121,1.42131,1.00,1.75
2016.01.13 10:18:06.034,1.42121,1.42131,1.50,1.75
2016.01.13 10:18:06.542,1.4212,1.42131,1.37,1.87
2016.01.13 10:18:08.132,1.42117,1.4213,1.95,1.12
2016.01.13 10:18:09.580,1.42118,1.42123,1.00,1.37
2016.01.13 10:18:09.683,1.42106,1.42114,1.00,1.10
2016.01.13 10:18:09.734,1.42104,1.42112,1.00,1.00
2016.01.13 10:18:09.837,1.421,1.42112,1.12,1.85
2016.01.13 10:18:13.815,1.42099,1.42111,1.00,1.50
2016.01.13 10:18:13.866,1.42098,1.4211,1.47,1.37
2016.01.13 10:18:18.286,1.42098,1.42111,1.37,2.25
2016.01.13 10:18:18.794,1.42098,1.42111,1.37,1.87
2016.01.13 10:18:21.233,1.42099,1.42112,1.87,2.25
2016.01.13 10:18:21.852,1.42099,1.42112,1.12,2.70
2016.01.13 10:18:24.312,1.42098,1.4211,3.00,1.00
2016.01.13 10:18:28.723,1.42099,1.4211,1.00,1.37
2016.01.13 10:18:29.280,1.42099,1.42109,2.25,1.00
2016.01.13 10:18:29.636,1.42099,1.42112,1.50,1.87
2016.01.13 10:18:30.174,1.421,1.42111,1.12,1.50
2016.01.13 10:18:31.236,1.42099,1.42112,1.37,1.87
2016.01.13 10:18:31.288,1.42098,1.42112,2.25,1.87
2016.01.13 10:18:35.170,1.42099,1.42111,1.50,1.87
2016.01.13 10:18:36.142,1.42099,1.42111,1.50,1.75
2016.01.13 10:18:38.255,1.42098,1.42108,1.37,1.00
2016.01.13 10:18:38.307,1.42096,1.42104,1.20,1.50
2016.01.13 10:18:38.609,1.42087,1.42097,4.12,1.87
2016.01.13 10:18:38.661,1.42087,1.42096,1.00,1.10
2016.01.13 10:18:38.713,1.42084,1.42095,1.50,1.12
2016.01.13 10:18:39.018,1.42083,1.42097,2.32,1.75
2016.01.13 10:18:39.120,1.42087,1.42097,1.00,1.50
2016.01.13 10:18:39.425,1.42087,1.42101,1.75,1.95
2016.01.13 10:18:41.515,1.42087,1.42098,1.87,1.07
2016.01.13 10:18:41.617,1.42084,1.42094,1.50,1.00
2016.01.13 10:18:42.296,1.42084,1.42095,1.12,2.32
2016.01.13 10:18:42.551,1.42087,1.42099,1.50,1.85
2016.01.13 10:18:43.059,1.42089,1.42101,1.12,1.82
2016.01.13 10:18:43.429,1.42086,1.42097,1.89,1.00
2016.01.13 10:18:43.531,1.42083,1.42096,1.12,1.87
2016.01.13 10:18:43.633,1.42082,1.42095,3.06,1.12
2016.01.13 10:18:43.938,1.42087,1.42098,1.37,1.12
2016.01.13 10:18:44.040,1.42087,1.42097,1.87,1.00
2016.01.13 10:18:44.295,1.42087,1.42094,1.00,1.00
2016.01.13 10:18:44.473,1.42083,1.42094,1.87,2.62
2016.01.13 10:18:45.032,1.42083,1.42095,1.47,1.87
2016.01.13 10:18:45.084,1.42086,1.42095,1.50,1.12
2016.01.13 10:18:45.136,1.42086,1.42097,2.25,1.37
2016.01.13 10:18:45.648,1.42086,1.42096,1.26,1.00
2016.01.13 10:18:45.750,1.42085,1.42097,1.20,1.00
2016.01.13 10:18:46.258,1.42086,1.421,1.84,2.32
2016.01.13 10:18:46.360,1.42089,1.42099,1.00,1.00
2016.01.13 10:18:49.469,1.42087,1.42099,1.46,1.50
2016.01.13 10:18:49.774,1.42093,1.42106,1.56,1.12
2016.01.13 10:18:52.946,1.42093,1.42107,1.26,1.75
2016.01.13 10:18:54.648,1.42094,1.42107,1.50,2.32
2016.01.13 10:18:55.145,1.42096,1.42106,1.00,1.10
2016.01.13 10:18:58.250,1.42095,1.42107,1.75,1.50
2016.01.13 10:19:01.309,1.42095,1.42107,1.87,1.12
2016.01.13 10:19:01.856,1.42094,1.42108,1.95,3.00
2016.01.13 10:19:02.365,1.42094,1.42106,1.50,1.50
2016.01.13 10:19:09.246,1.42095,1.42107,1.64,1.75
2016.01.13 10:19:09.827,1.42095,1.42106,1.09,1.37
2016.01.13 10:19:10.347,1.42095,1.42106,1.16,1.37
2016.01.13 10:19:12.094,1.42095,1.42105,1.00,1.00
2016.01.13 10:19:18.688,1.42094,1.42106,2.70,4.50
2016.01.13 10:19:18.840,1.4209,1.42102,1.87,1.50
2016.01.13 10:19:19.296,1.42088,1.421,2.32,1.50
2016.01.13 10:19:19.401,1.42088,1.421,1.95,1.75
2016.01.13 10:19:19.907,1.42088,1.421,1.20,1.75
2016.01.13 10:19:23.369,1.42088,1.42099,1.47,2.25
2016.01.13 10:19:23.698,1.42089,1.42099,1.75,1.50
2016.01.13 10:19:23.750,1.42092,1.42103,1.85,1.50
2016.01.13 10:19:23.852,1.42095,1.42105,1.37,2.25
2016.01.13 10:19:24.056,1.42094,1.42105,1.10,2.25
2016.01.13 10:19:24.565,1.42094,1.42105,1.57,2.25
2016.01.13 10:19:25.905,1.42094,1.42104,1.95,2.25
2016.01.13 10:19:25.955,1.42093,1.42104,1.00,3.00
2016.01.13 10:19:26.108,1.4209,1.42101,1.00,1.87
2016.01.13 10:19:26.437,1.42088,1.42098,1.00,2.25
2016.01.13 10:19:26.744,1.42081,1.42091,1.10,1.00
2016.01.13 10:19:27.201,1.42082,1.42093,1.47,1.37
2016.01.13 10:19:27.252,1.42082,1.42093,1.57,1.00
2016.01.13 10:19:27.304,1.42082,1.42094,2.62,1.00
2016.01.13 10:19:31.345,1.42084,1.42095,1.12,1.85
2016.01.13 10:19:31.650,1.4208,1.42092,1.50,1.50
2016.01.13 10:19:33.500,1.4208,1.42092,1.37,1.87
2016.01.13 10:19:34.324,1.42084,1.42094,1.00,1.12
2016.01.13 10:19:34.478,1.42085,1.42096,1.12,1.12
2016.01.13 10:19:34.812,1.42085,1.42098,1.12,1.75
2016.01.13 10:19:37.732,1.42084,1.42096,1.57,1.37
2016.01.13 10:19:38.037,1.42081,1.42092,1.95,1.37
2016.01.13 10:19:38.575,1.4208,1.4209,1.87,1.00
2016.01.13 10:19:39.101,1.4208,1.4209,1.87,1.00
2016.01.13 10:19:41.559,1.4208,1.42092,1.12,1.87
2016.01.13 10:19:42.388,1.42079,1.42089,1.12,1.00
2016.01.13 10:19:43.440,1.42079,1.42091,2.25,1.12
2016.01.13 10:19:43.693,1.42084,1.42093,1.00,1.37
2016.01.13 10:19:44.227,1.42082,1.42093,1.37,1.87
2016.01.13 10:19:44.534,1.42081,1.42092,1.50,1.37
2016.01.13 10:19:45.042,1.42079,1.42092,2.32,1.12
2016.01.13 10:19:51.452,1.42078,1.42091,2.25,1.12
2016.01.13 10:19:57.553,1.42078,1.42092,2.25,1.87
2016.01.13 10:19:58.320,1.42078,1.4209,2.25,1.50
2016.01.13 10:19:58.853,1.42078,1.4209,2.25,1.75
2016.01.13 10:20:05.488,1.42076,1.42089,1.12,1.87
2016.01.13 10:20:05.792,1.42075,1.42087,1.57,1.75
2016.01.13 10:20:06.205,1.42075,1.42087,1.50,1.87
2016.01.13 10:20:06.715,1.42076,1.42088,1.37,1.20
2016.01.13 10:20:07.324,1.42077,1.42089,1.12,1.95
2016.01.13 10:20:15.168,1.42077,1.4209,1.50,1.20
2016.01.13 10:20:17.145,1.42077,1.4209,1.87,1.20
2016.01.13 10:20:19.177,1.42077,1.4209,1.87,1.85
2016.01.13 10:20:20.175,1.42077,1.4209,1.37,2.32
2016.01.13 10:20:21.454,1.42076,1.42089,1.87,1.12
2016.01.13 10:20:21.556,1.42078,1.42088,1.12,1.00
2016.01.13 10:20:23.636,1.4208,1.42088,1.00,1.00
2016.01.13 10:20:23.737,1.42078,1.42088,1.87,1.00
2016.01.13 10:20:23.873,1.4208,1.42088,1.00,1.00
2016.01.13 10:20:23.925,1.4208,1.4209,1.50,1.00
2016.01.13 10:20:24.079,1.4208,1.4209,1.00,1.20
2016.01.13 10:20:24.130,1.4208,1.42092,1.37,2.32
2016.01.13 10:20:24.233,1.42082,1.42092,1.00,1.00
2016.01.13 10:20:24.336,1.42082,1.42096,2.25,1.95
2016.01.13 10:20:24.439,1.42089,1.421,1.00,1.50
2016.01.13 10:20:24.541,1.42086,1.42098,1.95,1.87
2016.01.13 10:20:24.846,1.42084,1.42096,1.95,1.75
2016.01.13 10:20:25.079,1.42082,1.42092,1.87,1.00
2016.01.13 10:20:25.385,1.42077,1.42091,1.95,1.95
2016.01.13 10:20:26.155,1.42077,1.42091,1.95,1.95
2016.01.13 10:20:31.259,1.42078,1.4209,1.12,1.87
2016.01.13 10:20:32.651,1.42079,1.4209,1.00,1.12
2016.01.13 10:20:33.158,1.42079,1.42088,1.20,1.00
2016.01.13 10:20:34.003,1.42079,1.42088,1.20,1.00
2016.01.13 10:20:34.513,1.42079,1.42091,1.37,1.95
2016.01.13 10:20:35.072,1.42078,1.42089,1.57,1.12
2016.01.13 10:20:35.392,1.42081,1.42093,1.20,1.12
2016.01.13 10:20:35.494,1.42082,1.42095,1.85,1.12
2016.01.13 10:20:35.596,1.42081,1.42094,2.32,1.12
2016.01.13 10:20:36.108,1.42081,1.4209,1.00,1.00
2016.01.13 10:20:36.600,1.42081,1.42094,1.95,1.75
2016.01.13 10:20:36.702,1.42083,1.42096,1.47,1.75
2016.01.13 10:20:36.907,1.42082,1.42092,1.95,1.00
2016.01.13 10:20:37.162,1.4208,1.42093,1.57,1.12
2016.01.13 10:20:37.365,1.42083,1.42095,1.00,2.25
2016.01.13 10:20:37.912,1.42082,1.42094,1.20,1.75
2016.01.13 10:20:38.269,1.42082,1.42093,1.20,1.12
2016.01.13 10:20:38.573,1.42083,1.42095,1.57,1.87
2016.01.13 10:20:39.107,1.42083,1.42097,2.32,1.75
2016.01.13 10:20:39.513,1.42082,1.42094,1.95,1.12
2016.01.13 10:20:39.666,1.42081,1.42094,1.10,1.87
2016.01.13 10:20:40.173,1.42081,1.42095,1.95,1.87
2016.01.13 10:20:40.275,1.42083,1.42095,1.57,1.50
2016.01.13 10:20:40.445,1.42083,1.42095,1.50,1.75
2016.01.13 10:20:40.497,1.42083,1.42094,1.50,1.12
2016.01.13 10:20:41.110,1.42082,1.4209,1.12,1.00
2016.01.13 10:20:42.007,1.42082,1.42094,1.50,1.75
2016.01.13 10:20:42.110,1.42084,1.42094,1.00,1.00
2016.01.13 10:20:42.212,1.42087,1.42095,1.00,1.12
2016.01.13 10:20:42.315,1.42087,1.421,1.50,3.37
2016.01.13 10:20:42.417,1.42089,1.42099,1.50,1.00
2016.01.13 10:20:42.729,1.42081,1.42092,1.00,1.50
2016.01.13 10:20:43.035,1.42078,1.42091,1.95,1.20
2016.01.13 10:20:43.747,1.42078,1.42091,2.25,1.20
2016.01.13 10:20:49.743,1.42078,1.42091,1.87,1.20
2016.01.13 10:20:51.459,1.42082,1.42091,1.00,1.12
2016.01.13 10:20:51.511,1.42082,1.42093,1.12,1.20
2016.01.13 10:20:51.710,1.42083,1.42095,1.95,1.37
2016.01.13 10:20:51.812,1.42083,1.42092,1.12,1.00
2016.01.13 10:20:52.319,1.42084,1.42092,1.00,1.00
2016.01.13 10:20:53.320,1.42085,1.42096,1.00,1.12
2016.01.13 10:20:53.726,1.42085,1.42097,1.75,1.85
2016.01.13 10:20:54.030,1.42093,1.42099,1.00,1.00
2016.01.13 10:20:54.741,1.42095,1.42104,1.00,1.75
2016.01.13 10:20:54.843,1.42095,1.42104,1.12,1.37
2016.01.13 10:20:58.372,1.42095,1.42104,1.00,1.00
2016.01.13 10:21:01.016,1.42094,1.42104,1.50,1.00
2016.01.13 10:21:01.567,1.42094,1.42103,1.00,1.00
2016.01.13 10:21:02.321,1.42095,1.42103,1.00,1.00
2016.01.13 10:21:04.551,1.42094,1.42103,1.00,1.00
2016.01.13 10:21:05.060,1.42095,1.42103,1.00,1.00
2016.01.13 10:21:07.263,1.42096,1.42103,1.00,1.00
2016.01.13 10:21:07.786,1.42096,1.42105,1.00,1.12
2016.01.13 10:21:08.692,1.42095,1.42105,1.87,1.12
2016.01.13 10:21:08.866,1.42101,1.42108,4.75,4.95
2016.01.13 10:21:08.968,1.4211,1.42118,1.87,1.50
2016.01.13 10:21:09.121,1.42117,1.42122,1.37,1.00
2016.01.13 10:21:09.173,1.42117,1.42125,1.37,1.50
2016.01.13 10:21:09.275,1.42118,1.42128,1.47,2.14
2016.01.13 10:21:09.326,1.42123,1.4213,1.12,1.12
2016.01.13 10:21:09.377,1.42123,1.42134,1.95,1.87
2016.01.13 10:21:09.543,1.42124,1.42132,1.00,1.12
2016.01.13 10:21:09.900,1.42125,1.42136,1.00,1.12
2016.01.13 10:21:10.155,1.42122,1.42135,1.12,1.20
2016.01.13 10:21:10.702,1.42123,1.42134,1.10,1.12
2016.01.13 10:21:10.804,1.42124,1.42133,1.07,1.00
2016.01.13 10:21:11.008,1.42128,1.42137,1.00,1.00
2016.01.13 10:21:11.110,1.42131,1.42139,1.00,1.00
2016.01.13 10:21:11.220,1.42132,1.42142,1.00,1.12
2016.01.13 10:21:11.272,1.4213,1.42142,1.87,1.75
2016.01.13 10:21:11.578,1.42129,1.4214,1.20,1.12
2016.01.13 10:21:11.883,1.4213,1.4214,1.00,1.00
2016.01.13 10:21:11.985,1.42129,1.42138,1.00,1.00
2016.01.13 10:21:12.095,1.4213,1.4214,1.00,1.00
2016.01.13 10:21:12.298,1.42129,1.42142,1.87,1.50
2016.01.13 10:21:12.604,1.42128,1.42136,1.47,1.37
2016.01.13 10:21:12.910,1.42127,1.42138,1.50,1.75
2016.01.13 10:21:13.175,1.42128,1.42138,1.00,1.00
2016.01.13 10:21:13.683,1.42129,1.42138,1.00,1.00
2016.01.13 10:21:14.202,1.42128,1.42138,1.57,1.00
2016.01.13 10:21:14.711,1.42129,1.42138,1.00,1.00
2016.01.13 10:21:15.940,1.42129,1.42138,1.37,1.00
2016.01.13 10:21:15.991,1.4213,1.42142,1.50,1.12
2016.01.13 10:21:16.583,1.4213,1.4214,1.00,1.12
2016.01.13 10:21:16.686,1.4213,1.42139,1.00,1.00
2016.01.13 10:21:17.763,1.4213,1.42141,1.00,2.62
2016.01.13 10:21:18.278,1.42129,1.42137,1.12,1.00
2016.01.13 10:21:20.194,1.4213,1.42137,1.00,1.00
2016.01.13 10:21:20.702,1.42128,1.42137,1.37,1.00
2016.01.13 10:21:22.095,1.42127,1.42137,1.47,1.12
2016.01.13 10:21:22.146,1.42125,1.42135,1.45,1.50
2016.01.13 10:21:22.248,1.42123,1.42133,1.12,1.57
2016.01.13 10:21:22.299,1.42121,1.42133,1.87,1.95
2016.01.13 10:21:22.838,1.4212,1.42129,1.75,1.00
2016.01.13 10:21:23.624,1.4212,1.42129,1.00,1.00
2016.01.13 10:21:24.488,1.42117,1.42128,1.57,1.12
2016.01.13 10:21:24.640,1.42117,1.42128,1.50,1.12
2016.01.13 10:21:26.528,1.42115,1.42128,1.50,1.12
2016.01.13 10:21:28.735,1.42116,1.42126,1.12,1.00
2016.01.13 10:21:29.243,1.42115,1.42128,1.37,1.87
2016.01.13 10:21:29.751,1.42115,1.42124,1.37,1.00
2016.01.13 10:21:30.467,1.42115,1.42125,1.87,1.00
2016.01.13 10:21:31.423,1.42117,1.42129,1.50,2.32
2016.01.13 10:21:31.926,1.42119,1.42129,1.00,1.12
2016.01.13 10:21:32.028,1.4212,1.42129,1.00,1.00
2016.01.13 10:21:32.233,1.42121,1.42131,1.87,1.00
2016.01.13 10:21:32.639,1.4212,1.42131,1.57,1.12
2016.01.13 10:21:33.346,1.42121,1.42132,1.07,1.12
2016.01.13 10:21:33.448,1.42121,1.42133,1.00,1.95
2016.01.13 10:21:33.551,1.42119,1.42131,1.75,1.12
2016.01.13 10:21:34.009,1.42117,1.4213,1.95,1.47
2016.01.13 10:21:37.041,1.42119,1.42133,1.87,2.32
2016.01.13 10:21:37.247,1.4212,1.42131,1.12,1.12
2016.01.13 10:21:37.783,1.42118,1.42132,2.32,1.87
2016.01.13 10:21:38.311,1.42119,1.42132,1.57,1.12
2016.01.13 10:21:38.827,1.42119,1.42131,1.95,1.12
2016.01.13 10:21:40.048,1.4212,1.42131,1.50,1.12
2016.01.13 10:21:40.354,1.42122,1.42135,1.95,1.12
2016.01.13 10:21:40.609,1.42123,1.42136,1.57,1.75
2016.01.13 10:21:40.922,1.4213,1.42135,1.50,1.00
2016.01.13 10:21:40.973,1.4213,1.42142,1.87,1.12
2016.01.13 10:21:41.281,1.42133,1.42142,1.37,1.12
2016.01.13 10:21:41.383,1.42134,1.42142,1.37,1.12
2016.01.13 10:21:41.893,1.42132,1.42142,2.25,1.00
2016.01.13 10:21:42.502,1.42133,1.42143,1.37,1.87
2016.01.13 10:21:42.908,1.42132,1.42141,1.00,1.37
2016.01.13 10:21:43.411,1.42131,1.42142,1.12,1.50
2016.01.13 10:21:43.568,1.42134,1.42143,1.00,1.50
2016.01.13 10:21:44.081,1.42133,1.42143,1.95,1.00
2016.01.13 10:21:45.046,1.42133,1.42143,1.37,1.12
2016.01.13 10:21:45.376,1.42133,1.42141,1.12,1.37
2016.01.13 10:21:45.580,1.4213,1.42143,1.75,1.95
2016.01.13 10:21:45.885,1.42129,1.4214,1.12,1.47
2016.01.13 10:21:45.988,1.42127,1.42138,1.12,1.00
2016.01.13 10:21:46.039,1.42126,1.42139,1.50,1.95
2016.01.13 10:21:46.585,1.42125,1.42138,2.25,1.20
2016.01.13 10:21:47.105,1.42129,1.42139,1.00,1.95
2016.01.13 10:21:47.258,1.4213,1.42142,1.87,1.12
2016.01.13 10:21:47.410,1.42127,1.42137,1.82,1.00
2016.01.13 10:21:47.461,1.42126,1.42137,1.12,1.12
2016.01.13 10:21:47.563,1.42123,1.42133,1.37,1.37
2016.01.13 10:21:48.021,1.42122,1.42135,1.12,1.95
2016.01.13 10:21:48.407,1.42123,1.42133,2.25,1.00
2016.01.13 10:21:48.713,1.42127,1.42136,1.12,1.00
2016.01.13 10:21:49.223,1.42127,1.42139,1.12,1.75
2016.01.13 10:21:49.510,1.42132,1.4214,1.00,1.12
2016.01.13 10:21:49.663,1.42133,1.42143,1.00,1.12
2016.01.13 10:21:50.171,1.42134,1.42143,1.95,1.50
2016.01.13 10:21:50.994,1.42133,1.42143,1.00,1.50
2016.01.13 10:21:51.823,1.42133,1.42143,1.12,2.62
2016.01.13 10:21:51.975,1.42135,1.42143,1.00,1.87
2016.01.13 10:21:52.435,1.42135,1.42145,1.37,1.00
2016.01.13 10:21:52.486,1.42134,1.42146,3.00,1.12
2016.01.13 10:21:52.588,1.42136,1.42148,1.95,1.75
2016.01.13 10:21:53.108,1.42136,1.42146,1.00,1.57
2016.01.13 10:21:53.160,1.42134,1.42146,1.50,2.32
2016.01.13 10:21:53.262,1.42132,1.42143,1.00,1.57
2016.01.13 10:21:53.677,1.42134,1.42142,1.00,1.10
2016.01.13 10:21:53.984,1.42135,1.42145,2.25,1.37
2016.01.13 10:21:54.901,1.42135,1.42146,1.12,1.85
2016.01.13 10:21:55.003,1.42135,1.42145,2.62,1.00
2016.01.13 10:21:55.511,1.42136,1.42147,1.00,1.20
2016.01.13 10:21:56.018,1.42137,1.42145,1.00,1.00
2016.01.13 10:21:56.526,1.42137,1.42145,1.07,1.00
2016.01.13 10:21:57.033,1.42137,1.42145,1.10,1.00
2016.01.13 10:21:58.273,1.42143,1.42149,1.00,1.20
2016.01.13 10:21:58.426,1.42147,1.42157,1.00,1.00
2016.01.13 10:21:58.478,1.42147,1.42158,1.00,1.95
2016.01.13 10:21:58.787,1.42153,1.42166,1.69,1.12
2016.01.13 10:21:58.890,1.42154,1.42167,1.44,1.75
2016.01.13 10:21:58.942,1.42155,1.42168,1.37,1.75
2016.01.13 10:21:59.095,1.42154,1.42167,2.11,1.12
2016.01.13 10:21:59.604,1.42154,1.42164,1.00,1.00
2016.01.13 10:21:59.919,1.42141,1.42155,2.07,1.87
2016.01.13 10:21:59.970,1.4214,1.42154,1.36,1.85
2016.01.13 10:22:00.072,1.4214,1.42153,1.74,1.47
2016.01.13 10:22:00.529,1.42142,1.42153,1.37,1.20
2016.01.13 10:22:01.148,1.42142,1.42153,1.12,1.85
2016.01.13 10:22:02.372,1.42142,1.42152,1.50,1.37
2016.01.13 10:22:02.881,1.42143,1.42152,1.12,1.12
2016.01.13 10:22:03.183,1.42141,1.42151,1.00,1.00
2016.01.13 10:22:03.234,1.42141,1.42145,1.00,1.00
2016.01.13 10:22:03.491,1.42123,1.42133,1.87,1.37
2016.01.13 10:22:03.542,1.42125,1.42133,1.00,1.12
2016.01.13 10:22:03.696,1.4212,1.42132,1.36,1.12
2016.01.13 10:22:04.014,1.42118,1.42132,1.44,1.57
2016.01.13 10:22:06.440,1.42119,1.4213,1.20,1.00
2016.01.13 10:22:07.222,1.42118,1.42132,1.81,1.57
2016.01.13 10:22:07.593,1.42118,1.4213,2.19,1.37
2016.01.13 10:22:08.100,1.42119,1.42129,1.74,1.00
2016.01.13 10:22:09.940,1.42119,1.42129,2.49,1.00
2016.01.13 10:22:11.037,1.4212,1.4213,1.00,1.00
2016.01.13 10:22:11.393,1.42118,1.4213,1.00,2.70
2016.01.13 10:22:11.699,1.42115,1.42128,1.12,1.20
2016.01.13 10:22:11.779,1.42115,1.42128,1.20,1.20
2016.01.13 10:22:13.519,1.42115,1.42129,1.50,2.25
2016.01.13 10:22:13.824,1.42104,1.42115,1.12,1.07
2016.01.13 10:22:13.926,1.421,1.42115,1.20,3.07
2016.01.13 10:22:14.071,1.42098,1.42114,1.12,1.82
2016.01.13 10:22:17.368,1.42103,1.42114,1.00,1.87
2016.01.13 10:22:17.616,1.42112,1.42126,1.37,3.37
2016.01.13 10:22:17.667,1.42112,1.42128,1.45,1.20
2016.01.13 10:22:17.922,1.4211,1.42125,1.45,1.00
2016.01.13 10:22:18.227,1.42108,1.42125,1.85,1.07
2016.01.13 10:22:18.435,1.42109,1.42125,1.00,1.07
2016.01.13 10:22:18.750,1.4211,1.42123,1.37,1.50
2016.01.13 10:22:19.055,1.42101,1.42115,1.12,1.57
2016.01.13 10:22:19.563,1.42101,1.42114,2.25,1.82
2016.01.13 10:22:21.870,1.42101,1.42112,1.75,1.95
2016.01.13 10:22:21.972,1.421,1.4211,1.00,1.00
2016.01.13 10:22:22.123,1.42098,1.42111,1.37,1.95
2016.01.13 10:22:22.633,1.42099,1.42111,1.00,1.85
2016.01.13 10:22:23.191,1.42099,1.42111,1.50,1.75
2016.01.13 10:22:24.048,1.421,1.42113,1.37,2.32
2016.01.13 10:22:24.665,1.42103,1.42113,1.00,1.47
2016.01.13 10:22:24.717,1.42103,1.42115,1.87,1.87
2016.01.13 10:22:24.768,1.42107,1.42116,1.37,4.95
2016.01.13 10:22:24.820,1.42107,1.42117,1.37,1.12
2016.01.13 10:22:25.023,1.42108,1.4212,1.12,1.45
2016.01.13 10:22:25.076,1.42106,1.42117,3.75,1.50
2016.01.13 10:22:25.129,1.42105,1.42117,1.50,1.87
2016.01.13 10:22:25.231,1.42105,1.42117,1.12,1.12
2016.01.13 10:22:25.755,1.42106,1.42117,1.50,1.95
2016.01.13 10:22:26.062,1.42107,1.42119,1.50,1.95
2016.01.13 10:22:26.368,1.42106,1.42118,2.32,1.00
2016.01.13 10:22:26.883,1.42105,1.42117,1.82,1.00
2016.01.13 10:22:27.036,1.42106,1.42118,1.12,1.75
2016.01.13 10:22:27.189,1.42109,1.42119,1.37,1.20
2016.01.13 10:22:27.343,1.4211,1.42123,1.12,1.12
2016.01.13 10:22:27.394,1.4211,1.42124,4.87,3.75
2016.01.13 10:22:27.446,1.42111,1.42126,1.20,1.20
2016.01.13 10:22:27.599,1.42112,1.42127,1.20,1.95
2016.01.13 10:22:27.703,1.42113,1.42122,1.12,1.00
2016.01.13 10:22:30.349,1.42112,1.42123,1.20,1.00
2016.01.13 10:22:30.864,1.42112,1.42125,1.85,1.95
2016.01.13 10:22:30.915,1.42116,1.42125,1.50,1.87
2016.01.13 10:22:31.463,1.42117,1.42126,1.37,1.50
2016.01.13 10:22:33.841,1.42117,1.42127,1.37,1.50
2016.01.13 10:22:34.351,1.42119,1.42127,1.00,1.50
2016.01.13 10:22:36.031,1.42119,1.42125,1.00,1.50
2016.01.13 10:22:36.555,1.42114,1.42125,1.20,1.50
2016.01.13 10:22:37.063,1.42117,1.42126,1.87,1.00
2016.01.13 10:22:37.646,1.42116,1.42126,2.70,1.00
2016.01.13 10:22:38.557,1.42118,1.42127,1.00,1.50
2016.01.13 10:22:39.106,1.42117,1.42127,1.12,1.50
2016.01.13 10:22:40.467,1.42119,1.42128,1.37,1.50
2016.01.13 10:22:40.924,1.42119,1.42128,1.50,1.87
2016.01.13 10:22:41.983,1.42119,1.42128,1.37,1.50
2016.01.13 10:22:44.917,1.42119,1.42126,1.50,1.00
2016.01.13 10:22:46.115,1.42119,1.42126,1.12,1.00
2016.01.13 10:22:49.909,1.42119,1.42127,1.12,1.12
2016.01.13 10:22:50.418,1.42119,1.42127,1.50,1.00
2016.01.13 10:22:51.873,1.42119,1.42127,1.37,1.50
2016.01.13 10:22:56.297,1.42119,1.42127,1.12,1.50
2016.01.13 10:22:56.601,1.42117,1.42125,1.47,1.50
2016.01.13 10:23:00.352,1.42117,1.42126,1.45,1.50
2016.01.13 10:23:00.927,1.42118,1.42127,1.10,1.50
2016.01.13 10:23:01.435,1.42117,1.42126,1.45,1.50
2016.01.13 10:23:03.740,1.42117,1.42126,1.87,1.50
2016.01.13 10:23:03.792,1.42119,1.42129,1.10,2.25
2016.01.13 10:23:03.843,1.42118,1.42129,1.57,1.87
2016.01.13 10:23:04.149,1.42134,1.42144,1.87,1.87
2016.01.13 10:23:04.201,1.42135,1.42146,1.20,1.50
2016.01.13 10:23:06.648,1.42134,1.42144,2.25,1.50
2016.01.13 10:23:06.750,1.42135,1.42142,1.00,1.50
2016.01.13 10:23:06.852,1.42134,1.42139,1.00,1.50
2016.01.13 10:23:06.982,1.4213,1.42139,1.82,1.50
2016.01.13 10:23:07.134,1.4213,1.42139,1.50,1.50
2016.01.13 10:23:07.345,1.4213,1.42139,1.50,1.50
2016.01.13 10:23:07.600,1.42134,1.42144,1.00,2.32
2016.01.13 10:23:07.752,1.42135,1.42144,1.37,1.50
2016.01.13 10:23:08.115,1.42137,1.42146,1.87,1.50
2016.01.13 10:23:08.626,1.42137,1.42147,2.62,1.50
2016.01.13 10:23:09.283,1.42137,1.42146,2.25,1.50
2016.01.13 10:23:09.691,1.42139,1.42146,1.00,1.50
2016.01.13 10:23:11.593,1.42138,1.42142,1.00,1.00
2016.01.13 10:23:11.695,1.42133,1.42143,1.75,1.00
2016.01.13 10:23:14.571,1.42133,1.42144,1.85,1.00
2016.01.13 10:23:16.871,1.42133,1.42141,1.75,1.00
2016.01.13 10:23:17.126,1.42128,1.42135,1.00,1.00
2016.01.13 10:23:17.177,1.42127,1.42131,1.00,1.00
2016.01.13 10:23:17.281,1.42122,1.42131,1.87,1.00
2016.01.13 10:23:17.803,1.42122,1.42131,1.75,1.00
2016.01.13 10:23:18.312,1.42126,1.42134,1.12,1.00
2016.01.13 10:23:18.363,1.4213,1.42134,1.00,1.00
2016.01.13 10:23:18.415,1.42134,1.42143,1.95,2.62
2016.01.13 10:23:18.517,1.42135,1.42143,1.57,1.00
2016.01.13 10:23:18.568,1.42135,1.42144,1.95,1.00
2016.01.13 10:23:18.772,1.42136,1.42145,1.12,1.00
2016.01.13 10:23:20.168,1.42136,1.42146,1.12,1.00
2016.01.13 10:23:22.897,1.42138,1.42146,1.37,1.00
2016.01.13 10:23:23.441,1.42137,1.42147,1.95,1.00
2016.01.13 10:23:23.898,1.42137,1.42145,1.75,1.00
2016.01.13 10:23:23.949,1.42138,1.42145,1.00,1.00
2016.01.13 10:23:28.853,1.42138,1.42146,1.00,1.00
2016.01.13 10:23:29.358,1.42139,1.42146,1.12,1.00
2016.01.13 10:23:31.066,1.4214,1.42146,1.00,1.50
2016.01.13 10:23:31.570,1.4214,1.42147,1.50,1.50
2016.01.13 10:23:34.629,1.42141,1.42147,1.50,1.50
2016.01.13 10:23:34.680,1.42139,1.42149,1.75,1.50
2016.01.13 10:23:34.731,1.42139,1.42149,1.50,1.50
2016.01.13 10:23:35.067,1.42144,1.42149,1.00,1.57
2016.01.13 10:23:35.272,1.42154,1.4216,1.00,1.00
2016.01.13 10:23:35.324,1.42153,1.42164,1.87,1.00
2016.01.13 10:23:35.428,1.42157,1.42166,1.37,1.50
2016.01.13 10:23:35.942,1.42156,1.42167,2.62,1.50
2016.01.13 10:23:36.453,1.42156,1.42168,2.62,1.87
2016.01.13 10:23:37.171,1.42156,1.42167,2.25,1.00
2016.01.13 10:23:38.180,1.42156,1.42166,2.62,1.50
2016.01.13 10:23:38.818,1.42155,1.42166,1.85,1.50
2016.01.13 10:23:38.870,1.42155,1.42164,1.12,1.00
2016.01.13 10:23:39.209,1.42153,1.42161,1.12,1.00
2016.01.13 10:23:39.920,1.42153,1.42161,1.37,1.00
2016.01.13 10:23:40.023,1.42148,1.4216,1.95,1.37
2016.01.13 10:23:40.332,1.42148,1.42158,1.12,1.37
2016.01.13 10:23:40.485,1.42148,1.42159,1.12,1.00
2016.01.13 10:23:41.540,1.42147,1.42159,1.20,1.12
2016.01.13 10:23:41.591,1.42149,1.42153,1.00,1.00
2016.01.13 10:23:41.643,1.42145,1.42153,1.12,1.00
2016.01.13 10:23:41.694,1.42143,1.42151,1.12,1.00
2016.01.13 10:23:41.745,1.42141,1.42151,2.32,1.00
2016.01.13 10:23:41.848,1.42141,1.42149,1.12,1.00
2016.01.13 10:23:42.362,1.42139,1.42148,1.75,1.00
2016.01.13 10:23:43.763,1.42138,1.42148,1.85,1.00
2016.01.13 10:23:44.242,1.42135,1.42145,1.20,1.00
2016.01.13 10:23:44.804,1.42139,1.42147,1.00,1.00
2016.01.13 10:23:45.249,1.42144,1.42148,1.00,1.87
2016.01.13 10:23:45.353,1.42141,1.42152,1.50,1.37
2016.01.13 10:23:45.466,1.42141,1.42152,1.75,1.12
2016.01.13 10:23:45.773,1.42141,1.42152,1.87,1.00
2016.01.13 10:23:46.679,1.42141,1.42151,2.25,1.00
2016.01.13 10:23:46.781,1.4214,1.42151,1.75,1.00
2016.01.13 10:23:47.085,1.4214,1.42149,1.75,1.00
2016.01.13 10:23:47.996,1.42139,1.42151,1.87,1.00
2016.01.13 10:23:51.946,1.42139,1.42148,1.87,1.00
2016.01.13 10:23:52.099,1.42141,1.42148,1.00,1.00
2016.01.13 10:23:53.906,1.42141,1.42147,1.00,1.00
2016.01.13 10:23:58.288,1.4214,1.42147,1.00,1.50
2016.01.13 10:23:59.676,1.42138,1.42146,1.00,1.50
2016.01.13 10:23:59.879,1.42136,1.42146,1.85,1.50
2016.01.13 10:24:01.725,1.42137,1.42147,1.12,1.50
2016.01.13 10:24:02.796,1.42138,1.42147,1.37,1.50
2016.01.13 10:24:03.316,1.42137,1.42147,1.75,1.00
2016.01.13 10:24:03.931,1.42138,1.42147,1.12,1.00
2016.01.13 10:24:04.435,1.42137,1.42146,1.75,1.50
2016.01.13 10:24:05.146,1.42137,1.42147,1.75,1.00
2016.01.13 10:24:08.455,1.42137,1.42145,1.12,1.00
2016.01.13 10:24:08.506,1.42135,1.42145,1.75,1.00
2016.01.13 10:24:08.557,1.42135,1.42143,1.75,1.00
2016.01.13 10:24:08.793,1.42135,1.42145,1.12,1.00
2016.01.13 10:24:09.301,1.42137,1.42146,1.12,1.50
2016.01.13 10:24:13.272,1.42137,1.42145,1.12,1.50
2016.01.13 10:24:17.610,1.42136,1.42146,1.12,1.50
2016.01.13 10:24:17.814,1.42139,1.42144,1.00,1.50
2016.01.13 10:24:19.173,1.42135,1.42145,1.12,1.50
2016.01.13 10:24:20.042,1.42135,1.42144,1.12,1.50
2016.01.13 10:24:20.347,1.42134,1.42142,1.12,1.50
2016.01.13 10:24:20.399,1.42134,1.42145,1.12,1.50
2016.01.13 10:24:20.530,1.4214,1.42145,1.00,1.50
2016.01.13 10:24:20.686,1.4214,1.42147,1.00,1.50
2016.01.13 10:24:21.196,1.42137,1.42146,1.75,1.50
2016.01.13 10:24:21.247,1.42137,1.42148,1.75,1.50
2016.01.13 10:24:21.772,1.4214,1.42148,1.00,1.50
2016.01.13 10:24:32.947,1.42137,1.42148,1.75,1.50
2016.01.13 10:24:33.335,1.42138,1.42148,1.12,1.50
2016.01.13 10:24:33.845,1.42139,1.42148,1.75,1.50
2016.01.13 10:24:35.141,1.42139,1.42149,1.75,1.50
2016.01.13 10:24:36.539,1.42139,1.4215,1.75,1.81
2016.01.13 10:24:37.049,1.42138,1.42149,1.75,1.43
2016.01.13 10:24:37.305,1.42137,1.42147,1.75,1.43
2016.01.13 10:24:38.391,1.42137,1.42147,1.12,1.43
2016.01.13 10:24:38.907,1.42137,1.42146,1.12,1.43
2016.01.13 10:24:39.415,1.42138,1.42147,1.37,1.43
2016.01.13 10:24:40.264,1.42138,1.42148,1.37,1.81
2016.01.13 10:24:40.772,1.42137,1.42148,2.62,1.43
2016.01.13 10:24:46.142,1.42137,1.42149,2.25,1.87
2016.01.13 10:24:46.665,1.42137,1.42148,2.25,1.50
2016.01.13 10:24:46.716,1.42139,1.42148,1.37,1.50
2016.01.13 10:24:46.870,1.4214,1.42148,1.00,1.50
2016.01.13 10:24:47.377,1.4214,1.42149,1.00,1.50
2016.01.13 10:24:51.009,1.42139,1.42149,1.12,1.50
2016.01.13 10:24:52.737,1.42139,1.42147,1.12,1.50
2016.01.13 10:24:53.396,1.42139,1.42149,1.12,1.50
2016.01.13 10:24:56.994,1.4214,1.4215,1.12,1.50
2016.01.13 10:24:57.481,1.42147,1.42151,1.00,1.50
2016.01.13 10:24:57.534,1.42147,1.42154,1.00,1.00
2016.01.13 10:24:57.636,1.42149,1.42157,1.95,1.87
2016.01.13 10:24:57.687,1.42153,1.42158,1.00,1.50
2016.01.13 10:24:57.788,1.42151,1.4216,1.50,1.50
2016.01.13 10:24:57.840,1.42151,1.4216,4.87,1.50
2016.01.13 10:24:58.120,1.4215,1.4216,1.12,1.50
2016.01.13 10:24:58.630,1.42153,1.42159,1.00,1.50
2016.01.13 10:25:00.612,1.42153,1.4216,1.00,1.57
2016.01.13 10:25:05.240,1.42153,1.42159,1.00,1.50
2016.01.13 10:25:05.768,1.42148,1.42159,2.25,1.50
2016.01.13 10:25:06.445,1.42151,1.42159,1.00,1.50
2016.01.13 10:25:06.954,1.42152,1.42158,1.00,1.50
2016.01.13 10:25:07.005,1.4215,1.42155,1.00,1.50
2016.01.13 10:25:07.259,1.42147,1.42151,2.62,1.50
2016.01.13 10:25:07.564,1.42142,1.42151,1.12,1.50
2016.01.13 10:25:08.471,1.42141,1.4215,1.12,1.50
2016.01.13 10:25:09.427,1.42143,1.42152,1.37,1.50
2016.01.13 10:25:09.631,1.42147,1.42152,1.37,1.50
2016.01.13 10:25:09.682,1.42147,1.42155,1.37,1.50
2016.01.13 10:25:09.733,1.42147,1.42155,1.12,1.50
2016.01.13 10:25:09.988,1.42147,1.42157,1.75,1.50
2016.01.13 10:25:10.423,1.42148,1.42158,1.85,1.50
2016.01.13 10:25:10.986,1.42148,1.42157,1.87,1.50
2016.01.13 10:25:11.038,1.4215,1.42157,1.00,1.50
2016.01.13 10:25:11.583,1.4215,1.42156,1.00,1.50
2016.01.13 10:25:13.700,1.42151,1.42156,1.00,1.50
2016.01.13 10:25:13.801,1.42153,1.4216,1.00,1.57
2016.01.13 10:25:13.852,1.42156,1.42161,1.50,1.50
2016.01.13 10:25:13.954,1.42156,1.42165,1.87,1.50
2016.01.13 10:25:14.056,1.42158,1.42167,1.50,1.50
2016.01.13 10:25:14.158,1.4216,1.42168,1.37,1.50
2016.01.13 10:25:14.670,1.42158,1.42168,2.25,1.50
2016.01.13 10:25:15.219,1.42159,1.42169,1.12,1.50
2016.01.13 10:25:15.575,1.42161,1.4217,2.25,1.50
2016.01.13 10:25:15.765,1.42161,1.42172,2.25,1.50
2016.01.13 10:25:16.335,1.42161,1.42171,1.75,1.50
2016.01.13 10:25:16.438,1.42162,1.4217,1.00,1.50
2016.01.13 10:25:16.642,1.42164,1.4217,1.00,1.50
2016.01.13 10:25:17.116,1.4216,1.42168,1.75,1.50
2016.01.13 10:25:18.364,1.4216,1.42168,1.87,1.50
2016.01.13 10:25:19.744,1.4216,1.42168,1.50,1.50
2016.01.13 10:25:22.496,1.42157,1.42167,2.32,1.50
2016.01.13 10:25:23.002,1.42157,1.42167,2.70,1.50
2016.01.13 10:25:23.826,1.42156,1.42166,2.32,1.87
2016.01.13 10:25:23.878,1.42154,1.42166,1.20,1.87
2016.01.13 10:25:23.930,1.42154,1.42163,1.12,1.50
2016.01.13 10:25:24.438,1.42154,1.42164,1.95,1.50
2016.01.13 10:25:24.768,1.42156,1.42164,1.12,1.50
2016.01.13 10:25:25.022,1.42156,1.42166,1.12,1.50
2016.01.13 10:25:25.785,1.4216,1.42165,1.00,1.50
2016.01.13 10:25:25.861,1.42154,1.42165,1.12,1.50
