2013.10.27 23:00:06.653,1.04469,1.04482,1.50,1.13
2013.10.27 23:00:07.010,1.04469,1.04482,1.50,1.13
2013.10.27 23:00:08.180,1.04468,1.04482,1.88,1.13
2013.10.27 23:00:13.211,1.04468,1.04481,1.13,1.13
2013.10.27 23:00:16.195,1.04466,1.04481,1.88,1.13
2013.10.27 23:01:13.130,1.04466,1.0448,1.50,1.50
2013.10.27 23:01:13.250,1.04465,1.04481,2.25,3.00
2013.10.27 23:01:14.164,1.04465,1.0448,2.25,1.50
2013.10.27 23:01:16.324,1.04465,1.04481,3.00,2.25
2013.10.27 23:01:16.631,1.04466,1.0448,1.50,1.13
2013.10.27 23:01:16.690,1.04465,1.0448,3.75,1.88
2013.10.27 23:01:17.334,1.04465,1.0448,3.00,1.88
2013.10.27 23:01:46.330,1.04465,1.04473,3.00,1.13
2013.10.27 23:01:46.391,1.04465,1.04472,2.25,1.13
2013.10.27 23:01:48.070,1.04461,1.04472,1.50,1.13
2013.10.27 23:01:48.130,1.0446,1.04472,1.50,1.13
2013.10.27 23:01:55.499,1.04459,1.04472,1.50,1.13
2013.10.27 23:01:57.641,1.04458,1.04472,1.50,1.13
2013.10.27 23:01:57.761,1.04458,1.04472,2.25,1.13
2013.10.27 23:02:26.761,1.04458,1.04472,1.13,1.13
2013.10.27 23:02:43.950,1.04459,1.04472,1.50,1.13
2013.10.27 23:02:57.911,1.04456,1.04469,1.13,1.13
2013.10.27 23:02:58.650,1.04454,1.04466,3.00,7.20
2013.10.27 23:03:04.070,1.04454,1.04466,3.00,7.20
2013.10.27 23:03:39.993,1.04454,1.04466,3.00,1.50
2013.10.27 23:04:15.738,1.04454,1.04467,3.00,1.88
2013.10.27 23:04:28.380,1.04454,1.04466,3.00,1.50
2013.10.27 23:04:36.254,1.04455,1.04466,1.13,1.50
2013.10.27 23:04:36.315,1.04456,1.04466,1.13,1.50
2013.10.27 23:04:36.430,1.04456,1.04466,1.13,1.50
2013.10.27 23:04:36.790,1.04452,1.04466,1.28,1.50
2013.10.27 23:04:37.970,1.04449,1.04466,1.50,1.88
2013.10.27 23:04:41.454,1.04449,1.04466,1.50,1.88
2013.10.27 23:04:58.411,1.04449,1.04467,1.50,1.88
2013.10.27 23:04:58.950,1.04448,1.04467,1.13,4.50
2013.10.27 23:05:08.890,1.04446,1.04465,1.13,1.13
2013.10.27 23:05:12.803,1.04446,1.04465,1.13,1.13
2013.10.27 23:05:22.043,1.04445,1.04465,1.50,2.25
2013.10.27 23:05:23.092,1.04444,1.04464,1.50,1.50
2013.10.27 23:05:24.310,1.04444,1.04462,1.50,1.88
2013.10.27 23:05:42.640,1.04447,1.04457,1.50,1.13
2013.10.27 23:05:45.340,1.04444,1.0446,1.88,2.25
2013.10.27 23:05:46.640,1.04444,1.04456,1.88,1.50
2013.10.27 23:05:46.701,1.04444,1.04453,1.50,1.88
2013.10.27 23:05:47.000,1.04443,1.04457,2.63,3.38
2013.10.27 23:05:47.120,1.04442,1.04457,1.50,3.38
2013.10.27 23:05:47.486,1.04443,1.04458,3.75,2.25
2013.10.27 23:05:47.791,1.04444,1.04458,1.50,1.50
2013.10.27 23:06:06.151,1.04443,1.04452,3.00,1.13
2013.10.27 23:06:09.541,1.04439,1.04452,2.25,1.13
2013.10.27 23:06:09.660,1.0444,1.04452,1.28,1.13
2013.10.27 23:06:10.211,1.04439,1.04452,1.65,1.13
2013.10.27 23:06:12.231,1.04443,1.04457,1.50,2.25
2013.10.27 23:06:16.241,1.04443,1.04457,4.50,1.13
2013.10.27 23:06:27.251,1.04443,1.0446,3.38,3.00
2013.10.27 23:06:27.810,1.04445,1.0446,1.50,2.25
2013.10.27 23:07:00.241,1.04445,1.04461,1.50,2.25
2013.10.27 23:07:00.601,1.04447,1.04463,1.50,1.50
2013.10.27 23:07:00.901,1.04447,1.04462,1.50,1.50
2013.10.27 23:08:00.968,1.04444,1.04462,4.50,1.13
2013.10.27 23:08:11.000,1.04444,1.04463,4.50,3.38
2013.10.27 23:09:11.411,1.04443,1.04463,3.00,4.13
2013.10.27 23:09:11.471,1.04446,1.0446,1.50,1.50
2013.10.27 23:10:06.061,1.04443,1.0446,3.75,1.88
2013.10.27 23:10:06.601,1.04444,1.04462,5.25,2.25
2013.10.27 23:10:14.831,1.04444,1.0446,1.50,2.25
2013.10.27 23:11:09.631,1.04446,1.0446,1.50,1.50
2013.10.27 23:12:09.865,1.04445,1.04461,5.25,1.50
2013.10.27 23:12:42.301,1.04446,1.04463,1.50,3.75
2013.10.27 23:12:42.361,1.04448,1.04462,1.50,1.50
2013.10.27 23:12:42.602,1.04449,1.04461,1.50,1.50
2013.10.27 23:12:42.792,1.04449,1.04461,1.50,1.50
2013.10.27 23:12:42.911,1.04451,1.04464,1.50,4.50
2013.10.27 23:12:43.032,1.04452,1.04464,1.50,4.50
2013.10.27 23:12:43.392,1.04449,1.04464,2.25,5.03
2013.10.27 23:12:43.452,1.04449,1.04463,1.50,1.50
2013.10.27 23:12:43.922,1.04448,1.04462,1.50,1.50
2013.10.27 23:12:44.467,1.04446,1.04461,1.50,2.25
2013.10.27 23:12:44.591,1.04446,1.04461,1.50,2.25
2013.10.27 23:12:45.011,1.04446,1.04461,1.50,2.25
2013.10.27 23:13:04.321,1.04447,1.04461,1.50,1.50
2013.10.27 23:13:45.062,1.04446,1.04462,1.50,1.50
2013.10.27 23:13:48.311,1.04447,1.04461,1.50,1.50
2013.10.27 23:13:48.431,1.04449,1.04462,1.50,1.50
2013.10.27 23:14:04.624,1.04449,1.04464,1.50,4.50
2013.10.27 23:14:07.262,1.04449,1.04464,1.50,6.75
2013.10.27 23:14:48.431,1.04446,1.04461,1.50,1.50
2013.10.27 23:14:57.252,1.04447,1.04463,1.50,1.50
2013.10.27 23:14:57.715,1.04446,1.04461,1.50,1.50
2013.10.27 23:14:58.027,1.04444,1.04459,7.50,1.50
2013.10.27 23:15:09.381,1.04446,1.04461,1.50,1.50
2013.10.27 23:15:19.651,1.04447,1.0446,1.13,1.50
2013.10.27 23:15:29.362,1.04446,1.0446,1.50,2.25
2013.10.27 23:15:36.444,1.04452,1.0446,1.50,2.25
2013.10.27 23:15:36.801,1.04453,1.0446,1.50,1.50
2013.10.27 23:15:37.101,1.04452,1.0446,1.88,2.25
2013.10.27 23:15:37.641,1.04446,1.0446,2.25,2.25
2013.10.27 23:15:46.252,1.04447,1.04459,1.50,2.25
2013.10.27 23:15:46.815,1.04446,1.04456,1.50,1.50
2013.10.27 23:16:06.296,1.04447,1.04456,1.50,1.50
2013.10.27 23:16:32.282,1.04447,1.04458,1.88,1.50
2013.10.27 23:16:48.371,1.04447,1.04458,1.88,1.50
2013.10.27 23:17:30.331,1.04447,1.04457,1.13,1.50
2013.10.27 23:17:32.271,1.04446,1.04457,1.50,1.50
2013.10.27 23:17:39.212,1.04447,1.04457,1.88,1.50
2013.10.27 23:17:40.242,1.04447,1.04458,1.88,1.50
2013.10.27 23:18:21.621,1.04447,1.04457,1.50,1.13
2013.10.27 23:18:22.163,1.04445,1.04457,1.13,1.88
2013.10.27 23:18:44.001,1.04443,1.04458,3.38,1.50
2013.10.27 23:18:46.393,1.04445,1.04459,1.13,1.50
2013.10.27 23:18:51.352,1.04446,1.04459,4.50,2.25
2013.10.27 23:19:06.752,1.04446,1.04459,5.25,1.50
2013.10.27 23:19:21.815,1.04446,1.04459,4.50,1.50
2013.10.27 23:19:47.261,1.04446,1.04458,4.50,1.50
2013.10.27 23:20:08.423,1.04446,1.04459,4.50,1.50
2013.10.27 23:20:21.906,1.04446,1.04459,3.75,1.50
2013.10.27 23:21:02.922,1.04445,1.04459,4.13,1.50
2013.10.27 23:21:03.221,1.04445,1.04458,4.88,1.50
2013.10.27 23:21:09.802,1.04445,1.0446,4.88,2.25
2013.10.27 23:21:10.162,1.04445,1.04456,4.50,1.50
2013.10.27 23:21:12.472,1.04443,1.04452,1.13,1.50
2013.10.27 23:21:12.662,1.04443,1.04452,1.13,1.50
2013.10.27 23:21:21.875,1.04443,1.04452,1.88,1.50
2013.10.27 23:21:22.412,1.04441,1.04452,4.50,1.50
2013.10.27 23:21:22.474,1.04438,1.04452,1.50,1.50
2013.10.27 23:21:22.785,1.04438,1.04447,1.50,1.13
2013.10.27 23:21:56.223,1.04436,1.04447,1.50,1.13
2013.10.27 23:22:00.872,1.04439,1.04449,1.50,1.50
2013.10.27 23:22:01.412,1.04435,1.04448,1.13,1.88
2013.10.27 23:22:38.602,1.04435,1.04448,2.63,1.13
2013.10.27 23:23:09.292,1.04435,1.04448,2.63,1.13
2013.10.27 23:23:09.832,1.04439,1.04449,2.25,1.50
2013.10.27 23:23:10.372,1.04435,1.04448,3.00,1.13
2013.10.27 23:24:00.662,1.04439,1.04449,1.88,2.25
2013.10.27 23:24:00.842,1.04439,1.04448,2.63,1.88
2013.10.27 23:25:00.853,1.04433,1.0445,6.00,1.13
2013.10.27 23:25:15.836,1.04433,1.04452,4.88,2.63
2013.10.27 23:25:16.762,1.04434,1.0445,1.50,1.13
2013.10.27 23:25:34.803,1.04435,1.04449,1.50,1.50
2013.10.27 23:26:34.977,1.04434,1.04449,1.50,1.13
2013.10.27 23:26:38.212,1.04435,1.04449,1.50,1.88
2013.10.27 23:26:49.062,1.04435,1.04449,1.50,1.50
2013.10.27 23:26:56.052,1.04437,1.04448,1.50,1.13
2013.10.27 23:27:30.514,1.04437,1.04447,2.25,1.13
2013.10.27 23:27:30.575,1.04439,1.04448,1.50,1.13
2013.10.27 23:27:31.304,1.04439,1.04451,1.88,1.13
2013.10.27 23:27:38.263,1.04439,1.0445,1.88,1.50
2013.10.27 23:27:56.553,1.04439,1.04451,2.03,1.13
2013.10.27 23:27:56.853,1.0444,1.04452,2.03,1.88
2013.10.27 23:28:50.013,1.04443,1.04456,2.63,1.50
2013.10.27 23:29:49.041,1.04444,1.04457,1.50,1.13
2013.10.27 23:30:03.231,1.04443,1.04457,1.50,1.88
2013.10.27 23:30:34.910,1.04443,1.04457,5.63,1.88
2013.10.27 23:30:39.722,1.04443,1.04457,5.63,1.88
2013.10.27 23:30:40.262,1.04443,1.04455,4.88,1.50
2013.10.27 23:30:40.791,1.04443,1.04455,4.50,1.50
2013.10.27 23:31:02.140,1.04445,1.04457,1.88,1.50
2013.10.27 23:31:44.843,1.04445,1.04455,1.13,1.50
2013.10.27 23:32:02.348,1.04444,1.04454,4.13,1.50
2013.10.27 23:32:32.079,1.04445,1.04454,1.13,1.50
2013.10.27 23:32:32.603,1.04444,1.04455,4.50,1.50
2013.10.27 23:32:50.653,1.04446,1.04455,1.50,2.25
2013.10.27 23:32:53.304,1.04446,1.04455,1.50,2.25
2013.10.27 23:33:50.906,1.04444,1.04456,3.75,1.50
2013.10.27 23:33:53.585,1.04444,1.0446,3.75,10.13
2013.10.27 23:34:10.858,1.04444,1.04459,4.50,1.13
2013.10.27 23:34:12.202,1.04444,1.04457,4.50,1.50
2013.10.27 23:34:19.492,1.04445,1.04457,4.50,1.50
2013.10.27 23:35:11.358,1.04445,1.04456,6.00,1.50
2013.10.27 23:35:18.233,1.04448,1.04456,1.50,1.50
2013.10.27 23:35:18.295,1.04449,1.04459,1.13,1.50
2013.10.27 23:35:33.744,1.04446,1.04457,5.25,1.50
2013.10.27 23:35:34.103,1.04449,1.04457,1.13,1.50
2013.10.27 23:35:34.583,1.0445,1.04458,1.13,2.25
2013.10.27 23:35:34.643,1.04452,1.04458,1.13,2.25
2013.10.27 23:35:35.174,1.04452,1.04458,1.13,1.50
2013.10.27 23:35:37.897,1.04452,1.04458,1.13,1.50
2013.10.27 23:35:42.964,1.04452,1.04458,1.13,1.50
2013.10.27 23:35:55.339,1.04452,1.04458,1.13,2.25
2013.10.27 23:36:13.043,1.04452,1.04458,1.13,2.25
2013.10.27 23:36:13.223,1.04452,1.04458,1.13,2.25
2013.10.27 23:36:46.217,1.0445,1.04458,1.13,1.50
2013.10.27 23:36:53.393,1.0445,1.0446,1.88,6.75
2013.10.27 23:37:14.353,1.0445,1.04459,1.50,1.50
2013.10.27 23:37:41.283,1.0445,1.04458,1.88,1.50
2013.10.27 23:38:30.893,1.0445,1.04457,4.88,1.50
2013.10.27 23:38:35.084,1.0445,1.04459,6.00,1.50
2013.10.27 23:38:35.404,1.0445,1.04459,3.75,1.50
2013.10.27 23:38:35.464,1.04447,1.04459,1.50,1.50
2013.10.27 23:38:35.644,1.0445,1.04458,1.50,1.50
2013.10.27 23:38:40.254,1.04452,1.04459,1.13,1.50
2013.10.27 23:38:40.804,1.04452,1.04458,1.13,2.25
2013.10.27 23:38:51.444,1.04452,1.04458,1.13,1.50
2013.10.27 23:38:54.084,1.04452,1.04458,1.13,2.25
2013.10.27 23:39:00.373,1.0445,1.04458,4.88,2.25
2013.10.27 23:39:10.117,1.04446,1.04458,1.50,1.50
2013.10.27 23:39:30.083,1.04446,1.04457,1.50,1.50
2013.10.27 23:39:39.435,1.04446,1.04457,1.50,1.50
2013.10.27 23:39:40.164,1.04445,1.04458,2.63,1.50
2013.10.27 23:39:46.205,1.04448,1.04457,1.50,1.50
2013.10.27 23:39:48.014,1.04446,1.04459,1.50,1.50
2013.10.27 23:39:49.607,1.04446,1.04459,1.50,1.50
2013.10.27 23:39:58.957,1.04446,1.04459,1.50,1.50
2013.10.27 23:40:05.337,1.04445,1.04457,2.63,1.50
2013.10.27 23:40:10.613,1.04445,1.04457,2.63,2.25
2013.10.27 23:40:15.905,1.04445,1.04458,2.63,1.50
2013.10.27 23:40:27.116,1.04445,1.04458,2.63,1.50
2013.10.27 23:40:32.203,1.04448,1.04459,1.13,2.25
2013.10.27 23:40:32.324,1.04448,1.04458,1.13,1.50
2013.10.27 23:40:42.904,1.04445,1.04457,2.63,1.50
2013.10.27 23:40:50.144,1.04444,1.04457,4.88,2.40
2013.10.27 23:40:50.503,1.04443,1.04453,1.88,1.50
2013.10.27 23:40:51.384,1.04442,1.04453,1.13,1.50
2013.10.27 23:41:40.564,1.04442,1.04451,1.13,1.88
2013.10.27 23:41:50.844,1.04442,1.04451,1.13,1.13
2013.10.27 23:42:23.965,1.04442,1.0445,1.13,1.13
2013.10.27 23:42:25.635,1.04442,1.0445,1.13,1.88
2013.10.27 23:42:47.204,1.0444,1.0445,6.00,1.88
2013.10.27 23:42:58.305,1.0444,1.0445,4.88,1.50
2013.10.27 23:43:00.348,1.0444,1.0445,6.00,1.50
2013.10.27 23:43:01.255,1.0444,1.0445,5.25,1.50
2013.10.27 23:43:02.365,1.0444,1.0445,6.00,1.50
2013.10.27 23:43:14.968,1.0444,1.0445,4.88,1.50
2013.10.27 23:43:34.063,1.0444,1.0445,4.13,1.50
2013.10.27 23:43:55.433,1.0444,1.04451,4.88,1.50
2013.10.27 23:44:04.554,1.0444,1.04449,5.63,1.50
2013.10.27 23:44:13.833,1.04442,1.04449,1.13,1.50
2013.10.27 23:44:16.036,1.04442,1.04449,1.13,1.50
2013.10.27 23:44:42.354,1.0444,1.0445,4.50,1.50
2013.10.27 23:44:42.414,1.0444,1.0445,3.75,1.50
2013.10.27 23:44:42.970,1.04439,1.0445,1.88,1.50
2013.10.27 23:44:54.274,1.04439,1.0445,1.88,1.50
2013.10.27 23:44:54.988,1.04439,1.04449,1.88,1.50
2013.10.27 23:45:05.431,1.04439,1.04449,1.88,1.50
2013.10.27 23:45:49.784,1.04441,1.04451,1.13,1.88
2013.10.27 23:45:49.904,1.04442,1.04451,1.50,1.50
2013.10.27 23:46:01.605,1.04442,1.04452,1.88,1.50
2013.10.27 23:47:01.398,1.04442,1.04453,1.50,3.30
2013.10.27 23:47:03.302,1.04442,1.04452,1.50,1.50
2013.10.27 23:47:24.134,1.04442,1.04452,1.88,2.25
2013.10.27 23:48:00.872,1.04442,1.04452,1.13,2.25
2013.10.27 23:48:01.114,1.04442,1.0445,1.13,1.50
2013.10.27 23:48:18.515,1.04443,1.0445,1.13,1.50
2013.10.27 23:48:19.154,1.04443,1.0445,1.50,1.50
2013.10.27 23:48:20.984,1.04443,1.04452,1.88,2.25
2013.10.27 23:48:25.094,1.04443,1.04451,1.13,1.50
2013.10.27 23:48:25.154,1.04443,1.04454,1.88,3.90
2013.10.27 23:48:25.454,1.04443,1.04452,1.50,1.50
2013.10.27 23:48:25.774,1.04443,1.0445,1.50,1.50
2013.10.27 23:48:31.665,1.04443,1.04452,1.50,1.50
2013.10.27 23:48:49.645,1.04443,1.04452,1.50,2.25
2013.10.27 23:48:50.004,1.04439,1.04451,2.63,2.25
2013.10.27 23:48:57.575,1.04439,1.0445,1.13,1.13
2013.10.27 23:49:07.094,1.04439,1.04449,1.13,1.50
2013.10.27 23:49:12.885,1.04437,1.04446,1.69,1.13
2013.10.27 23:49:13.416,1.04435,1.04446,1.50,1.13
2013.10.27 23:49:27.075,1.04437,1.04446,1.13,1.13
2013.10.27 23:49:29.225,1.04439,1.04449,1.13,1.50
2013.10.27 23:49:29.745,1.04439,1.04449,1.13,1.50
2013.10.27 23:49:40.885,1.04437,1.04446,4.50,1.13
2013.10.27 23:49:41.005,1.04435,1.04446,1.50,1.13
2013.10.27 23:50:03.455,1.04433,1.04445,6.00,1.13
2013.10.27 23:50:03.875,1.04432,1.0444,1.50,1.13
2013.10.27 23:50:03.996,1.04429,1.0444,4.13,1.13
2013.10.27 23:50:05.895,1.0443,1.0444,1.50,1.13
2013.10.27 23:50:07.826,1.0443,1.04441,1.50,1.13
2013.10.27 23:50:14.985,1.04429,1.04441,1.13,4.13
2013.10.27 23:50:15.535,1.04429,1.0444,1.88,1.88
2013.10.27 23:50:15.894,1.04421,1.04431,2.25,4.13
2013.10.27 23:50:17.611,1.04421,1.04431,3.75,4.13
2013.10.27 23:50:23.467,1.04421,1.04431,3.75,4.13
2013.10.27 23:50:47.705,1.04421,1.04431,3.00,3.38
2013.10.27 23:50:57.915,1.04421,1.04431,3.00,3.38
2013.10.27 23:50:58.456,1.04421,1.04431,2.25,4.13
2013.10.27 23:51:57.914,1.04421,1.04431,3.00,1.13
2013.10.27 23:52:02.705,1.04421,1.04432,3.00,1.13
2013.10.27 23:52:27.096,1.04421,1.04431,1.88,1.13
2013.10.27 23:52:27.454,1.04419,1.0443,1.88,1.50
2013.10.27 23:52:57.547,1.04418,1.04427,1.50,1.13
2013.10.27 23:53:30.900,1.04417,1.04427,4.50,1.50
2013.10.27 23:53:57.669,1.04417,1.0443,3.75,1.88
2013.10.27 23:54:06.575,1.04417,1.04429,4.50,1.13
2013.10.27 23:54:07.686,1.04417,1.04429,4.50,1.13
2013.10.27 23:54:08.549,1.04417,1.04429,4.50,1.13
2013.10.27 23:55:08.614,1.04417,1.0443,4.13,1.88
2013.10.27 23:55:28.955,1.04418,1.0443,1.13,1.88
2013.10.27 23:55:50.749,1.04418,1.04429,1.13,1.13
2013.10.27 23:55:51.106,1.04421,1.0443,1.50,1.13
2013.10.27 23:55:51.725,1.04421,1.0443,1.50,1.13
2013.10.27 23:55:54.388,1.04421,1.0443,1.50,1.13
2013.10.27 23:56:33.917,1.0442,1.0443,1.50,1.13
2013.10.27 23:56:34.516,1.04419,1.04431,4.65,1.50
2013.10.27 23:56:36.727,1.04419,1.04431,5.25,1.95
2013.10.27 23:56:37.386,1.04418,1.0443,4.88,1.58
2013.10.27 23:57:06.356,1.04418,1.04431,5.25,4.50
2013.10.27 23:57:08.885,1.04419,1.04431,1.50,3.75
2013.10.27 23:57:38.296,1.04418,1.04431,1.50,3.75
2013.10.27 23:57:53.976,1.0442,1.04431,1.50,3.90
2013.10.27 23:58:09.147,1.04422,1.04432,1.50,1.13
2013.10.27 23:58:09.266,1.04421,1.04433,4.50,1.50
2013.10.27 23:58:09.566,1.04423,1.04435,6.38,1.88
2013.10.27 23:58:09.686,1.04423,1.04431,4.50,3.75
2013.10.27 23:58:09.807,1.04422,1.0443,1.50,1.50
2013.10.27 23:58:10.675,1.04419,1.04431,1.50,3.75
2013.10.27 23:58:20.107,1.04419,1.0443,1.50,1.13
2013.10.27 23:58:41.158,1.0442,1.04431,1.50,3.75
2013.10.27 23:59:01.276,1.04421,1.04431,3.75,3.77
2013.10.27 23:59:04.876,1.04421,1.04431,3.00,3.77
2013.10.27 23:59:14.926,1.0442,1.04431,1.50,3.77
2013.10.27 23:59:16.746,1.04421,1.04431,2.25,3.77
2013.10.27 23:59:17.736,1.04421,1.04431,3.00,3.75
2013.10.27 23:59:18.855,1.0442,1.04431,1.88,3.75
2013.10.27 23:59:19.816,1.04421,1.04431,1.50,3.75
2013.10.27 23:59:21.806,1.04423,1.04431,1.50,3.75
2013.10.27 23:59:21.929,1.04429,1.04435,1.50,1.13
2013.10.27 23:59:21.987,1.04429,1.04439,1.50,1.13
2013.10.27 23:59:22.346,1.04427,1.04437,1.50,3.75
2013.10.27 23:59:22.656,1.04427,1.04432,1.50,3.38
2013.10.27 23:59:23.206,1.04421,1.04432,3.38,4.13
2013.10.27 23:59:28.869,1.04421,1.04432,3.38,4.13
