2016.02.01 11:00:00.847,1.40376,1.40388,1.87,1.20
2016.02.01 11:00:00.898,1.40376,1.40383,1.12,1.00
2016.02.01 11:00:01.000,1.40377,1.40383,1.00,1.00
2016.02.01 11:00:01.102,1.40371,1.40383,1.12,1.00
2016.02.01 11:00:01.203,1.4037,1.40383,1.75,1.12
2016.02.01 11:00:01.346,1.4037,1.40383,1.75,1.50
2016.02.01 11:00:01.862,1.40371,1.40383,1.75,1.95
2016.02.01 11:00:03.488,1.40371,1.40383,1.75,1.57
2016.02.01 11:00:03.672,1.40368,1.4038,1.85,1.87
2016.02.01 11:00:03.875,1.40367,1.40377,1.20,1.00
2016.02.01 11:00:04.078,1.40366,1.40376,1.12,1.50
2016.02.01 11:00:04.485,1.40366,1.40378,1.37,2.70
2016.02.01 11:00:05.083,1.40366,1.40378,1.50,3.07
2016.02.01 11:00:05.388,1.40368,1.40379,1.37,1.37
2016.02.01 11:00:06.710,1.40367,1.40377,1.87,1.00
2016.02.01 11:00:07.927,1.40367,1.40377,1.37,1.00
2016.02.01 11:00:08.340,1.40367,1.40376,1.00,1.07
2016.02.01 11:00:08.484,1.40362,1.40375,1.37,1.95
2016.02.01 11:00:08.890,1.40359,1.40371,1.75,1.20
2016.02.01 11:00:09.094,1.40358,1.40371,1.37,1.85
2016.02.01 11:00:09.398,1.40358,1.40372,1.87,2.70
2016.02.01 11:00:10.883,1.40357,1.4037,2.25,1.75
2016.02.01 11:00:10.935,1.40357,1.4037,1.87,1.87
2016.02.01 11:00:11.987,1.40358,1.4037,1.50,2.25
2016.02.01 11:00:16.828,1.40358,1.4037,1.20,1.87
2016.02.01 11:00:17.082,1.40358,1.40368,1.47,1.00
2016.02.01 11:00:17.235,1.40358,1.40368,1.12,1.50
2016.02.01 11:00:17.754,1.40358,1.40368,1.37,1.50
2016.02.01 11:00:19.255,1.40359,1.40369,1.00,1.12
2016.02.01 11:00:19.818,1.40359,1.40368,1.00,1.00
2016.02.01 11:00:20.323,1.40359,1.4037,1.00,2.62
2016.02.01 11:00:22.484,1.40358,1.40369,1.37,1.50
2016.02.01 11:00:22.636,1.40358,1.4037,1.87,1.87
2016.02.01 11:00:22.738,1.40359,1.40369,1.12,1.50
2016.02.01 11:00:23.892,1.40359,1.40368,1.00,1.00
2016.02.01 11:00:24.145,1.40355,1.40367,1.12,1.50
2016.02.01 11:00:24.687,1.40355,1.40365,1.37,1.00
2016.02.01 11:00:26.124,1.40356,1.40366,1.00,1.87
2016.02.01 11:00:26.674,1.40355,1.40366,1.20,1.37
2016.02.01 11:00:27.029,1.40356,1.40367,1.37,1.12
2016.02.01 11:00:28.806,1.40356,1.40366,1.37,1.00
2016.02.01 11:00:29.837,1.40356,1.40367,1.37,1.87
2016.02.01 11:00:30.346,1.40354,1.40365,1.20,1.00
2016.02.01 11:00:30.447,1.40354,1.40365,1.95,1.12
2016.02.01 11:00:30.549,1.40351,1.40363,3.00,1.00
2016.02.01 11:00:30.832,1.40347,1.40361,2.32,2.25
2016.02.01 11:00:30.884,1.40347,1.40361,1.95,2.62
2016.02.01 11:00:30.986,1.40347,1.40361,1.95,1.50
2016.02.01 11:00:31.290,1.40348,1.40361,1.20,1.37
2016.02.01 11:00:31.493,1.40347,1.40361,1.95,1.50
2016.02.01 11:00:32.192,1.40347,1.4036,1.20,1.50
2016.02.01 11:00:34.200,1.40348,1.40361,1.20,1.87
2016.02.01 11:00:34.606,1.40348,1.40361,1.85,1.87
2016.02.01 11:00:34.657,1.40348,1.40361,1.20,1.50
2016.02.01 11:00:35.310,1.40349,1.40361,1.75,1.50
2016.02.01 11:00:35.817,1.40348,1.40361,1.20,1.50
2016.02.01 11:00:35.919,1.40347,1.4036,1.85,2.32
2016.02.01 11:00:35.970,1.40348,1.40358,1.00,1.00
2016.02.01 11:00:36.072,1.40345,1.40355,1.12,1.00
2016.02.01 11:00:36.178,1.40343,1.40354,1.50,1.50
2016.02.01 11:00:36.382,1.40343,1.40353,1.00,1.12
2016.02.01 11:00:36.890,1.40342,1.40353,1.20,1.37
2016.02.01 11:00:37.421,1.40343,1.40351,1.00,1.12
2016.02.01 11:00:37.947,1.40343,1.40349,1.00,1.00
2016.02.01 11:00:38.049,1.40341,1.40349,1.12,1.00
2016.02.01 11:00:38.505,1.40337,1.40345,1.50,1.00
2016.02.01 11:00:38.812,1.40336,1.40343,1.47,1.00
2016.02.01 11:00:40.821,1.40336,1.40343,1.20,1.00
2016.02.01 11:00:42.274,1.40336,1.40344,1.12,1.00
2016.02.01 11:00:42.775,1.40333,1.40342,1.50,1.00
2016.02.01 11:00:43.574,1.40335,1.40342,1.00,1.00
2016.02.01 11:00:44.438,1.40332,1.4034,1.12,1.00
2016.02.01 11:00:44.965,1.4033,1.4034,1.12,1.00
2016.02.01 11:00:45.488,1.4033,1.40341,1.12,1.12
2016.02.01 11:00:46.644,1.40331,1.40341,1.00,1.50
2016.02.01 11:00:47.455,1.40332,1.40342,1.00,1.07
2016.02.01 11:00:47.861,1.40332,1.40339,1.00,1.56
2016.02.01 11:00:48.065,1.40323,1.40334,1.47,1.45
2016.02.01 11:00:48.117,1.40323,1.40334,1.10,1.45
2016.02.01 11:00:48.644,1.40323,1.40333,1.12,1.00
2016.02.01 11:00:49.157,1.40323,1.40333,1.47,1.00
2016.02.01 11:00:49.361,1.40325,1.40335,1.10,1.00
2016.02.01 11:00:49.895,1.40324,1.40338,1.20,2.38
2016.02.01 11:00:50.560,1.40325,1.40338,1.20,3.13
2016.02.01 11:00:50.866,1.40329,1.40337,1.20,1.00
2016.02.01 11:00:51.070,1.40335,1.40344,1.00,1.37
2016.02.01 11:00:51.836,1.40333,1.40345,1.37,1.12
2016.02.01 11:00:52.267,1.40333,1.40345,1.37,1.75
2016.02.01 11:00:52.774,1.40334,1.40346,1.47,1.50
2016.02.01 11:00:52.944,1.40336,1.40346,1.50,1.00
2016.02.01 11:00:53.046,1.40336,1.40346,1.87,1.00
2016.02.01 11:00:53.300,1.40338,1.40348,1.00,1.00
2016.02.01 11:00:54.102,1.40337,1.40349,1.37,1.12
2016.02.01 11:00:54.407,1.40334,1.40346,1.87,1.87
2016.02.01 11:00:54.711,1.40334,1.40346,1.37,1.87
2016.02.01 11:00:55.570,1.40334,1.40346,1.12,2.25
2016.02.01 11:00:55.981,1.40336,1.40346,1.10,1.00
2016.02.01 11:00:56.387,1.40337,1.40349,1.12,1.75
2016.02.01 11:00:56.590,1.40339,1.40349,1.00,1.50
2016.02.01 11:00:58.501,1.40336,1.4035,1.20,1.87
2016.02.01 11:00:58.856,1.40336,1.40347,1.20,1.50
2016.02.01 11:00:59.364,1.40334,1.40345,1.50,1.87
2016.02.01 11:00:59.416,1.40334,1.40344,1.00,1.75
2016.02.01 11:00:59.568,1.4033,1.40341,1.50,1.50
2016.02.01 11:01:00.301,1.40332,1.40341,1.12,1.00
2016.02.01 11:01:00.404,1.40332,1.40346,1.95,1.87
2016.02.01 11:01:00.970,1.40333,1.40346,1.87,1.37
2016.02.01 11:01:01.480,1.40335,1.40347,1.57,1.37
2016.02.01 11:01:04.272,1.40339,1.40347,1.00,1.00
2016.02.01 11:01:04.374,1.4034,1.40352,1.95,2.62
2016.02.01 11:01:04.476,1.4034,1.40352,2.32,1.50
2016.02.01 11:01:04.983,1.40341,1.40352,1.50,1.50
2016.02.01 11:01:06.022,1.4034,1.40352,1.20,1.12
2016.02.01 11:01:06.380,1.4034,1.40351,1.00,1.12
2016.02.01 11:01:06.881,1.40338,1.40347,1.47,1.00
2016.02.01 11:01:06.933,1.40338,1.40347,1.00,1.00
2016.02.01 11:01:06.984,1.40334,1.40344,1.45,1.00
2016.02.01 11:01:07.289,1.40337,1.40347,1.12,1.37
2016.02.01 11:01:07.814,1.40339,1.40349,1.00,1.12
2016.02.01 11:01:08.387,1.40337,1.40348,1.37,1.75
2016.02.01 11:01:08.691,1.40335,1.40347,1.82,1.12
2016.02.01 11:01:09.340,1.40334,1.40347,1.50,1.12
2016.02.01 11:01:09.847,1.40336,1.40347,1.12,1.87
2016.02.01 11:01:10.100,1.40336,1.40348,1.57,1.75
2016.02.01 11:01:10.202,1.40337,1.40349,1.45,1.12
2016.02.01 11:01:12.227,1.40337,1.40347,1.95,1.00
2016.02.01 11:01:13.139,1.40337,1.40347,1.95,1.00
2016.02.01 11:01:14.856,1.40339,1.40349,1.00,1.06
2016.02.01 11:01:14.907,1.40339,1.40348,1.00,1.68
2016.02.01 11:01:15.009,1.40337,1.40347,1.12,1.43
2016.02.01 11:01:15.516,1.40336,1.40346,1.47,1.00
2016.02.01 11:01:16.212,1.40335,1.40345,1.45,1.43
2016.02.01 11:01:16.982,1.40335,1.40345,1.47,1.00
2016.02.01 11:01:17.538,1.40334,1.40344,2.25,1.00
2016.02.01 11:01:17.640,1.40335,1.40345,1.45,1.00
2016.02.01 11:01:18.190,1.40335,1.40345,1.50,1.00
2016.02.01 11:01:18.692,1.40334,1.40347,1.12,2.56
2016.02.01 11:01:19.258,1.40335,1.40347,1.12,2.18
2016.02.01 11:01:22.526,1.40337,1.40349,1.20,1.50
2016.02.01 11:01:23.033,1.40338,1.40348,1.00,1.50
2016.02.01 11:01:25.061,1.40338,1.40346,1.00,1.00
2016.02.01 11:01:26.699,1.40338,1.40347,1.00,1.00
2016.02.01 11:01:27.685,1.40338,1.40346,1.00,1.00
2016.02.01 11:01:29.867,1.40337,1.40348,1.12,2.25
2016.02.01 11:01:30.201,1.40344,1.40351,1.00,1.00
2016.02.01 11:01:30.252,1.40344,1.40353,1.12,1.00
2016.02.01 11:01:30.354,1.40344,1.40354,1.12,1.85
2016.02.01 11:01:31.266,1.40343,1.40352,1.12,1.50
2016.02.01 11:01:32.663,1.40343,1.40353,1.12,1.50
2016.02.01 11:01:33.176,1.40343,1.40354,1.50,1.50
2016.02.01 11:01:35.736,1.40343,1.40354,1.87,1.37
2016.02.01 11:01:36.040,1.40347,1.40357,1.37,1.37
2016.02.01 11:01:36.092,1.40348,1.40357,1.50,1.00
2016.02.01 11:01:36.295,1.40349,1.40359,1.12,1.00
2016.02.01 11:01:36.802,1.40352,1.40362,1.00,1.12
2016.02.01 11:01:37.467,1.40352,1.40363,1.00,1.87
2016.02.01 11:01:38.006,1.40352,1.40361,1.00,1.37
2016.02.01 11:01:38.879,1.40351,1.40359,1.12,1.00
2016.02.01 11:01:39.422,1.40355,1.40362,1.00,3.00
2016.02.01 11:01:39.474,1.40355,1.40362,1.00,1.87
2016.02.01 11:01:39.525,1.40357,1.40362,1.50,1.87
2016.02.01 11:01:39.829,1.40359,1.40366,1.00,1.12
2016.02.01 11:01:39.880,1.40359,1.40367,1.00,1.37
2016.02.01 11:01:40.396,1.40356,1.40367,1.50,1.50
2016.02.01 11:01:40.602,1.40355,1.40366,1.87,1.57
2016.02.01 11:01:40.704,1.40355,1.40365,1.12,1.07
2016.02.01 11:01:41.122,1.40352,1.40363,2.62,1.37
2016.02.01 11:01:41.629,1.40352,1.40363,1.50,1.87
2016.02.01 11:01:42.502,1.40352,1.40363,1.87,1.37
2016.02.01 11:01:43.222,1.40352,1.40363,1.75,1.00
2016.02.01 11:01:43.759,1.40352,1.40362,1.75,1.00
2016.02.01 11:01:44.810,1.40352,1.40363,1.50,1.50
2016.02.01 11:01:45.469,1.40354,1.40363,1.00,1.57
2016.02.01 11:01:45.773,1.40354,1.40364,1.50,1.50
2016.02.01 11:01:46.504,1.40354,1.40364,1.50,1.12
2016.02.01 11:01:50.834,1.40354,1.40364,1.50,1.50
2016.02.01 11:01:54.395,1.40354,1.40364,1.50,1.12
2016.02.01 11:01:54.939,1.40355,1.40366,1.12,1.50
2016.02.01 11:01:56.956,1.40355,1.40364,1.37,1.00
2016.02.01 11:01:57.462,1.40353,1.40362,1.12,1.00
2016.02.01 11:01:57.615,1.40352,1.40362,1.87,1.12
2016.02.01 11:02:00.032,1.40352,1.40364,1.87,1.95
2016.02.01 11:02:03.552,1.40353,1.40365,3.37,1.20
2016.02.01 11:02:04.112,1.40355,1.40365,1.37,1.00
2016.02.01 11:02:04.879,1.40355,1.40365,1.12,1.12
2016.02.01 11:02:06.010,1.40356,1.40365,1.00,1.00
2016.02.01 11:02:07.342,1.40356,1.40366,1.87,1.50
2016.02.01 11:02:07.850,1.40356,1.40367,2.25,1.95
2016.02.01 11:02:08.437,1.40357,1.40367,1.87,1.57
2016.02.01 11:02:08.742,1.40363,1.40371,1.12,2.25
2016.02.01 11:02:08.895,1.40368,1.40374,1.00,1.12
2016.02.01 11:02:08.946,1.40371,1.40379,1.50,1.00
2016.02.01 11:02:09.150,1.40371,1.4038,1.75,1.00
2016.02.01 11:02:09.821,1.40371,1.4038,1.75,1.37
2016.02.01 11:02:10.543,1.40371,1.4038,1.87,1.37
2016.02.01 11:02:10.747,1.40375,1.4038,1.00,1.37
2016.02.01 11:02:10.835,1.40374,1.40382,1.75,1.12
2016.02.01 11:02:10.887,1.40375,1.40384,1.12,1.37
2016.02.01 11:02:10.939,1.40376,1.40384,1.75,1.00
2016.02.01 11:02:10.992,1.40376,1.40386,1.75,1.00
2016.02.01 11:02:11.045,1.40378,1.40386,1.87,1.00
2016.02.01 11:02:11.451,1.40378,1.40388,1.87,1.00
2016.02.01 11:02:12.562,1.4038,1.40389,1.12,1.00
2016.02.01 11:02:13.070,1.40379,1.4039,1.12,1.12
2016.02.01 11:02:13.765,1.40379,1.4039,1.75,1.12
2016.02.01 11:02:13.816,1.40378,1.4039,1.75,1.12
2016.02.01 11:02:13.867,1.40376,1.40385,1.95,1.50
2016.02.01 11:02:14.172,1.40374,1.40383,1.87,1.12
2016.02.01 11:02:14.522,1.40374,1.40383,1.87,1.37
2016.02.01 11:02:14.776,1.40377,1.40385,1.12,1.47
2016.02.01 11:02:14.878,1.40378,1.40387,3.75,1.20
2016.02.01 11:02:14.980,1.40382,1.40391,1.50,3.07
2016.02.01 11:02:15.032,1.40382,1.40391,1.50,1.95
2016.02.01 11:02:15.186,1.40384,1.40392,1.50,1.00
2016.02.01 11:02:15.519,1.40386,1.40394,1.12,1.00
2016.02.01 11:02:15.675,1.40388,1.40392,1.00,1.00
2016.02.01 11:02:15.930,1.40384,1.40394,1.87,1.00
2016.02.01 11:02:16.488,1.40384,1.40395,1.87,1.00
2016.02.01 11:02:16.760,1.40387,1.40395,1.12,1.00
2016.02.01 11:02:17.064,1.40379,1.40386,2.25,1.00
2016.02.01 11:02:17.166,1.40382,1.4039,1.12,1.87
2016.02.01 11:02:17.268,1.40381,1.40386,1.00,1.00
2016.02.01 11:02:17.370,1.4038,1.40388,1.95,1.00
2016.02.01 11:02:17.472,1.40382,1.40392,1.12,1.00
2016.02.01 11:02:18.173,1.40383,1.40394,1.75,1.12
2016.02.01 11:02:18.680,1.40383,1.40394,1.87,1.00
2016.02.01 11:02:19.367,1.40383,1.40393,1.87,1.00
2016.02.01 11:02:19.469,1.40381,1.40392,1.20,1.00
2016.02.01 11:02:19.571,1.4038,1.4039,1.12,1.00
2016.02.01 11:02:19.674,1.4038,1.4039,1.00,1.50
2016.02.01 11:02:19.826,1.40377,1.40388,1.12,1.00
2016.02.01 11:02:20.132,1.40376,1.40386,1.12,1.00
2016.02.01 11:02:20.796,1.40375,1.40383,1.12,1.00
2016.02.01 11:02:20.999,1.40372,1.40381,1.75,1.00
2016.02.01 11:02:21.203,1.40373,1.40382,1.00,1.00
2016.02.01 11:02:21.254,1.40373,1.40381,1.00,1.37
2016.02.01 11:02:21.559,1.40358,1.40369,1.37,1.00
2016.02.01 11:02:21.813,1.40356,1.40367,1.50,1.00
2016.02.01 11:02:22.356,1.40357,1.40368,1.37,1.12
2016.02.01 11:02:22.660,1.40362,1.40373,1.47,1.12
2016.02.01 11:02:23.574,1.40362,1.40372,1.47,1.00
2016.02.01 11:02:24.096,1.40362,1.40372,1.75,1.00
2016.02.01 11:02:24.402,1.40359,1.40372,1.87,1.50
2016.02.01 11:02:24.453,1.40359,1.40369,1.87,1.00
2016.02.01 11:02:24.606,1.40359,1.40369,1.87,1.00
2016.02.01 11:02:25.912,1.40359,1.40369,1.75,1.12
2016.02.01 11:02:26.521,1.40359,1.40372,3.37,1.47
2016.02.01 11:02:26.623,1.40362,1.40373,1.50,1.42
2016.02.01 11:02:26.928,1.40365,1.40374,1.00,1.81
2016.02.01 11:02:27.480,1.40365,1.40374,1.00,1.46
2016.02.01 11:02:30.479,1.40365,1.40375,1.00,2.28
2016.02.01 11:02:31.480,1.40365,1.40375,1.00,2.28
2016.02.01 11:02:31.936,1.40365,1.40373,1.00,1.33
2016.02.01 11:02:32.293,1.40362,1.40374,1.50,2.28
2016.02.01 11:02:32.395,1.40362,1.40374,1.75,1.91
2016.02.01 11:02:33.178,1.40365,1.40375,1.00,1.91
2016.02.01 11:02:33.584,1.40364,1.40375,1.75,1.53
2016.02.01 11:02:34.032,1.40364,1.40375,1.50,1.91
2016.02.01 11:02:34.185,1.40364,1.40375,1.75,1.46
2016.02.01 11:02:34.727,1.40364,1.40375,1.75,1.00
2016.02.01 11:02:35.184,1.40368,1.40378,1.50,1.46
2016.02.01 11:02:35.288,1.40368,1.40379,2.62,1.00
2016.02.01 11:02:35.339,1.4037,1.40379,1.12,1.00
2016.02.01 11:02:35.542,1.40371,1.40379,1.00,1.08
2016.02.01 11:02:35.593,1.40368,1.40379,1.50,1.46
2016.02.01 11:02:35.898,1.40368,1.4038,1.87,1.43
2016.02.01 11:02:36.405,1.40368,1.40379,1.75,1.00
2016.02.01 11:02:36.732,1.40369,1.40379,1.75,1.00
2016.02.01 11:02:36.937,1.40371,1.40379,1.00,1.00
2016.02.01 11:02:37.394,1.40368,1.40376,1.12,1.00
2016.02.01 11:02:37.599,1.40365,1.40376,1.95,1.00
2016.02.01 11:02:38.121,1.40365,1.40376,1.82,1.00
2016.02.01 11:02:38.648,1.40368,1.40377,1.12,1.12
2016.02.01 11:02:39.207,1.40368,1.40378,1.50,1.50
2016.02.01 11:02:39.605,1.40368,1.40378,1.50,1.87
2016.02.01 11:02:39.707,1.40368,1.40378,1.75,1.12
2016.02.01 11:02:39.809,1.40368,1.40378,1.50,1.12
2016.02.01 11:02:40.636,1.40364,1.40375,2.25,1.12
2016.02.01 11:02:41.144,1.40364,1.40374,1.87,1.12
2016.02.01 11:02:43.340,1.40366,1.40376,1.00,1.87
2016.02.01 11:02:43.645,1.40366,1.40377,1.75,1.12
2016.02.01 11:02:43.798,1.40366,1.40376,1.00,1.00
2016.02.01 11:02:44.818,1.40366,1.40375,1.50,1.00
2016.02.01 11:02:45.927,1.40366,1.40377,1.50,1.12
2016.02.01 11:02:47.327,1.40365,1.40375,1.00,1.08
2016.02.01 11:02:47.982,1.40365,1.40375,1.00,1.33
2016.02.01 11:02:48.340,1.40364,1.40376,1.75,1.46
2016.02.01 11:02:48.450,1.40366,1.40376,1.12,1.83
2016.02.01 11:02:48.755,1.40361,1.40373,1.82,1.83
2016.02.01 11:02:48.857,1.4036,1.40373,1.82,1.83
2016.02.01 11:02:49.009,1.40358,1.40369,1.82,1.00
2016.02.01 11:02:49.061,1.4036,1.40369,1.00,1.00
2016.02.01 11:02:49.575,1.4036,1.40369,1.50,1.00
2016.02.01 11:02:50.082,1.4036,1.4037,1.50,1.08
2016.02.01 11:02:50.594,1.4036,1.40372,1.87,2.28
2016.02.01 11:02:51.093,1.40358,1.40367,1.12,1.00
2016.02.01 11:02:51.144,1.40358,1.40367,1.37,1.00
2016.02.01 11:02:51.550,1.40356,1.40365,1.20,1.00
2016.02.01 11:02:51.652,1.40354,1.40365,1.75,1.08
2016.02.01 11:02:51.855,1.40353,1.40365,1.87,2.96
2016.02.01 11:02:52.376,1.40353,1.40362,1.37,1.12
2016.02.01 11:02:52.885,1.40353,1.40362,1.75,1.00
2016.02.01 11:02:54.816,1.40353,1.40363,1.50,1.50
2016.02.01 11:02:57.355,1.40355,1.40364,1.12,1.00
2016.02.01 11:02:57.661,1.40357,1.40366,1.00,1.00
2016.02.01 11:02:59.261,1.40356,1.40366,1.50,1.50
2016.02.01 11:03:00.420,1.40356,1.40366,1.87,1.50
2016.02.01 11:03:00.732,1.40356,1.40363,1.50,1.00
2016.02.01 11:03:01.037,1.40351,1.40359,1.50,1.00
2016.02.01 11:03:01.393,1.40349,1.40358,1.12,1.00
2016.02.01 11:03:01.494,1.40348,1.40357,1.12,1.00
2016.02.01 11:03:01.920,1.40345,1.40353,1.37,1.00
2016.02.01 11:03:01.971,1.40343,1.40353,1.95,1.00
2016.02.01 11:03:02.073,1.40342,1.40353,2.25,1.00
2016.02.01 11:03:02.377,1.40342,1.40356,2.32,3.37
2016.02.01 11:03:02.428,1.40343,1.40356,1.95,2.25
2016.02.01 11:03:02.945,1.40346,1.40356,1.75,1.00
2016.02.01 11:03:03.503,1.40347,1.40357,1.12,1.87
2016.02.01 11:03:03.807,1.40348,1.40357,1.50,1.12
2016.02.01 11:03:04.111,1.40351,1.40359,1.75,1.12
2016.02.01 11:03:04.511,1.4035,1.40358,1.00,1.00
2016.02.01 11:03:05.855,1.4035,1.4036,1.87,1.50
2016.02.01 11:03:06.058,1.40352,1.4036,1.50,1.00
2016.02.01 11:03:06.566,1.40352,1.40361,3.00,1.12
2016.02.01 11:03:06.920,1.40353,1.40363,1.12,1.00
2016.02.01 11:03:08.271,1.40354,1.40362,1.50,1.00
2016.02.01 11:03:08.373,1.40353,1.40362,1.00,1.10
2016.02.01 11:03:08.794,1.40353,1.40359,1.00,1.00
2016.02.01 11:03:09.336,1.40352,1.40359,1.87,1.00
2016.02.01 11:03:10.970,1.40354,1.40362,1.00,1.57
2016.02.01 11:03:11.021,1.40353,1.40362,1.75,1.12
2016.02.01 11:03:11.555,1.40354,1.40364,1.50,1.87
2016.02.01 11:03:13.427,1.40354,1.40364,1.75,1.00
2016.02.01 11:03:13.947,1.40354,1.40364,1.75,1.12
2016.02.01 11:03:15.415,1.40354,1.40364,1.12,1.12
2016.02.01 11:03:15.517,1.40354,1.40364,1.50,1.12
2016.02.01 11:03:16.024,1.40354,1.40364,1.37,1.37
2016.02.01 11:03:16.328,1.40355,1.40364,1.87,1.00
2016.02.01 11:03:16.633,1.40364,1.40368,1.50,1.00
2016.02.01 11:03:16.938,1.40364,1.40372,1.87,1.12
2016.02.01 11:03:17.040,1.40368,1.40374,1.12,1.00
2016.02.01 11:03:17.091,1.40368,1.40376,1.87,1.12
2016.02.01 11:03:17.142,1.40368,1.40376,2.25,1.00
2016.02.01 11:03:17.498,1.40368,1.40378,1.75,1.00
2016.02.01 11:03:17.915,1.40368,1.40378,1.87,1.37
2016.02.01 11:03:18.321,1.40365,1.40377,1.75,2.25
2016.02.01 11:03:18.372,1.40363,1.40373,3.07,1.00
2016.02.01 11:03:18.424,1.40363,1.40373,2.62,1.00
2016.02.01 11:03:19.026,1.40362,1.40373,1.12,2.25
2016.02.01 11:03:20.802,1.40362,1.40373,2.25,1.37
2016.02.01 11:03:20.853,1.40364,1.40373,1.37,1.12
2016.02.01 11:03:21.365,1.40364,1.40373,1.87,1.12
2016.02.01 11:03:22.286,1.40368,1.40374,1.00,1.00
2016.02.01 11:03:22.792,1.40367,1.40375,1.37,1.00
2016.02.01 11:03:23.339,1.40367,1.40376,1.00,1.00
2016.02.01 11:03:28.315,1.40367,1.40378,1.37,1.87
2016.02.01 11:03:28.819,1.40367,1.40378,1.87,1.50
2016.02.01 11:03:29.684,1.40368,1.40378,1.12,1.37
2016.02.01 11:03:30.199,1.4037,1.40378,1.00,1.00
2016.02.01 11:03:30.504,1.40373,1.4038,1.37,1.00
2016.02.01 11:03:30.614,1.40375,1.40386,1.12,4.12
2016.02.01 11:03:30.667,1.40375,1.40384,1.12,1.00
2016.02.01 11:03:30.719,1.40375,1.40384,1.37,1.00
2016.02.01 11:03:30.922,1.40371,1.40382,1.37,1.20
2016.02.01 11:03:31.228,1.40373,1.40383,1.50,1.12
2016.02.01 11:03:31.533,1.40372,1.40382,1.87,1.07
2016.02.01 11:03:31.635,1.40372,1.40382,1.50,1.07
2016.02.01 11:03:32.179,1.40373,1.40383,1.00,1.95
2016.02.01 11:03:32.230,1.40372,1.40384,1.75,2.25
2016.02.01 11:03:32.281,1.40372,1.40384,1.75,1.95
2016.02.01 11:03:32.839,1.40372,1.40384,1.50,2.32
2016.02.01 11:03:33.484,1.40372,1.40383,1.50,2.32
2016.02.01 11:03:33.991,1.40374,1.40382,1.50,1.00
2016.02.01 11:03:34.093,1.40375,1.40384,1.00,1.00
2016.02.01 11:03:34.144,1.40374,1.40384,2.25,1.00
2016.02.01 11:03:39.255,1.40375,1.40384,1.12,1.00
2016.02.01 11:03:42.526,1.40375,1.40385,1.12,1.12
2016.02.01 11:03:42.980,1.40373,1.40385,2.62,1.37
2016.02.01 11:03:43.324,1.40371,1.40383,2.25,1.50
2016.02.01 11:03:43.376,1.40372,1.40382,1.00,1.10
2016.02.01 11:03:43.579,1.40371,1.40382,1.87,1.20
2016.02.01 11:03:44.526,1.40372,1.40382,1.75,1.12
2016.02.01 11:03:44.884,1.40372,1.40384,1.87,1.50
2016.02.01 11:03:45.391,1.40374,1.40384,1.50,1.12
2016.02.01 11:03:47.669,1.40374,1.40386,2.62,2.32
2016.02.01 11:03:47.872,1.40376,1.40386,1.50,1.00
2016.02.01 11:03:48.394,1.40374,1.40386,3.00,1.00
2016.02.01 11:03:48.924,1.40374,1.40386,2.25,1.87
2016.02.01 11:03:49.730,1.40374,1.40386,2.62,2.25
2016.02.01 11:03:50.243,1.40374,1.40386,2.62,2.25
2016.02.01 11:03:51.953,1.40375,1.40386,1.50,1.75
2016.02.01 11:03:54.792,1.40375,1.40386,1.12,1.00
2016.02.01 11:03:55.338,1.40375,1.40386,1.37,1.12
2016.02.01 11:03:58.109,1.40375,1.40385,1.37,1.00
2016.02.01 11:03:58.663,1.40377,1.40385,1.00,1.00
2016.02.01 11:03:59.182,1.40375,1.40385,1.37,1.00
2016.02.01 11:04:00.916,1.40375,1.40386,1.50,1.12
2016.02.01 11:04:01.428,1.40375,1.40385,1.87,1.00
2016.02.01 11:04:01.936,1.40375,1.40385,1.87,1.00
2016.02.01 11:04:03.362,1.40376,1.40385,1.37,1.00
2016.02.01 11:04:03.877,1.40376,1.40385,1.12,1.00
2016.02.01 11:04:04.474,1.40377,1.40385,1.00,1.00
2016.02.01 11:04:05.076,1.40377,1.40386,1.00,1.00
2016.02.01 11:04:06.614,1.40377,1.40385,1.00,1.00
2016.02.01 11:04:07.146,1.40377,1.40386,1.00,1.00
2016.02.01 11:04:07.687,1.40376,1.40386,1.12,1.00
2016.02.01 11:04:08.397,1.40375,1.40386,1.12,1.00
2016.02.01 11:04:09.004,1.40377,1.40386,1.37,1.00
2016.02.01 11:04:09.529,1.40377,1.40386,1.12,1.00
2016.02.01 11:04:10.045,1.40377,1.40385,1.00,1.00
2016.02.01 11:04:10.505,1.40385,1.4039,1.00,1.87
2016.02.01 11:04:10.558,1.40386,1.40393,1.00,1.12
2016.02.01 11:04:10.609,1.40389,1.40394,1.00,1.00
2016.02.01 11:04:10.660,1.40389,1.40398,1.00,1.00
2016.02.01 11:04:10.711,1.40387,1.40398,1.12,1.50
2016.02.01 11:04:10.814,1.40386,1.40396,2.62,1.00
2016.02.01 11:04:11.322,1.40387,1.40398,1.12,1.20
2016.02.01 11:04:11.626,1.40387,1.40399,1.50,1.95
2016.02.01 11:04:11.934,1.40385,1.40399,1.75,1.95
2016.02.01 11:04:12.401,1.40385,1.40395,1.00,1.00
2016.02.01 11:04:12.909,1.40384,1.40394,1.12,1.12
2016.02.01 11:04:13.316,1.40385,1.40397,1.75,1.82
2016.02.01 11:04:13.844,1.40385,1.40397,1.50,1.95
2016.02.01 11:04:13.895,1.40385,1.40397,1.50,1.57
2016.02.01 11:04:14.504,1.40385,1.40397,1.12,1.85
2016.02.01 11:04:15.011,1.40386,1.40396,1.00,1.00
2016.02.01 11:04:17.230,1.40386,1.40398,1.50,1.20
2016.02.01 11:04:17.383,1.40388,1.40398,1.12,1.00
2016.02.01 11:04:17.636,1.4039,1.40398,1.00,1.00
2016.02.01 11:04:17.976,1.40388,1.40398,1.87,1.00
2016.02.01 11:04:18.027,1.40388,1.40398,1.87,1.00
2016.02.01 11:04:18.131,1.40388,1.40401,1.87,1.82
2016.02.01 11:04:18.436,1.40388,1.40397,1.12,1.37
2016.02.01 11:04:18.538,1.40385,1.40397,1.07,1.50
2016.02.01 11:04:18.640,1.40387,1.40398,1.37,1.20
2016.02.01 11:04:18.742,1.40387,1.404,1.50,3.00
2016.02.01 11:04:19.275,1.40387,1.40399,1.37,1.20
2016.02.01 11:04:20.138,1.40388,1.40398,1.12,1.00
2016.02.01 11:04:20.602,1.40388,1.40399,1.00,4.20
2016.02.01 11:04:20.856,1.40385,1.40397,1.50,2.32
2016.02.01 11:04:21.110,1.40387,1.40399,1.37,2.32
2016.02.01 11:04:21.637,1.40388,1.40398,1.50,1.00
2016.02.01 11:04:23.305,1.40388,1.40399,1.50,1.20
2016.02.01 11:04:23.712,1.40388,1.40398,1.50,1.00
2016.02.01 11:04:24.068,1.40389,1.40398,1.45,1.00
2016.02.01 11:04:24.221,1.40394,1.40404,1.00,1.12
2016.02.01 11:04:24.324,1.40396,1.40406,1.00,1.00
2016.02.01 11:04:24.629,1.40397,1.4041,1.50,1.85
2016.02.01 11:04:25.034,1.40397,1.40409,1.75,1.12
2016.02.01 11:04:25.136,1.40397,1.40404,1.50,1.00
2016.02.01 11:04:25.284,1.4039,1.404,1.00,2.70
2016.02.01 11:04:25.335,1.40394,1.40402,1.12,4.20
2016.02.01 11:04:25.386,1.40394,1.40402,1.12,2.32
2016.02.01 11:04:25.438,1.40391,1.40402,1.00,1.20
2016.02.01 11:04:25.539,1.40391,1.40403,1.12,1.95
2016.02.01 11:04:25.641,1.4039,1.40401,1.12,1.20
2016.02.01 11:04:26.151,1.40389,1.404,1.75,1.57
2016.02.01 11:04:26.350,1.40389,1.40401,1.12,1.20
2016.02.01 11:04:26.655,1.40387,1.40394,1.12,1.00
2016.02.01 11:04:26.861,1.40382,1.40394,1.75,2.25
2016.02.01 11:04:26.963,1.40381,1.40392,1.87,1.00
2016.02.01 11:04:28.366,1.40381,1.40394,1.95,1.00
2016.02.01 11:04:28.621,1.40388,1.40396,1.00,1.00
2016.02.01 11:04:28.837,1.40386,1.40399,1.87,1.57
2016.02.01 11:04:28.939,1.40388,1.404,1.37,1.95
2016.02.01 11:04:29.245,1.40386,1.40398,1.37,2.32
2016.02.01 11:04:29.347,1.40385,1.40397,1.87,1.20
2016.02.01 11:04:29.652,1.40386,1.40399,1.75,1.95
2016.02.01 11:04:30.351,1.40389,1.40395,1.00,1.50
2016.02.01 11:04:30.554,1.40385,1.40395,1.10,1.00
2016.02.01 11:04:30.605,1.40385,1.40396,1.20,1.87
2016.02.01 11:04:30.707,1.40387,1.40398,1.87,1.50
2016.02.01 11:04:30.809,1.40387,1.404,1.87,1.57
2016.02.01 11:04:30.861,1.4039,1.404,1.00,1.20
2016.02.01 11:04:31.043,1.40387,1.404,1.87,1.20
2016.02.01 11:04:31.550,1.40389,1.40399,1.00,1.10
2016.02.01 11:04:32.056,1.40388,1.40398,1.00,1.00
2016.02.01 11:04:32.562,1.40387,1.404,1.87,1.45
2016.02.01 11:04:32.968,1.40387,1.40397,1.75,1.50
2016.02.01 11:04:33.474,1.40389,1.40396,1.00,3.00
2016.02.01 11:04:33.810,1.40384,1.40393,1.12,1.00
2016.02.01 11:04:33.861,1.40385,1.40393,1.00,1.00
2016.02.01 11:04:34.371,1.40385,1.40395,1.00,1.87
2016.02.01 11:04:34.473,1.40388,1.40396,1.00,1.20
2016.02.01 11:04:34.575,1.40389,1.40398,1.00,1.12
2016.02.01 11:04:34.626,1.40389,1.40401,1.87,1.57
2016.02.01 11:04:35.140,1.4039,1.40403,1.75,1.95
2016.02.01 11:04:35.349,1.40392,1.40405,1.75,1.95
2016.02.01 11:04:35.757,1.4039,1.40402,1.12,1.20
2016.02.01 11:04:35.860,1.40388,1.40402,2.62,1.82
2016.02.01 11:04:35.962,1.40388,1.40401,2.62,1.20
2016.02.01 11:04:36.556,1.4039,1.404,1.00,2.32
2016.02.01 11:04:36.861,1.40386,1.404,1.87,2.70
2016.02.01 11:04:37.623,1.40385,1.40397,1.75,1.12
2016.02.01 11:04:37.776,1.40385,1.40395,1.12,1.00
2016.02.01 11:04:37.879,1.40383,1.40395,1.87,2.25
2016.02.01 11:04:38.032,1.40383,1.40395,1.75,2.62
2016.02.01 11:04:38.797,1.40383,1.40395,1.75,3.75
2016.02.01 11:04:39.339,1.40384,1.40394,1.00,1.12
2016.02.01 11:04:39.492,1.40388,1.40396,1.00,1.12
2016.02.01 11:04:39.543,1.40388,1.404,1.50,3.94
2016.02.01 11:04:39.848,1.40387,1.40399,1.50,1.82
2016.02.01 11:04:40.329,1.40384,1.40396,1.75,1.50
2016.02.01 11:04:40.585,1.40382,1.40393,1.00,1.50
2016.02.01 11:04:40.636,1.40381,1.4039,1.37,1.00
2016.02.01 11:04:41.680,1.40378,1.4039,1.87,1.12
2016.02.01 11:04:41.782,1.40379,1.40389,1.00,1.00
2016.02.01 11:04:42.137,1.40376,1.40386,1.12,1.00
2016.02.01 11:04:42.442,1.4037,1.40382,1.85,2.25
2016.02.01 11:04:42.986,1.40369,1.40381,1.75,1.57
2016.02.01 11:04:43.190,1.40371,1.40384,1.87,1.45
2016.02.01 11:04:43.495,1.40373,1.40384,1.75,1.10
2016.02.01 11:04:43.764,1.40376,1.40386,1.12,1.00
2016.02.01 11:04:44.376,1.40376,1.40386,1.75,1.00
2016.02.01 11:04:44.885,1.40374,1.40386,1.15,1.10
2016.02.01 11:04:46.593,1.40373,1.40386,1.89,1.47
2016.02.01 11:04:47.099,1.40372,1.40386,1.79,1.95
2016.02.01 11:04:48.181,1.40371,1.40384,1.20,1.50
2016.02.01 11:04:48.688,1.40373,1.40383,1.00,1.00
2016.02.01 11:04:49.285,1.40371,1.40384,1.98,1.37
2016.02.01 11:04:49.488,1.40373,1.40385,1.20,1.87
2016.02.01 11:04:49.994,1.40375,1.40386,1.37,1.50
2016.02.01 11:04:54.489,1.40373,1.40386,1.15,1.37
2016.02.01 11:04:54.591,1.40377,1.40387,1.00,3.37
2016.02.01 11:04:55.126,1.40374,1.40386,1.95,1.37
2016.02.01 11:04:55.670,1.40377,1.40387,1.00,2.62
2016.02.01 11:04:55.976,1.40375,1.40387,1.75,1.50
2016.02.01 11:04:56.078,1.40377,1.40387,1.00,1.87
2016.02.01 11:04:56.585,1.40375,1.40387,1.37,1.87
2016.02.01 11:04:56.986,1.4037,1.40383,2.70,1.12
2016.02.01 11:04:57.088,1.4037,1.40383,1.20,3.07
2016.02.01 11:04:57.291,1.4037,1.40382,1.37,1.57
2016.02.01 11:04:57.798,1.40369,1.40381,1.37,1.57
2016.02.01 11:04:58.304,1.40369,1.40381,1.75,1.12
2016.02.01 11:04:59.013,1.40369,1.40381,1.12,1.50
2016.02.01 11:04:59.470,1.40373,1.40382,1.00,2.62
2016.02.01 11:04:59.660,1.4037,1.40381,1.37,1.37
2016.02.01 11:05:00.523,1.40368,1.40379,1.75,1.00
2016.02.01 11:05:00.676,1.40369,1.40379,1.00,2.25
2016.02.01 11:05:00.821,1.40368,1.40378,1.12,1.12
2016.02.01 11:05:00.873,1.40366,1.40378,1.87,2.32
2016.02.01 11:05:01.381,1.40365,1.40377,1.75,1.12
2016.02.01 11:05:01.940,1.40365,1.40376,1.12,1.00
2016.02.01 11:05:01.991,1.40364,1.40376,1.12,1.87
2016.02.01 11:05:02.702,1.40364,1.40374,1.12,1.00
2016.02.01 11:05:04.278,1.40363,1.40376,1.20,1.95
2016.02.01 11:05:04.938,1.40364,1.40374,1.12,1.00
2016.02.01 11:05:05.294,1.40364,1.40373,1.12,1.00
2016.02.01 11:05:05.497,1.40364,1.40373,1.12,1.00
2016.02.01 11:05:05.599,1.40364,1.40375,1.12,2.62
2016.02.01 11:05:06.940,1.40365,1.40376,1.00,2.32
2016.02.01 11:05:06.992,1.40364,1.40376,2.32,1.87
2016.02.01 11:05:07.634,1.40365,1.40377,1.12,1.57
2016.02.01 11:05:08.182,1.40364,1.40376,2.32,1.50
2016.02.01 11:05:09.235,1.40364,1.40376,1.95,1.87
2016.02.01 11:05:09.337,1.40363,1.40374,1.20,1.12
2016.02.01 11:05:09.541,1.40362,1.40372,1.12,1.00
2016.02.01 11:05:09.592,1.40363,1.40372,1.00,1.00
2016.02.01 11:05:09.744,1.40361,1.40372,1.00,2.25
2016.02.01 11:05:10.244,1.40361,1.40373,1.87,1.00
2016.02.01 11:05:10.752,1.40363,1.40375,1.50,2.25
2016.02.01 11:05:11.058,1.40363,1.40375,1.50,2.25
2016.02.01 11:05:12.233,1.40363,1.40375,1.75,1.50
2016.02.01 11:05:13.158,1.40364,1.40374,1.12,1.00
2016.02.01 11:05:13.462,1.40365,1.40375,1.87,1.12
2016.02.01 11:05:13.513,1.40367,1.40375,1.50,1.00
2016.02.01 11:05:13.615,1.4037,1.40377,1.37,1.00
2016.02.01 11:05:13.717,1.4037,1.40383,1.87,1.95
2016.02.01 11:05:13.819,1.40374,1.40384,1.37,1.00
2016.02.01 11:05:13.972,1.40376,1.40386,1.50,1.00
2016.02.01 11:05:14.479,1.40377,1.40387,1.00,1.12
2016.02.01 11:05:15.230,1.40376,1.40387,1.75,1.00
2016.02.01 11:05:15.433,1.40377,1.40389,1.50,1.50
2016.02.01 11:05:15.585,1.40378,1.4039,3.00,1.00
2016.02.01 11:05:15.637,1.40381,1.4039,1.37,1.00
2016.02.01 11:05:16.144,1.40382,1.40391,1.12,1.12
2016.02.01 11:05:16.600,1.40381,1.40391,1.50,1.37
2016.02.01 11:05:17.259,1.40379,1.40387,1.82,1.50
2016.02.01 11:05:17.502,1.40373,1.40385,1.12,1.87
2016.02.01 11:05:17.554,1.40371,1.40383,2.70,1.00
2016.02.01 11:05:17.859,1.40375,1.40385,1.75,1.12
2016.02.01 11:05:18.366,1.40375,1.40387,1.75,1.50
2016.02.01 11:05:19.966,1.40375,1.40388,1.75,1.87
2016.02.01 11:05:20.477,1.40374,1.40386,1.85,1.50
2016.02.01 11:05:21.629,1.40375,1.40386,1.87,1.37
2016.02.01 11:05:22.187,1.40375,1.40385,2.25,1.12
2016.02.01 11:05:22.491,1.40375,1.40385,2.25,1.50
2016.02.01 11:05:22.761,1.40375,1.40385,2.25,1.00
2016.02.01 11:05:23.362,1.40375,1.40385,1.00,1.37
2016.02.01 11:05:23.870,1.40375,1.40385,1.50,1.50
2016.02.01 11:05:24.260,1.40373,1.40383,2.62,1.37
2016.02.01 11:05:24.431,1.40371,1.40383,2.62,1.87
2016.02.01 11:05:25.102,1.40374,1.40383,1.00,1.37
2016.02.01 11:05:25.153,1.40374,1.40383,1.37,1.12
2016.02.01 11:05:25.356,1.40377,1.40385,1.12,1.18
2016.02.01 11:05:25.458,1.40377,1.40387,1.12,1.18
2016.02.01 11:05:25.560,1.40377,1.40387,2.32,1.00
2016.02.01 11:05:25.865,1.40381,1.40391,1.00,1.45
2016.02.01 11:05:26.865,1.40379,1.40392,2.32,3.43
2016.02.01 11:05:27.172,1.40382,1.40387,1.12,1.00
2016.02.01 11:05:27.477,1.40383,1.40389,1.75,1.00
2016.02.01 11:05:27.916,1.40384,1.40391,1.00,1.00
2016.02.01 11:05:29.224,1.40384,1.40391,1.00,1.37
2016.02.01 11:05:32.294,1.40381,1.40391,1.57,1.50
2016.02.01 11:05:32.345,1.40381,1.40392,1.20,1.18
2016.02.01 11:05:33.199,1.40381,1.40391,1.12,1.00
2016.02.01 11:05:33.671,1.40381,1.40393,1.50,1.43
2016.02.01 11:05:33.976,1.40375,1.40385,4.12,1.56
2016.02.01 11:05:34.078,1.40372,1.40384,1.87,1.16
2016.02.01 11:05:34.585,1.40372,1.40385,1.75,2.31
2016.02.01 11:05:35.005,1.40373,1.40385,1.12,2.31
2016.02.01 11:05:35.107,1.40375,1.40386,1.00,1.91
2016.02.01 11:05:35.209,1.40375,1.40385,1.37,1.00
2016.02.01 11:05:35.418,1.40377,1.40388,1.75,1.50
2016.02.01 11:05:35.724,1.4038,1.40389,1.00,1.12
2016.02.01 11:05:36.166,1.40377,1.40386,1.95,1.00
2016.02.01 11:05:36.471,1.40373,1.40383,1.75,1.37
2016.02.01 11:05:36.984,1.40373,1.40384,1.75,1.37
2016.02.01 11:05:37.527,1.40373,1.40384,2.25,1.37
2016.02.01 11:05:37.629,1.40376,1.40384,1.00,1.50
2016.02.01 11:05:37.782,1.40377,1.40388,1.47,1.75
2016.02.01 11:05:37.833,1.40377,1.40389,3.07,1.12
2016.02.01 11:05:37.995,1.40379,1.40391,1.37,3.37
2016.02.01 11:05:38.198,1.40379,1.40391,2.32,2.25
2016.02.01 11:05:43.097,1.4038,1.40392,1.87,2.62
2016.02.01 11:05:44.236,1.40381,1.40392,1.75,1.50
2016.02.01 11:05:44.337,1.40382,1.40392,1.12,1.12
2016.02.01 11:05:44.439,1.40382,1.40395,1.75,2.25
2016.02.01 11:05:44.805,1.40382,1.40395,1.12,2.25
2016.02.01 11:05:45.354,1.40381,1.40393,2.62,1.50
2016.02.01 11:05:45.870,1.40381,1.40392,2.62,1.37
2016.02.01 11:05:45.921,1.40381,1.40392,2.25,1.75
2016.02.01 11:05:46.082,1.40375,1.40385,1.20,1.00
2016.02.01 11:05:46.286,1.40368,1.40378,1.50,1.20
2016.02.01 11:05:46.641,1.40369,1.40377,1.50,1.10
2016.02.01 11:05:46.743,1.4037,1.40379,1.75,1.10
2016.02.01 11:05:47.098,1.4037,1.4038,1.87,1.10
2016.02.01 11:05:47.250,1.40374,1.40382,1.00,1.10
2016.02.01 11:05:48.428,1.40373,1.40383,1.50,1.57
2016.02.01 11:05:48.814,1.40373,1.40384,1.87,1.47
2016.02.01 11:05:49.319,1.40373,1.40383,1.87,1.00
2016.02.01 11:05:49.673,1.40373,1.40381,1.87,1.00
2016.02.01 11:05:49.725,1.40375,1.40381,1.00,1.00
2016.02.01 11:05:50.233,1.4037,1.40381,1.87,1.00
2016.02.01 11:05:50.647,1.40373,1.40381,1.87,1.00
2016.02.01 11:05:50.699,1.40373,1.40384,1.87,1.47
2016.02.01 11:05:51.218,1.40376,1.40387,1.37,1.47
2016.02.01 11:05:51.527,1.40373,1.4038,3.75,1.00
2016.02.01 11:05:51.578,1.40371,1.4038,1.57,1.00
2016.02.01 11:05:51.730,1.40368,1.4038,4.97,1.50
2016.02.01 11:05:51.849,1.40368,1.4038,1.67,1.47
2016.02.01 11:05:51.951,1.4037,1.4038,1.37,1.10
2016.02.01 11:05:52.308,1.40372,1.4038,1.37,1.00
2016.02.01 11:05:52.360,1.40373,1.40383,1.60,1.00
2016.02.01 11:05:52.512,1.40374,1.40387,1.50,2.62
2016.02.01 11:05:52.726,1.40374,1.40386,1.57,1.00
2016.02.01 11:05:53.131,1.40377,1.40387,1.37,1.95
2016.02.01 11:05:53.473,1.40374,1.40379,3.37,1.12
2016.02.01 11:05:53.524,1.40368,1.4038,4.95,1.47
2016.02.01 11:05:53.576,1.40368,1.4038,1.20,1.47
2016.02.01 11:05:53.729,1.40369,1.4038,1.00,1.47
2016.02.01 11:05:53.932,1.40369,1.40381,1.10,1.20
2016.02.01 11:05:54.650,1.40369,1.40382,1.57,1.45
2016.02.01 11:05:55.170,1.40371,1.40383,1.00,1.50
2016.02.01 11:05:55.322,1.40371,1.40384,1.37,1.75
2016.02.01 11:05:55.627,1.40375,1.40385,1.37,1.00
2016.02.01 11:05:56.099,1.40376,1.40387,1.12,1.87
2016.02.01 11:05:56.404,1.40378,1.40382,1.00,1.12
2016.02.01 11:05:56.506,1.4037,1.40381,1.00,1.47
2016.02.01 11:05:56.557,1.40373,1.40381,3.75,1.47
2016.02.01 11:05:56.709,1.40369,1.40382,1.37,1.57
2016.02.01 11:05:56.811,1.40369,1.40382,1.50,1.45
2016.02.01 11:05:57.630,1.40369,1.40381,1.37,1.07
2016.02.01 11:05:58.136,1.40369,1.40382,1.37,2.62
2016.02.01 11:05:58.664,1.40369,1.40382,1.37,2.62
2016.02.01 11:05:59.223,1.40371,1.40379,1.00,1.12
2016.02.01 11:05:59.767,1.40371,1.40379,1.00,1.95
2016.02.01 11:06:00.072,1.40365,1.40374,1.87,1.12
2016.02.01 11:06:00.123,1.40367,1.40374,1.00,1.12
2016.02.01 11:06:00.225,1.40367,1.40375,1.87,1.00
2016.02.01 11:06:01.037,1.40371,1.40381,1.37,1.57
2016.02.01 11:06:01.139,1.40371,1.40383,1.37,2.62
2016.02.01 11:06:01.646,1.40373,1.40383,1.12,2.32
2016.02.01 11:06:01.841,1.40371,1.40381,3.75,1.87
2016.02.01 11:06:02.045,1.40371,1.40379,1.00,1.12
2016.02.01 11:06:02.554,1.40368,1.40382,2.32,1.57
2016.02.01 11:06:03.106,1.4037,1.40382,1.37,1.20
2016.02.01 11:06:03.631,1.4037,1.40381,2.25,1.00
2016.02.01 11:06:03.733,1.4037,1.40381,1.50,1.12
2016.02.01 11:06:03.784,1.40367,1.40375,1.20,1.00
2016.02.01 11:06:03.937,1.40365,1.40373,1.12,1.00
2016.02.01 11:06:04.039,1.40364,1.40373,1.20,1.00
2016.02.01 11:06:04.472,1.40361,1.40373,3.45,1.37
2016.02.01 11:06:04.981,1.40364,1.40373,1.00,1.47
2016.02.01 11:06:05.493,1.40364,1.40373,1.00,1.47
2016.02.01 11:06:07.745,1.40363,1.40368,1.37,1.00
2016.02.01 11:06:07.886,1.40358,1.40368,3.07,1.00
2016.02.01 11:06:08.090,1.40358,1.40368,1.12,1.20
2016.02.01 11:06:08.192,1.40357,1.40368,2.25,2.32
2016.02.01 11:06:08.700,1.40353,1.40367,2.32,2.32
2016.02.01 11:06:09.037,1.40355,1.40367,1.87,1.57
2016.02.01 11:06:09.652,1.40356,1.40368,2.62,2.32
2016.02.01 11:06:11.065,1.40356,1.40368,3.37,1.95
2016.02.01 11:06:11.370,1.40356,1.40364,1.87,1.00
2016.02.01 11:06:11.574,1.40357,1.40364,1.00,1.37
2016.02.01 11:06:12.081,1.40354,1.40364,1.87,1.37
2016.02.01 11:06:12.277,1.40357,1.40364,1.75,1.00
2016.02.01 11:06:13.240,1.40357,1.40368,2.25,1.37
2016.02.01 11:06:14.070,1.40357,1.40368,2.25,1.45
2016.02.01 11:06:15.189,1.40357,1.40368,1.75,1.45
2016.02.01 11:06:15.696,1.40358,1.40368,1.00,2.25
2016.02.01 11:06:16.202,1.40358,1.40368,1.00,2.25
2016.02.01 11:06:19.186,1.40357,1.40366,1.00,1.47
2016.02.01 11:06:19.718,1.40358,1.40368,1.00,2.25
2016.02.01 11:06:20.220,1.40358,1.40368,1.00,2.25
2016.02.01 11:06:20.351,1.4036,1.40369,1.00,1.75
2016.02.01 11:06:20.656,1.4036,1.40372,1.50,2.25
2016.02.01 11:06:21.296,1.4036,1.4037,1.50,1.10
2016.02.01 11:06:22.446,1.40359,1.40369,1.75,1.00
2016.02.01 11:06:22.498,1.40358,1.40365,1.85,1.00
2016.02.01 11:06:22.904,1.40355,1.40365,1.12,1.95
2016.02.01 11:06:23.397,1.40356,1.40365,1.00,1.95
2016.02.01 11:06:23.499,1.40358,1.40365,1.00,1.47
2016.02.01 11:06:23.904,1.40355,1.40365,1.75,1.00
2016.02.01 11:06:24.412,1.40355,1.40365,1.75,1.00
2016.02.01 11:06:24.514,1.40356,1.40365,1.12,1.00
2016.02.01 11:06:25.133,1.40356,1.40367,1.12,1.12
2016.02.01 11:06:25.495,1.40361,1.4037,1.37,2.25
2016.02.01 11:06:25.546,1.40361,1.4037,1.87,1.12
2016.02.01 11:06:25.597,1.40361,1.4037,2.25,1.00
2016.02.01 11:06:26.020,1.40359,1.4037,2.70,1.00
2016.02.01 11:06:26.121,1.40359,1.4037,2.25,1.37
2016.02.01 11:06:33.954,1.40361,1.40368,1.00,1.00
2016.02.01 11:06:36.761,1.4036,1.40368,1.00,1.50
2016.02.01 11:06:39.263,1.40358,1.40368,1.75,1.12
2016.02.01 11:06:44.483,1.40357,1.40367,1.12,1.00
2016.02.01 11:06:44.587,1.40357,1.40366,1.00,1.37
2016.02.01 11:06:44.843,1.40355,1.40365,1.00,1.57
2016.02.01 11:06:45.839,1.40353,1.40364,1.75,1.47
2016.02.01 11:06:46.744,1.40351,1.40362,1.87,1.37
2016.02.01 11:06:46.898,1.40353,1.40362,1.00,1.82
2016.02.01 11:06:47.407,1.40352,1.40362,1.00,2.70
2016.02.01 11:06:48.238,1.40352,1.40362,1.00,2.70
2016.02.01 11:06:48.955,1.40352,1.40359,1.00,1.00
2016.02.01 11:06:49.057,1.40352,1.40362,1.00,2.70
2016.02.01 11:06:49.608,1.4035,1.40362,2.25,1.95
2016.02.01 11:06:49.660,1.4035,1.40361,1.00,1.57
2016.02.01 11:06:49.762,1.40348,1.4036,1.20,1.50
2016.02.01 11:06:49.865,1.40348,1.40358,1.00,1.57
2016.02.01 11:06:50.758,1.40348,1.40357,1.00,1.47
2016.02.01 11:06:51.766,1.40345,1.40357,1.75,2.62
2016.02.01 11:06:52.084,1.40345,1.40353,1.12,1.00
2016.02.01 11:06:52.135,1.40345,1.40353,1.50,1.00
2016.02.01 11:06:52.238,1.40348,1.40356,1.00,1.12
2016.02.01 11:06:52.289,1.40348,1.40358,1.37,1.95
2016.02.01 11:06:52.340,1.40348,1.40358,1.50,1.20
2016.02.01 11:06:52.857,1.40348,1.40358,1.50,1.12
2016.02.01 11:06:54.169,1.40348,1.40358,1.50,1.37
2016.02.01 11:06:55.165,1.40348,1.40357,1.50,1.37
2016.02.01 11:06:56.365,1.40349,1.40359,1.12,1.50
2016.02.01 11:06:57.229,1.40345,1.40353,1.50,1.00
2016.02.01 11:06:57.433,1.40344,1.40353,1.75,1.50
2016.02.01 11:06:57.980,1.40344,1.40353,1.75,1.50
2016.02.01 11:06:58.336,1.40344,1.40353,1.12,1.00
2016.02.01 11:06:58.387,1.40344,1.40353,1.37,1.00
2016.02.01 11:06:58.714,1.40346,1.40354,1.87,1.00
2016.02.01 11:06:59.135,1.40346,1.40356,1.87,1.12
2016.02.01 11:06:59.497,1.40347,1.40356,1.00,1.00
2016.02.01 11:07:00.020,1.40347,1.40357,1.00,1.95
2016.02.01 11:07:01.899,1.40346,1.40357,1.75,1.10
2016.02.01 11:07:02.618,1.40348,1.40358,1.00,1.95
2016.02.01 11:07:03.075,1.40344,1.40356,1.85,1.57
2016.02.01 11:07:03.481,1.40345,1.40354,1.00,1.37
2016.02.01 11:07:03.646,1.40343,1.40352,1.00,1.12
2016.02.01 11:07:03.698,1.40342,1.40351,1.37,1.47
2016.02.01 11:07:04.207,1.40342,1.40351,1.00,1.47
2016.02.01 11:07:05.830,1.40341,1.40353,1.50,2.25
2016.02.01 11:07:06.159,1.40341,1.40352,2.25,1.10
2016.02.01 11:07:06.312,1.40343,1.40352,1.00,1.47
2016.02.01 11:07:06.515,1.40339,1.40351,1.12,2.25
2016.02.01 11:07:06.617,1.40337,1.40349,1.87,2.25
2016.02.01 11:07:07.125,1.40339,1.40348,1.00,1.00
2016.02.01 11:07:07.177,1.40339,1.40348,1.00,1.37
2016.02.01 11:07:08.362,1.40339,1.40348,1.00,1.07
2016.02.01 11:07:08.869,1.4034,1.40349,1.00,1.57
2016.02.01 11:07:14.399,1.4034,1.40346,1.00,1.00
2016.02.01 11:07:14.552,1.40335,1.40346,1.20,1.12
2016.02.01 11:07:14.603,1.40336,1.40344,1.00,1.00
2016.02.01 11:07:14.705,1.40332,1.40342,1.50,1.20
2016.02.01 11:07:15.012,1.4033,1.40342,1.87,1.95
2016.02.01 11:07:15.063,1.4033,1.40341,1.87,1.20
2016.02.01 11:07:15.714,1.4033,1.4034,1.75,1.00
2016.02.01 11:07:16.222,1.4033,1.4034,1.50,1.20
2016.02.01 11:07:18.755,1.4033,1.40341,1.50,1.10
2016.02.01 11:07:19.262,1.40331,1.40341,1.00,1.10
2016.02.01 11:07:19.769,1.4033,1.40341,1.75,1.10
2016.02.01 11:07:20.225,1.4033,1.4034,1.00,1.50
2016.02.01 11:07:20.277,1.40328,1.40338,1.00,1.00
2016.02.01 11:07:20.581,1.40329,1.40338,1.37,1.20
2016.02.01 11:07:21.579,1.40329,1.40338,1.75,1.10
2016.02.01 11:07:21.731,1.40329,1.40341,1.75,1.07
2016.02.01 11:07:22.583,1.4033,1.40342,1.12,2.62
2016.02.01 11:07:26.908,1.4033,1.40341,1.87,1.10
2016.02.01 11:07:28.383,1.40332,1.40343,1.75,1.29
2016.02.01 11:07:28.688,1.40337,1.40345,1.75,1.00
2016.02.01 11:07:29.220,1.40336,1.40345,2.62,1.00
2016.02.01 11:07:29.374,1.40338,1.40345,1.00,1.10
2016.02.01 11:07:29.884,1.40334,1.40345,1.87,1.74
2016.02.01 11:07:30.428,1.40334,1.40345,1.75,1.70
2016.02.01 11:07:30.530,1.40333,1.40345,1.75,1.70
2016.02.01 11:07:30.632,1.40333,1.40345,1.75,2.00
2016.02.01 11:07:31.139,1.40333,1.40344,1.75,2.00
2016.02.01 11:07:31.262,1.40334,1.40344,1.00,2.37
2016.02.01 11:07:31.768,1.40333,1.40343,1.00,2.37
2016.02.01 11:07:32.287,1.40333,1.40342,1.00,1.14
2016.02.01 11:07:32.990,1.40334,1.40344,1.37,1.75
2016.02.01 11:07:33.091,1.40335,1.40344,1.12,1.07
2016.02.01 11:07:33.142,1.40335,1.40344,1.50,1.07
2016.02.01 11:07:33.447,1.40335,1.40344,1.87,1.00
2016.02.01 11:07:33.548,1.40335,1.40348,1.87,1.62
2016.02.01 11:07:35.887,1.40338,1.40348,1.75,1.62
2016.02.01 11:07:35.989,1.40338,1.40348,1.87,1.60
2016.02.01 11:07:37.067,1.40338,1.40348,1.87,1.00
2016.02.01 11:07:41.098,1.40338,1.40348,1.75,1.50
2016.02.01 11:07:43.392,1.40338,1.40348,1.87,1.87
2016.02.01 11:07:45.572,1.40336,1.40348,2.70,1.50
2016.02.01 11:07:45.623,1.40339,1.40343,1.00,1.00
2016.02.01 11:07:45.776,1.40333,1.40343,1.95,1.00
2016.02.01 11:07:46.283,1.40333,1.40342,1.12,1.00
2016.02.01 11:07:46.823,1.40336,1.40343,1.00,1.50
2016.02.01 11:07:47.129,1.40335,1.40343,1.12,1.87
2016.02.01 11:07:47.383,1.40337,1.40346,2.25,1.12
2016.02.01 11:07:47.486,1.4034,1.40348,1.00,1.00
2016.02.01 11:07:47.537,1.40341,1.40351,1.00,1.37
2016.02.01 11:07:47.639,1.4034,1.40352,2.25,2.25
2016.02.01 11:07:47.804,1.4034,1.4035,1.37,1.00
2016.02.01 11:07:47.906,1.40338,1.40349,1.12,2.32
2016.02.01 11:07:48.934,1.4034,1.40349,1.00,1.87
2016.02.01 11:07:49.839,1.4034,1.40349,1.00,2.62
2016.02.01 11:07:51.472,1.40337,1.40349,1.75,3.00
2016.02.01 11:07:55.659,1.4034,1.40349,1.00,2.62
2016.02.01 11:07:57.718,1.40337,1.40347,1.75,1.00
2016.02.01 11:07:58.073,1.40337,1.40344,1.00,1.12
2016.02.01 11:07:58.380,1.4033,1.40334,1.00,1.00
2016.02.01 11:07:58.533,1.40326,1.40334,1.00,1.20
2016.02.01 11:07:59.042,1.40327,1.40335,1.00,1.07
2016.02.01 11:07:59.348,1.40327,1.40336,1.00,1.00
2016.02.01 11:08:00.672,1.40328,1.40336,1.12,1.00
2016.02.01 11:08:00.839,1.40331,1.4034,1.00,1.50
2016.02.01 11:08:01.346,1.40328,1.40338,1.75,1.10
2016.02.01 11:08:01.448,1.40325,1.40338,1.87,1.10
2016.02.01 11:08:01.499,1.40325,1.40336,1.87,1.00
2016.02.01 11:08:01.653,1.40326,1.40336,1.00,1.50
2016.02.01 11:08:01.958,1.40325,1.40337,2.62,1.07
2016.02.01 11:08:02.049,1.40326,1.40338,1.37,1.07
2016.02.01 11:08:02.151,1.40326,1.40337,1.12,1.10
2016.02.01 11:08:02.659,1.40326,1.40338,1.12,1.10
2016.02.01 11:08:04.568,1.40325,1.40338,1.87,2.32
2016.02.01 11:08:04.894,1.40323,1.40334,1.75,1.00
2016.02.01 11:08:05.199,1.40326,1.40337,1.12,1.10
2016.02.01 11:08:05.728,1.40325,1.40338,2.62,1.07
2016.02.01 11:08:08.204,1.40327,1.40337,1.75,1.10
2016.02.01 11:08:08.947,1.4033,1.40338,1.00,1.57
2016.02.01 11:08:15.726,1.40334,1.4034,1.00,1.44
2016.02.01 11:08:15.935,1.40338,1.40348,1.50,2.49
2016.02.01 11:08:15.986,1.40338,1.40348,1.75,1.44
2016.02.01 11:08:16.595,1.40338,1.40349,1.87,1.06
2016.02.01 11:08:16.697,1.40338,1.40348,1.75,1.06
2016.02.01 11:08:17.248,1.40338,1.40348,1.50,1.76
2016.02.01 11:08:17.759,1.40338,1.40348,1.50,1.06
2016.02.01 11:08:18.403,1.40338,1.40347,1.50,1.06
2016.02.01 11:08:20.326,1.40335,1.40346,1.12,2.09
2016.02.01 11:08:20.428,1.40333,1.40345,1.12,1.20
2016.02.01 11:08:20.479,1.40332,1.40345,1.75,1.45
2016.02.01 11:08:20.531,1.40332,1.40343,1.12,1.47
2016.02.01 11:08:20.683,1.4033,1.40341,1.12,1.07
2016.02.01 11:08:20.785,1.40329,1.40341,1.75,1.20
2016.02.01 11:08:20.989,1.4033,1.40341,1.12,1.07
2016.02.01 11:08:21.395,1.40333,1.40339,1.00,1.37
2016.02.01 11:08:21.497,1.40328,1.40337,1.12,1.07
2016.02.01 11:08:21.598,1.40329,1.40335,1.00,1.07
2016.02.01 11:08:21.706,1.40324,1.40335,1.75,1.20
2016.02.01 11:08:22.215,1.40326,1.40334,1.00,1.20
2016.02.01 11:08:23.918,1.40325,1.40335,1.12,1.45
2016.02.01 11:08:24.494,1.40325,1.40335,1.12,1.45
2016.02.01 11:08:25.324,1.40324,1.40334,1.75,1.00
2016.02.01 11:08:25.869,1.40324,1.40335,1.75,1.20
2016.02.01 11:08:27.428,1.40324,1.40337,1.87,1.50
2016.02.01 11:08:28.329,1.4033,1.40338,1.00,3.00
2016.02.01 11:08:29.866,1.40329,1.40333,1.00,1.00
2016.02.01 11:08:30.387,1.40326,1.40333,1.75,1.00
2016.02.01 11:08:31.920,1.40324,1.40333,1.75,1.00
2016.02.01 11:08:37.948,1.40323,1.40333,1.75,1.12
2016.02.01 11:08:38.479,1.40326,1.40333,1.00,1.20
2016.02.01 11:08:45.928,1.40326,1.40334,1.00,1.45
2016.02.01 11:08:46.633,1.40325,1.40334,1.75,1.20
2016.02.01 11:08:46.786,1.40325,1.40335,1.75,1.95
2016.02.01 11:08:47.444,1.40331,1.40335,1.00,1.10
2016.02.01 11:08:47.647,1.40333,1.40344,1.75,1.00
2016.02.01 11:08:47.749,1.40335,1.40344,1.12,1.00
2016.02.01 11:08:47.851,1.40337,1.40346,1.75,1.50
2016.02.01 11:08:47.953,1.40342,1.40346,1.00,1.50
2016.02.01 11:08:48.251,1.40342,1.40353,1.87,1.57
2016.02.01 11:08:48.359,1.40344,1.40353,1.12,1.50
2016.02.01 11:08:48.565,1.40346,1.40353,1.12,1.00
2016.02.01 11:08:48.667,1.40347,1.40353,1.50,1.00
2016.02.01 11:08:49.172,1.40346,1.40353,1.75,1.00
2016.02.01 11:08:49.527,1.40346,1.40357,1.75,1.07
2016.02.01 11:08:51.446,1.40347,1.40357,1.00,1.07
2016.02.01 11:08:51.599,1.40347,1.40355,1.00,1.07
2016.02.01 11:08:58.791,1.40347,1.40355,1.00,1.10
2016.02.01 11:08:59.952,1.40347,1.40355,1.00,1.07
2016.02.01 11:09:00.285,1.40347,1.40358,1.75,1.00
2016.02.01 11:09:00.440,1.40351,1.4036,1.00,1.12
2016.02.01 11:09:00.950,1.40352,1.4036,1.00,1.12
2016.02.01 11:09:02.500,1.40348,1.4036,1.87,2.25
2016.02.01 11:09:02.551,1.40348,1.40356,1.12,1.00
2016.02.01 11:09:02.602,1.40345,1.40356,1.75,1.07
2016.02.01 11:09:03.187,1.40346,1.40353,1.00,1.00
2016.02.01 11:09:03.289,1.40342,1.40353,1.75,1.00
2016.02.01 11:09:03.493,1.40342,1.40353,1.87,1.00
2016.02.01 11:09:03.595,1.40343,1.40354,1.37,1.57
2016.02.01 11:09:03.697,1.40344,1.40354,1.12,1.10
2016.02.01 11:09:04.229,1.40344,1.40354,1.12,1.47
2016.02.01 11:09:10.270,1.40344,1.40355,1.12,1.57
2016.02.01 11:09:10.371,1.40346,1.40355,1.87,1.10
2016.02.01 11:09:10.718,1.40349,1.40357,1.12,1.00
2016.02.01 11:09:10.871,1.40349,1.40359,1.12,1.00
2016.02.01 11:09:11.723,1.40352,1.40356,1.00,1.00
2016.02.01 11:09:11.877,1.40341,1.40353,2.32,1.12
2016.02.01 11:09:12.082,1.4034,1.4035,1.12,1.00
2016.02.01 11:09:12.184,1.40342,1.4035,1.00,1.00
2016.02.01 11:09:12.696,1.40339,1.4035,1.12,1.57
2016.02.01 11:09:17.711,1.40339,1.40349,1.12,1.00
2016.02.01 11:09:22.312,1.40337,1.40349,1.85,1.87
2016.02.01 11:09:22.414,1.40338,1.40349,1.37,2.25
2016.02.01 11:09:23.230,1.40335,1.40347,2.32,1.00
2016.02.01 11:09:23.643,1.40338,1.40344,1.00,1.00
2016.02.01 11:09:23.754,1.40332,1.40343,1.20,1.87
2016.02.01 11:09:23.906,1.40331,1.40341,1.12,1.00
2016.02.01 11:09:23.957,1.40329,1.40341,1.12,1.00
2016.02.01 11:09:24.110,1.40328,1.40341,1.75,1.10
2016.02.01 11:09:24.212,1.40329,1.40341,1.12,1.10
2016.02.01 11:09:24.416,1.40331,1.4034,1.00,1.00
2016.02.01 11:09:24.937,1.40325,1.40339,1.95,1.57
2016.02.01 11:09:25.928,1.40327,1.4034,1.12,2.25
2016.02.01 11:09:26.058,1.40328,1.4034,1.75,1.95
2016.02.01 11:09:26.718,1.40326,1.40338,1.12,1.87
2016.02.01 11:09:26.821,1.40324,1.40338,1.85,2.32
2016.02.01 11:09:27.407,1.40326,1.40338,1.50,1.57
2016.02.01 11:09:27.713,1.40328,1.40339,1.87,1.00
2016.02.01 11:09:28.220,1.40329,1.4034,1.12,1.10
2016.02.01 11:09:29.523,1.4033,1.4034,1.12,1.10
2016.02.01 11:09:30.761,1.4033,1.40343,1.12,2.32
2016.02.01 11:09:31.016,1.40332,1.40343,1.12,1.07
2016.02.01 11:09:31.168,1.40332,1.40344,1.12,1.95
2016.02.01 11:09:32.314,1.40335,1.40347,1.50,1.12
2016.02.01 11:09:32.416,1.40336,1.40348,1.12,1.37
2016.02.01 11:09:32.518,1.40339,1.40349,1.37,1.57
2016.02.01 11:09:32.725,1.40339,1.40349,1.50,1.00
2016.02.01 11:09:33.264,1.40339,1.4035,1.75,1.12
2016.02.01 11:09:33.584,1.40339,1.40348,1.75,1.00
2016.02.01 11:09:39.011,1.40339,1.40349,1.12,1.00
2016.02.01 11:09:39.173,1.40333,1.40344,1.20,1.50
2016.02.01 11:09:39.275,1.40331,1.40343,3.75,1.10
2016.02.01 11:09:39.529,1.40331,1.4034,1.75,1.00
2016.02.01 11:09:39.835,1.40328,1.40336,1.00,1.95
2016.02.01 11:09:40.345,1.40323,1.40334,1.12,1.12
2016.02.01 11:09:42.126,1.40323,1.40336,1.12,1.95
2016.02.01 11:09:42.533,1.40325,1.40336,1.12,1.95
2016.02.01 11:09:44.143,1.40324,1.40336,1.12,1.87
2016.02.01 11:09:44.470,1.40322,1.40333,1.12,1.12
2016.02.01 11:09:45.281,1.40327,1.40333,1.00,1.12
2016.02.01 11:09:46.096,1.40327,1.40334,1.00,1.00
2016.02.01 11:09:46.638,1.40327,1.40335,1.00,1.12
2016.02.01 11:09:47.909,1.40327,1.40334,1.00,1.00
2016.02.01 11:09:49.007,1.40327,1.40335,1.00,2.62
2016.02.01 11:09:51.019,1.40327,1.40333,1.00,1.00
2016.02.01 11:09:51.528,1.40322,1.40333,1.12,1.00
2016.02.01 11:09:52.262,1.40321,1.40333,1.87,1.87
2016.02.01 11:09:52.772,1.40322,1.40332,1.12,1.50
2016.02.01 11:09:53.051,1.4032,1.40332,1.87,1.50
2016.02.01 11:09:53.586,1.40323,1.40331,1.00,1.12
2016.02.01 11:09:54.620,1.40321,1.40331,1.00,1.57
2016.02.01 11:09:55.526,1.40321,1.40329,1.00,1.00
2016.02.01 11:09:55.578,1.40319,1.40329,1.00,1.87
2016.02.01 11:09:55.681,1.40317,1.40327,1.00,1.87
2016.02.01 11:09:55.875,1.40309,1.40322,1.85,1.12
2016.02.01 11:09:55.926,1.40308,1.40322,1.87,2.25
2016.02.01 11:09:56.435,1.4031,1.40322,1.75,1.57
2016.02.01 11:09:56.842,1.4031,1.40324,1.88,1.57
2016.02.01 11:09:57.096,1.40315,1.40327,1.81,2.25
2016.02.01 11:09:57.402,1.4031,1.40322,2.18,1.50
2016.02.01 11:09:57.911,1.40309,1.40321,1.12,1.50
2016.02.01 11:09:58.783,1.4031,1.4032,1.00,1.12
2016.02.01 11:09:58.834,1.4031,1.4032,1.00,1.37
2016.02.01 11:09:59.141,1.40305,1.40317,1.43,1.87
2016.02.01 11:09:59.396,1.40307,1.40319,1.12,1.50
2016.02.01 11:09:59.936,1.40307,1.40319,1.12,1.50
2016.02.01 11:10:00.445,1.40307,1.40319,1.81,2.25
2016.02.01 11:10:01.079,1.40309,1.40319,1.50,1.37
2016.02.01 11:10:01.131,1.40309,1.40322,2.18,1.37
2016.02.01 11:10:01.182,1.40311,1.40323,1.37,2.62
2016.02.01 11:10:01.487,1.40309,1.4032,1.12,1.37
2016.02.01 11:10:01.597,1.40307,1.40317,1.12,1.12
2016.02.01 11:10:01.699,1.40304,1.40317,2.18,1.07
2016.02.01 11:10:02.199,1.40303,1.40315,1.43,1.10
2016.02.01 11:10:02.912,1.40303,1.40315,1.43,1.07
2016.02.01 11:10:03.015,1.40303,1.40315,1.43,1.37
2016.02.01 11:10:03.322,1.40304,1.40314,1.00,1.12
2016.02.01 11:10:03.627,1.403,1.40313,1.12,2.25
2016.02.01 11:10:04.169,1.403,1.40312,1.12,1.45
2016.02.01 11:10:04.628,1.40301,1.40311,1.12,1.07
2016.02.01 11:10:05.174,1.40301,1.40311,1.12,1.10
2016.02.01 11:10:06.539,1.40301,1.40311,1.12,1.07
2016.02.01 11:10:07.623,1.40301,1.40311,1.37,1.07
2016.02.01 11:10:08.436,1.40302,1.40312,1.12,2.32
2016.02.01 11:10:08.531,1.403,1.40312,1.12,2.70
2016.02.01 11:10:09.615,1.403,1.40312,1.37,2.32
2016.02.01 11:10:13.509,1.403,1.40312,1.12,1.95
2016.02.01 11:10:16.851,1.40302,1.40312,1.00,1.20
2016.02.01 11:10:17.359,1.40301,1.40313,1.12,1.57
2016.02.01 11:10:19.435,1.40304,1.40314,1.00,2.25
2016.02.01 11:10:23.032,1.403,1.40312,1.75,1.57
2016.02.01 11:10:23.574,1.40302,1.40312,1.50,1.57
2016.02.01 11:10:26.664,1.40301,1.40313,1.75,2.32
2016.02.01 11:10:27.219,1.40301,1.40313,1.50,1.95
2016.02.01 11:10:27.736,1.40301,1.40312,1.50,1.07
2016.02.01 11:10:36.650,1.403,1.40311,1.75,1.47
2016.02.01 11:10:37.158,1.40303,1.40312,1.00,1.45
2016.02.01 11:10:37.361,1.40301,1.40311,1.00,1.10
2016.02.01 11:10:37.899,1.40301,1.40312,1.37,1.57
2016.02.01 11:10:40.450,1.40304,1.40312,1.00,1.50
2016.02.01 11:10:40.755,1.40304,1.40314,1.87,1.07
2016.02.01 11:10:41.165,1.40306,1.40315,1.00,1.10
2016.02.01 11:10:41.766,1.40306,1.40315,1.00,1.47
2016.02.01 11:10:44.235,1.40306,1.40312,1.00,1.00
2016.02.01 11:10:44.286,1.40304,1.40312,1.00,1.00
2016.02.01 11:10:48.884,1.40301,1.40313,1.87,2.70
2016.02.01 11:10:48.986,1.40302,1.40313,1.12,2.32
2016.02.01 11:10:49.290,1.40303,1.40313,1.87,1.37
2016.02.01 11:10:49.797,1.40303,1.40313,2.25,1.12
2016.02.01 11:10:50.862,1.40304,1.40314,1.12,1.20
2016.02.01 11:10:51.173,1.40308,1.40319,1.85,1.50
2016.02.01 11:10:51.225,1.40311,1.40321,1.00,1.50
2016.02.01 11:10:51.748,1.4031,1.40322,1.12,1.00
2016.02.01 11:10:51.901,1.4031,1.40322,1.75,1.00
2016.02.01 11:10:52.930,1.40311,1.40323,1.12,1.57
2016.02.01 11:10:56.077,1.40311,1.40323,1.12,1.57
2016.02.01 11:10:56.229,1.40309,1.40319,1.12,1.10
2016.02.01 11:10:58.809,1.4031,1.4032,1.12,1.12
2016.02.01 11:10:59.318,1.4031,1.4032,1.12,1.12
2016.02.01 11:10:59.918,1.4031,1.4032,1.12,1.87
2016.02.01 11:11:00.275,1.40312,1.40321,1.10,2.62
2016.02.01 11:11:00.327,1.40309,1.4032,1.20,1.12
2016.02.01 11:11:00.431,1.4031,1.40319,1.50,1.37
2016.02.01 11:11:00.546,1.4031,1.4032,1.50,1.12
2016.02.01 11:11:00.599,1.40316,1.4032,1.00,1.12
2016.02.01 11:11:00.906,1.40318,1.40329,1.45,1.87
2016.02.01 11:11:01.413,1.40318,1.40327,1.45,1.00
2016.02.01 11:11:01.957,1.40318,1.40327,1.50,1.50
2016.02.01 11:11:02.858,1.40316,1.40329,1.87,2.62
2016.02.01 11:11:04.272,1.40316,1.40328,2.25,1.00
2016.02.01 11:11:04.779,1.40316,1.40328,1.87,1.37
2016.02.01 11:11:07.378,1.40314,1.40326,1.95,1.00
2016.02.01 11:11:07.480,1.40314,1.40325,1.57,1.12
2016.02.01 11:11:07.531,1.40312,1.40325,1.12,1.87
2016.02.01 11:11:07.582,1.40313,1.40323,1.10,1.00
2016.02.01 11:11:07.633,1.40311,1.40324,1.87,1.12
2016.02.01 11:11:08.182,1.40311,1.40321,1.57,1.00
2016.02.01 11:11:08.691,1.40311,1.40321,1.10,1.00
2016.02.01 11:11:09.403,1.40309,1.40322,1.87,1.75
2016.02.01 11:11:09.454,1.40311,1.40321,1.10,1.00
2016.02.01 11:11:09.980,1.40309,1.40322,1.87,1.75
2016.02.01 11:11:11.795,1.40309,1.40322,2.62,1.12
2016.02.01 11:11:12.304,1.40309,1.40322,2.62,1.75
2016.02.01 11:11:12.892,1.40309,1.40322,2.62,1.37
2016.02.01 11:11:13.640,1.4031,1.40322,1.87,1.37
2016.02.01 11:11:14.148,1.40312,1.40322,1.10,1.12
2016.02.01 11:11:16.012,1.40314,1.40322,1.00,1.00
2016.02.01 11:11:16.317,1.40317,1.40328,1.50,1.12
2016.02.01 11:11:16.419,1.40317,1.40328,1.12,1.50
2016.02.01 11:11:16.622,1.40314,1.40326,1.20,1.12
2016.02.01 11:11:16.673,1.40316,1.40326,1.00,1.00
2016.02.01 11:11:16.978,1.40312,1.40325,1.82,1.37
2016.02.01 11:11:17.474,1.40309,1.40322,3.00,1.00
2016.02.01 11:11:17.883,1.40309,1.40322,2.25,1.37
2016.02.01 11:11:18.399,1.40309,1.40322,2.62,1.37
2016.02.01 11:11:19.427,1.40309,1.40322,1.87,1.37
2016.02.01 11:11:20.531,1.40309,1.40322,1.87,1.37
2016.02.01 11:11:21.037,1.40312,1.40322,1.00,1.12
2016.02.01 11:11:21.546,1.40309,1.40322,1.87,1.37
2016.02.01 11:11:23.292,1.40309,1.40321,1.87,1.00
2016.02.01 11:11:25.703,1.4031,1.40322,1.95,1.61
2016.02.01 11:11:25.957,1.40313,1.40325,1.57,1.36
2016.02.01 11:11:26.110,1.40314,1.40326,1.85,1.00
2016.02.01 11:11:26.263,1.40317,1.4033,2.32,2.11
2016.02.01 11:11:26.510,1.40318,1.4033,1.85,1.00
2016.02.01 11:11:27.021,1.40318,1.4033,1.57,1.74
2016.02.01 11:11:27.646,1.40318,1.4033,1.85,1.69
2016.02.01 11:11:28.013,1.40318,1.4033,1.57,1.74
2016.02.01 11:11:28.520,1.40316,1.4033,3.37,1.74
2016.02.01 11:11:29.520,1.40317,1.4033,1.20,1.74
2016.02.01 11:11:30.047,1.40316,1.4033,3.37,2.06
2016.02.01 11:11:30.149,1.40318,1.4033,1.95,1.36
2016.02.01 11:11:31.129,1.40319,1.40331,1.95,1.36
2016.02.01 11:11:31.677,1.40319,1.40331,1.20,1.61
2016.02.01 11:11:32.227,1.40319,1.40331,2.70,1.36
2016.02.01 11:11:35.469,1.40321,1.40333,2.32,1.00
2016.02.01 11:11:35.774,1.40324,1.40334,1.82,1.00
2016.02.01 11:11:36.632,1.40324,1.40336,1.82,1.00
2016.02.01 11:11:38.541,1.40323,1.40336,4.20,1.37
2016.02.01 11:11:40.452,1.40327,1.40335,1.45,1.00
2016.02.01 11:11:40.503,1.40329,1.40339,1.50,1.50
2016.02.01 11:11:40.605,1.40329,1.40342,1.82,1.87
2016.02.01 11:11:40.656,1.40329,1.40342,2.70,1.37
2016.02.01 11:11:41.063,1.40333,1.40343,1.00,1.95
2016.02.01 11:11:41.356,1.40336,1.40347,1.47,1.50
2016.02.01 11:11:41.408,1.40337,1.40347,1.00,1.50
2016.02.01 11:11:41.459,1.40336,1.4035,2.70,2.32
2016.02.01 11:11:41.663,1.40339,1.4035,1.75,1.50
2016.02.01 11:11:42.678,1.4034,1.4035,1.50,1.37
2016.02.01 11:11:45.991,1.40337,1.40349,2.25,1.47
2016.02.01 11:11:46.499,1.40337,1.4035,1.75,1.87
2016.02.01 11:11:52.698,1.40336,1.40347,1.75,1.10
2016.02.01 11:11:54.109,1.40337,1.40349,1.75,1.75
2016.02.01 11:11:54.697,1.40337,1.40349,1.75,1.50
2016.02.01 11:11:59.196,1.40337,1.40351,1.75,3.37
2016.02.01 11:12:00.428,1.40339,1.40349,1.00,1.50
2016.02.01 11:12:00.800,1.40335,1.40344,1.12,1.95
2016.02.01 11:12:00.851,1.40333,1.40344,1.12,1.95
2016.02.01 11:12:00.902,1.4033,1.40344,1.85,2.70
2016.02.01 11:12:01.307,1.4033,1.40342,1.57,1.87
2016.02.01 11:12:01.409,1.40332,1.40342,1.00,1.87
2016.02.01 11:12:01.938,1.40331,1.40342,1.12,1.37
2016.02.01 11:12:07.331,1.4033,1.40342,1.87,1.12
2016.02.01 11:12:07.636,1.4033,1.40342,1.75,1.00
2016.02.01 11:12:12.855,1.40332,1.40343,1.37,1.10
2016.02.01 11:12:13.182,1.40344,1.40352,1.37,1.00
2016.02.01 11:12:13.287,1.40344,1.40356,2.70,1.50
2016.02.01 11:12:13.339,1.40347,1.40356,1.12,1.00
2016.02.01 11:12:13.391,1.40347,1.40358,1.12,1.12
2016.02.01 11:12:13.544,1.40349,1.40361,1.50,1.57
2016.02.01 11:12:14.206,1.40348,1.40359,1.12,1.00
2016.02.01 11:12:14.257,1.4035,1.40359,1.00,1.10
2016.02.01 11:12:14.347,1.40346,1.40359,1.12,1.87
2016.02.01 11:12:14.449,1.40344,1.40356,2.25,1.45
2016.02.01 11:12:14.551,1.40344,1.40356,2.25,1.57
2016.02.01 11:12:14.704,1.40344,1.40356,1.50,2.25
2016.02.01 11:12:15.010,1.40339,1.40351,1.75,1.37
2016.02.01 11:12:15.368,1.40339,1.40351,1.87,1.50
2016.02.01 11:12:15.871,1.40339,1.40351,1.75,1.50
2016.02.01 11:12:15.973,1.40339,1.40351,1.87,1.50
2016.02.01 11:12:16.530,1.40339,1.40351,1.75,1.37
2016.02.01 11:12:17.166,1.4034,1.4035,1.00,1.00
2016.02.01 11:12:17.702,1.40337,1.40351,3.07,1.12
2016.02.01 11:12:18.382,1.40338,1.40351,1.75,1.37
2016.02.01 11:12:18.889,1.40338,1.40351,1.75,1.00
2016.02.01 11:12:19.957,1.4034,1.40352,1.00,1.95
2016.02.01 11:12:20.059,1.40338,1.4035,1.87,1.00
2016.02.01 11:12:20.566,1.40338,1.40352,1.87,1.57
2016.02.01 11:12:21.119,1.40338,1.40351,1.12,1.37
2016.02.01 11:12:23.101,1.40337,1.4035,1.75,1.57
2016.02.01 11:12:23.152,1.40336,1.40348,1.75,1.10
2016.02.01 11:12:23.672,1.40336,1.4035,1.87,1.95
2016.02.01 11:12:23.977,1.40339,1.40351,1.87,1.95
2016.02.01 11:12:24.485,1.40339,1.40351,1.75,1.95
2016.02.01 11:12:26.262,1.4034,1.4035,1.00,1.12
2016.02.01 11:12:26.669,1.4034,1.40348,1.00,1.00
2016.02.01 11:12:27.227,1.40337,1.40351,1.75,1.87
2016.02.01 11:12:27.380,1.40339,1.40351,1.75,1.12
2016.02.01 11:12:28.674,1.40339,1.40352,1.12,1.95
2016.02.01 11:12:30.113,1.40341,1.40353,1.85,1.87
2016.02.01 11:12:30.419,1.40342,1.40354,1.87,1.37
2016.02.01 11:12:30.967,1.40345,1.40356,1.50,1.50
2016.02.01 11:12:31.018,1.40347,1.40356,1.37,1.12
2016.02.01 11:12:31.069,1.40347,1.40358,2.32,1.12
2016.02.01 11:12:31.171,1.40352,1.40358,1.00,1.00
2016.02.01 11:12:31.222,1.40352,1.40362,1.00,1.87
2016.02.01 11:12:32.128,1.40352,1.40362,1.00,1.50
2016.02.01 11:12:32.694,1.40347,1.40358,1.20,1.00
2016.02.01 11:12:32.797,1.40344,1.40358,2.32,1.57
2016.02.01 11:12:32.848,1.40344,1.40358,2.25,1.95
2016.02.01 11:12:33.102,1.40347,1.40358,1.12,1.50
2016.02.01 11:12:33.203,1.4035,1.4036,1.00,1.20
2016.02.01 11:12:33.693,1.40349,1.40359,1.00,1.45
2016.02.01 11:12:35.216,1.40348,1.40358,2.25,1.07
2016.02.01 11:12:35.318,1.40348,1.4036,2.62,1.10
2016.02.01 11:12:36.561,1.40349,1.40361,1.75,1.87
2016.02.01 11:12:37.435,1.40349,1.40361,1.50,1.95
2016.02.01 11:12:38.432,1.4035,1.40361,1.75,1.00
2016.02.01 11:12:38.635,1.40354,1.40364,1.00,1.20
2016.02.01 11:12:38.737,1.40356,1.40366,1.12,1.12
2016.02.01 11:12:39.042,1.40359,1.40369,1.00,1.87
2016.02.01 11:12:40.043,1.40355,1.40369,1.95,1.87
2016.02.01 11:12:40.196,1.40353,1.40366,2.25,1.20
2016.02.01 11:12:40.500,1.40356,1.40366,1.00,1.20
2016.02.01 11:12:42.083,1.40356,1.40366,1.00,1.47
2016.02.01 11:12:42.590,1.40353,1.40365,2.25,1.00
2016.02.01 11:12:43.294,1.40354,1.40365,1.75,1.00
2016.02.01 11:12:43.472,1.40355,1.40368,1.12,1.75
2016.02.01 11:12:44.356,1.40356,1.40368,1.75,1.57
2016.02.01 11:12:45.341,1.40357,1.40368,1.75,1.00
2016.02.01 11:12:47.721,1.40356,1.4037,2.25,1.95
2016.02.01 11:12:47.823,1.40356,1.40366,1.50,1.00
2016.02.01 11:12:48.330,1.40353,1.40367,2.25,2.25
2016.02.01 11:12:48.752,1.40354,1.40364,1.00,1.00
2016.02.01 11:12:48.854,1.40351,1.40363,2.25,1.57
2016.02.01 11:12:49.362,1.40351,1.40363,1.75,1.85
2016.02.01 11:12:52.633,1.40348,1.40359,1.12,1.10
2016.02.01 11:12:52.837,1.40342,1.40356,2.62,1.57
2016.02.01 11:12:52.939,1.40342,1.40354,1.50,1.57
2016.02.01 11:12:54.946,1.4034,1.40352,2.25,1.37
2016.02.01 11:12:55.758,1.4034,1.40352,2.25,1.00
2016.02.01 11:12:59.022,1.4034,1.40352,1.75,1.87
2016.02.01 11:12:59.529,1.4034,1.40352,1.87,1.12
2016.02.01 11:13:00.039,1.40341,1.40352,2.25,1.00
2016.02.01 11:13:02.326,1.40343,1.40355,2.62,2.32
2016.02.01 11:13:02.630,1.40349,1.40355,1.00,1.37
2016.02.01 11:13:03.137,1.40345,1.40355,1.75,1.00
2016.02.01 11:13:03.342,1.40345,1.40359,1.75,1.95
2016.02.01 11:13:03.444,1.40351,1.40361,1.00,2.25
2016.02.01 11:13:03.952,1.4035,1.40361,1.75,1.00
2016.02.01 11:13:04.485,1.40352,1.40363,1.12,1.47
2016.02.01 11:13:05.731,1.40352,1.40363,1.37,1.20
2016.02.01 11:13:06.035,1.40357,1.40369,1.75,1.50
2016.02.01 11:13:06.718,1.40357,1.40369,1.75,1.50
2016.02.01 11:13:06.871,1.40357,1.40369,1.87,1.12
2016.02.01 11:13:23.052,1.40359,1.40366,1.75,1.00
2016.02.01 11:13:23.205,1.40351,1.40363,1.75,1.20
2016.02.01 11:13:23.712,1.40349,1.40363,1.87,1.82
2016.02.01 11:13:25.081,1.40354,1.40364,1.00,2.25
2016.02.01 11:13:25.201,1.40355,1.40365,1.00,1.95
2016.02.01 11:13:25.505,1.40354,1.40365,1.75,1.00
2016.02.01 11:13:26.507,1.40353,1.40365,1.12,1.07
2016.02.01 11:13:26.609,1.40354,1.40364,1.00,1.07
2016.02.01 11:13:26.711,1.40352,1.40362,1.00,1.00
2016.02.01 11:13:26.865,1.40352,1.4036,1.00,1.00
2016.02.01 11:13:26.917,1.4035,1.4036,1.00,1.50
2016.02.01 11:13:27.424,1.40351,1.4036,1.00,1.00
2016.02.01 11:13:27.960,1.40351,1.40361,1.00,1.20
2016.02.01 11:13:31.800,1.40352,1.40364,1.50,1.95
2016.02.01 11:13:31.952,1.40355,1.40366,1.12,1.45
2016.02.01 11:13:32.003,1.40355,1.40366,2.25,1.10
2016.02.01 11:13:32.105,1.40357,1.40368,2.25,1.00
2016.02.01 11:13:32.207,1.40357,1.40371,2.62,1.95
2016.02.01 11:13:32.746,1.40359,1.40371,1.75,1.95
2016.02.01 11:13:33.355,1.40358,1.4037,1.87,1.57
2016.02.01 11:13:35.059,1.40358,1.4037,1.87,1.57
2016.02.01 11:13:36.133,1.40358,1.4037,1.87,1.57
2016.02.01 11:13:37.771,1.40358,1.40371,1.12,1.95
2016.02.01 11:13:37.823,1.40357,1.40369,1.75,1.12
2016.02.01 11:13:38.027,1.40356,1.40366,1.00,1.10
2016.02.01 11:13:38.534,1.40356,1.40366,1.00,1.07
2016.02.01 11:13:40.509,1.40355,1.40366,2.25,1.07
2016.02.01 11:13:42.198,1.40355,1.40367,2.25,1.12
2016.02.01 11:13:43.535,1.40354,1.40367,2.25,1.20
2016.02.01 11:13:43.637,1.40355,1.40365,1.00,1.00
2016.02.01 11:13:44.057,1.40354,1.40366,2.25,1.47
2016.02.01 11:13:45.161,1.40354,1.40366,2.62,1.57
2016.02.01 11:13:45.466,1.40354,1.40363,1.12,1.12
2016.02.01 11:13:45.517,1.40355,1.40363,1.00,1.50
2016.02.01 11:13:45.568,1.40351,1.40361,1.12,1.47
2016.02.01 11:13:45.721,1.4035,1.40358,1.00,1.95
2016.02.01 11:13:45.982,1.40345,1.40355,1.87,1.07
2016.02.01 11:13:49.526,1.40345,1.40356,1.12,1.95
2016.02.01 11:13:49.831,1.40344,1.40356,2.25,1.57
2016.02.01 11:13:50.692,1.40344,1.40356,2.25,1.57
2016.02.01 11:13:52.672,1.40344,1.40356,2.25,1.57
2016.02.01 11:13:53.179,1.40342,1.40356,2.62,1.57
2016.02.01 11:13:53.902,1.40342,1.40356,2.62,1.57
2016.02.01 11:13:54.876,1.40343,1.40354,1.75,1.00
2016.02.01 11:13:56.359,1.40346,1.40358,1.50,1.95
2016.02.01 11:13:56.866,1.40346,1.40358,1.75,1.57
2016.02.01 11:13:56.968,1.40346,1.40358,1.87,1.50
2016.02.01 11:13:57.475,1.40348,1.40361,1.75,1.95
2016.02.01 11:13:57.526,1.40348,1.4036,1.75,1.00
2016.02.01 11:13:58.529,1.40351,1.40361,1.00,1.12
2016.02.01 11:13:59.183,1.4035,1.40361,1.75,1.00
2016.02.01 11:13:59.727,1.4035,1.40362,1.75,1.95
2016.02.01 11:14:00.127,1.40349,1.40361,1.37,1.45
2016.02.01 11:14:00.178,1.40348,1.40361,2.25,1.20
2016.02.01 11:14:01.633,1.40346,1.40355,1.20,1.37
2016.02.01 11:14:01.887,1.40336,1.40342,1.00,1.07
2016.02.01 11:14:01.989,1.40328,1.40339,1.37,1.20
2016.02.01 11:14:02.091,1.40326,1.40339,1.50,1.20
2016.02.01 11:14:02.193,1.40326,1.40338,1.37,1.45
2016.02.01 11:14:02.736,1.40326,1.40338,1.37,1.57
2016.02.01 11:14:03.193,1.40327,1.40338,1.50,1.00
2016.02.01 11:14:03.626,1.40329,1.40341,1.87,1.47
2016.02.01 11:14:04.140,1.40328,1.4034,2.62,1.37
2016.02.01 11:14:04.293,1.40329,1.40341,1.75,1.20
2016.02.01 11:14:04.395,1.40334,1.40341,1.00,1.20
2016.02.01 11:14:04.901,1.40333,1.40341,1.00,1.20
2016.02.01 11:14:05.299,1.40331,1.40341,1.12,1.20
2016.02.01 11:14:06.339,1.40331,1.40341,1.12,1.47
2016.02.01 11:14:06.390,1.40329,1.40341,1.12,1.47
2016.02.01 11:14:06.492,1.40331,1.40342,1.12,1.45
2016.02.01 11:14:07.108,1.4033,1.40342,1.12,1.57
2016.02.01 11:14:07.635,1.4033,1.40342,1.12,1.57
2016.02.01 11:14:08.194,1.40335,1.40342,1.00,1.37
2016.02.01 11:14:08.245,1.40335,1.40344,1.50,1.37
2016.02.01 11:14:08.297,1.40335,1.40344,1.50,1.37
2016.02.01 11:14:08.348,1.40335,1.40347,1.50,2.25
2016.02.01 11:14:08.501,1.40335,1.40347,1.87,1.57
2016.02.01 11:14:08.707,1.40337,1.40347,1.00,1.95
2016.02.01 11:14:09.604,1.40337,1.40347,1.00,1.57
2016.02.01 11:14:14.385,1.40336,1.40347,1.12,1.57
2016.02.01 11:14:20.314,1.40336,1.40347,1.12,1.47
2016.02.01 11:14:22.319,1.40336,1.40347,1.12,1.20
2016.02.01 11:14:22.827,1.40339,1.40345,1.00,1.37
2016.02.01 11:14:22.929,1.40328,1.4034,2.62,1.07
2016.02.01 11:14:23.031,1.40328,1.40339,1.75,1.45
2016.02.01 11:14:23.407,1.40328,1.40337,1.00,1.47
2016.02.01 11:14:23.509,1.40326,1.40337,1.12,1.47
2016.02.01 11:14:24.648,1.40324,1.40337,1.87,1.50
2016.02.01 11:14:26.669,1.40324,1.40337,1.87,1.50
2016.02.01 11:14:27.649,1.40324,1.40336,1.87,1.57
2016.02.01 11:14:28.452,1.40324,1.40336,1.75,1.57
2016.02.01 11:14:28.677,1.40324,1.40336,1.75,1.57
2016.02.01 11:14:29.033,1.40325,1.40337,2.25,1.87
2016.02.01 11:14:29.369,1.40329,1.40342,1.12,1.45
2016.02.01 11:14:29.675,1.40326,1.40338,2.62,1.57
2016.02.01 11:14:30.182,1.40325,1.40337,1.87,1.57
2016.02.01 11:14:31.081,1.40325,1.40337,1.75,1.45
2016.02.01 11:14:31.541,1.40326,1.40337,1.12,1.45
2016.02.01 11:14:32.064,1.40326,1.40337,1.12,1.45
2016.02.01 11:14:32.166,1.40327,1.40337,1.00,2.25
2016.02.01 11:14:32.267,1.40322,1.40334,1.12,1.87
2016.02.01 11:14:32.370,1.40319,1.40332,1.87,1.50
2016.02.01 11:14:32.553,1.40319,1.40331,1.12,1.57
2016.02.01 11:14:32.707,1.40316,1.40327,1.12,1.47
2016.02.01 11:14:32.860,1.40315,1.40327,1.75,1.85
2016.02.01 11:14:32.911,1.40315,1.40327,1.50,1.87
2016.02.01 11:14:33.063,1.40317,1.40328,1.37,1.12
2016.02.01 11:14:33.165,1.40317,1.40328,2.62,1.00
2016.02.01 11:14:33.267,1.40319,1.40332,1.75,1.95
2016.02.01 11:14:33.573,1.40323,1.40333,1.00,1.45
2016.02.01 11:14:34.083,1.40321,1.40332,1.12,1.20
2016.02.01 11:14:35.546,1.4032,1.40332,1.12,1.50
2016.02.01 11:14:35.700,1.40319,1.40331,1.75,1.57
2016.02.01 11:14:36.210,1.40319,1.40332,1.75,1.95
2016.02.01 11:14:36.717,1.40319,1.40332,1.75,1.95
2016.02.01 11:14:37.756,1.4032,1.40332,1.12,1.95
2016.02.01 11:14:38.261,1.4032,1.40332,1.12,1.57
2016.02.01 11:14:39.796,1.40321,1.40333,1.12,1.57
2016.02.01 11:14:41.168,1.40323,1.40333,1.00,1.57
2016.02.01 11:14:41.324,1.40321,1.40333,1.12,1.57
2016.02.01 11:14:41.678,1.40321,1.40333,1.12,1.57
2016.02.01 11:14:42.682,1.40321,1.40333,1.12,1.57
2016.02.01 11:14:43.290,1.40323,1.40333,1.00,1.57
2016.02.01 11:14:43.594,1.40323,1.40328,1.00,1.35
2016.02.01 11:14:43.747,1.40315,1.40329,2.62,1.95
2016.02.01 11:14:43.906,1.40317,1.4033,1.75,2.25
2016.02.01 11:14:44.009,1.40318,1.4033,1.75,1.10
2016.02.01 11:14:44.112,1.40322,1.40332,1.00,1.95
2016.02.01 11:14:44.619,1.4032,1.40332,1.75,1.45
2016.02.01 11:14:44.721,1.4032,1.40332,2.25,1.95
2016.02.01 11:14:44.924,1.4032,1.40332,1.75,1.20
2016.02.01 11:14:45.218,1.4032,1.40331,1.50,1.57
2016.02.01 11:14:45.739,1.4032,1.40331,1.75,1.47
2016.02.01 11:14:46.298,1.4032,1.40331,1.75,1.10
2016.02.01 11:14:46.402,1.40321,1.4033,1.00,1.57
2016.02.01 11:14:46.505,1.40317,1.40329,2.25,1.47
2016.02.01 11:14:46.759,1.40318,1.40326,1.00,1.57
2016.02.01 11:14:46.963,1.40314,1.40324,2.25,1.10
2016.02.01 11:14:47.480,1.40314,1.40326,2.25,1.20
2016.02.01 11:14:48.140,1.40314,1.40327,1.87,1.82
2016.02.01 11:14:48.649,1.40314,1.40326,2.25,1.20
2016.02.01 11:14:49.309,1.40314,1.40326,2.62,1.95
2016.02.01 11:14:49.411,1.40315,1.40327,1.50,1.82
2016.02.01 11:14:49.766,1.40313,1.40323,1.12,1.20
2016.02.01 11:14:49.870,1.40311,1.40323,1.50,1.20
2016.02.01 11:14:49.921,1.40311,1.40323,1.50,1.95
2016.02.01 11:14:50.040,1.4031,1.40322,2.62,1.57
2016.02.01 11:14:50.244,1.4031,1.40321,1.12,1.20
2016.02.01 11:14:50.701,1.40308,1.4032,1.75,1.57
2016.02.01 11:14:51.007,1.40302,1.4031,1.00,1.87
2016.02.01 11:14:51.160,1.40295,1.40308,1.12,1.45
2016.02.01 11:14:51.211,1.40295,1.40303,1.12,1.00
2016.02.01 11:14:51.263,1.40295,1.40306,1.12,1.50
2016.02.01 11:14:51.314,1.40298,1.40305,1.00,1.37
2016.02.01 11:14:51.468,1.4029,1.40299,1.00,1.87
2016.02.01 11:14:51.519,1.40286,1.40297,1.12,1.12
2016.02.01 11:14:51.621,1.40283,1.40297,1.87,1.47
2016.02.01 11:14:52.626,1.40287,1.40296,1.00,1.12
2016.02.01 11:14:53.648,1.40285,1.40296,1.12,1.00
2016.02.01 11:14:54.258,1.40287,1.40296,1.00,1.00
2016.02.01 11:14:54.712,1.40291,1.40296,1.00,1.37
2016.02.01 11:14:54.817,1.40289,1.40301,1.50,1.12
2016.02.01 11:14:54.868,1.40292,1.40306,2.62,2.62
2016.02.01 11:14:54.920,1.40292,1.40306,2.70,1.50
2016.02.01 11:14:55.009,1.40294,1.40306,1.12,1.12
2016.02.01 11:14:55.315,1.40294,1.40304,1.12,1.00
2016.02.01 11:14:55.418,1.40298,1.40308,1.00,1.95
2016.02.01 11:14:55.470,1.40296,1.40308,1.37,2.32
2016.02.01 11:14:55.776,1.40295,1.40306,1.12,1.12
2016.02.01 11:14:56.642,1.40297,1.40309,1.75,1.45
2016.02.01 11:14:56.693,1.403,1.40309,1.00,1.10
2016.02.01 11:14:56.846,1.40299,1.40312,2.25,1.47
2016.02.01 11:14:57.194,1.40299,1.40311,1.75,1.07
2016.02.01 11:14:57.701,1.40299,1.40309,1.87,1.00
2016.02.01 11:14:58.386,1.40299,1.40312,1.87,1.45
2016.02.01 11:14:58.894,1.40298,1.40311,1.20,1.37
2016.02.01 11:14:58.946,1.40298,1.40308,1.20,1.00
2016.02.01 11:14:59.099,1.40297,1.40308,1.75,1.00
2016.02.01 11:14:59.202,1.40298,1.40308,1.00,1.57
2016.02.01 11:14:59.253,1.40298,1.40308,1.00,1.57
2016.02.01 11:14:59.514,1.40294,1.40308,3.00,1.20
2016.02.01 11:14:59.566,1.40294,1.40308,3.00,1.47
2016.02.01 11:14:59.668,1.40296,1.40306,1.00,1.12
2016.02.01 11:14:59.770,1.40297,1.40309,1.37,1.87
2016.02.01 11:14:59.873,1.403,1.4031,1.00,1.95
2016.02.01 11:15:00.076,1.40298,1.4031,1.87,1.20
2016.02.01 11:15:00.607,1.40303,1.4031,1.00,1.00
2016.02.01 11:15:01.114,1.40298,1.4031,3.07,1.00
2016.02.01 11:15:01.262,1.403,1.40312,1.75,1.50
2016.02.01 11:15:01.465,1.403,1.40312,1.87,1.57
2016.02.01 11:15:01.986,1.403,1.40311,1.12,1.00
2016.02.01 11:15:05.791,1.40297,1.40309,2.25,1.10
2016.02.01 11:15:05.995,1.40294,1.40308,2.32,1.12
2016.02.01 11:15:06.046,1.40294,1.40308,2.25,1.20
2016.02.01 11:15:06.369,1.40294,1.40306,1.87,1.47
2016.02.01 11:15:06.881,1.40295,1.40305,1.00,1.50
2016.02.01 11:15:08.181,1.40292,1.40301,1.12,1.00
2016.02.01 11:15:08.283,1.40289,1.403,1.82,1.50
2016.02.01 11:15:08.334,1.40292,1.403,1.00,1.95
2016.02.01 11:15:08.445,1.40289,1.40298,1.00,1.57
2016.02.01 11:15:08.548,1.40285,1.40296,1.12,1.37
2016.02.01 11:15:08.700,1.40286,1.40296,1.00,1.87
2016.02.01 11:15:08.752,1.40286,1.40296,1.00,1.00
2016.02.01 11:15:08.803,1.40286,1.40299,1.75,2.70
2016.02.01 11:15:09.108,1.40294,1.40302,1.00,1.07
2016.02.01 11:15:09.440,1.40291,1.40303,1.87,1.00
2016.02.01 11:15:09.948,1.40292,1.40303,1.87,1.07
2016.02.01 11:15:10.000,1.40292,1.40304,1.50,1.57
2016.02.01 11:15:10.305,1.40291,1.40303,1.12,1.00
2016.02.01 11:15:10.802,1.40289,1.40303,2.70,1.87
2016.02.01 11:15:11.208,1.40291,1.40303,1.87,2.25
2016.02.01 11:15:11.516,1.40287,1.40299,3.00,1.57
2016.02.01 11:15:11.618,1.40286,1.40296,1.00,1.95
2016.02.01 11:15:11.722,1.40285,1.40296,1.50,2.32
2016.02.01 11:15:11.825,1.4028,1.40294,1.95,2.25
2016.02.01 11:15:11.928,1.4028,1.40294,1.95,1.87
2016.02.01 11:15:12.030,1.40279,1.40293,2.25,1.50
2016.02.01 11:15:12.542,1.40281,1.40292,1.75,1.37
2016.02.01 11:15:14.094,1.40283,1.40291,1.37,1.12
2016.02.01 11:15:14.297,1.40282,1.40293,1.00,1.87
2016.02.01 11:15:14.754,1.40282,1.40289,1.00,1.37
2016.02.01 11:15:14.856,1.40277,1.40286,1.37,1.00
2016.02.01 11:15:14.907,1.40275,1.40286,1.50,1.00
2016.02.01 11:15:15.009,1.40274,1.40286,1.12,1.18
2016.02.01 11:15:15.313,1.40275,1.40287,1.75,1.63
2016.02.01 11:15:16.634,1.40275,1.40285,1.00,1.00
2016.02.01 11:15:17.142,1.40275,1.40285,1.00,1.07
2016.02.01 11:15:17.613,1.40275,1.40281,1.00,1.00
2016.02.01 11:15:17.960,1.40266,1.40278,1.50,1.95
2016.02.01 11:15:18.939,1.40265,1.40275,1.12,1.00
2016.02.01 11:15:19.244,1.40267,1.40279,1.50,1.25
2016.02.01 11:15:19.346,1.40269,1.40279,1.00,1.47
2016.02.01 11:15:19.854,1.40266,1.40278,1.12,1.10
2016.02.01 11:15:20.187,1.40266,1.40278,1.50,2.00
2016.02.01 11:15:20.698,1.40266,1.40277,1.75,1.00
2016.02.01 11:15:20.851,1.4027,1.40279,1.00,1.18
2016.02.01 11:15:21.004,1.40268,1.40279,1.20,1.18
2016.02.01 11:15:21.277,1.40266,1.40279,1.12,2.00
2016.02.01 11:15:21.635,1.40265,1.40277,1.87,1.87
2016.02.01 11:15:22.142,1.40265,1.40276,1.37,1.37
2016.02.01 11:15:23.042,1.40264,1.40275,1.50,1.50
2016.02.01 11:15:23.827,1.40262,1.40274,1.87,1.12
2016.02.01 11:15:25.118,1.40262,1.40274,1.87,3.00
2016.02.01 11:15:25.928,1.40264,1.40274,1.00,3.00
2016.02.01 11:15:26.547,1.40261,1.40273,1.87,1.50
2016.02.01 11:15:27.317,1.40261,1.40272,1.37,1.20
2016.02.01 11:15:27.836,1.40261,1.40272,1.37,1.57
2016.02.01 11:15:30.024,1.40261,1.40273,1.50,1.47
2016.02.01 11:15:30.533,1.4026,1.40273,1.87,1.45
2016.02.01 11:15:31.040,1.40262,1.40275,1.12,2.25
2016.02.01 11:15:31.142,1.40265,1.40275,1.00,1.10
2016.02.01 11:15:31.345,1.40266,1.40277,1.87,1.10
2016.02.01 11:15:31.723,1.40268,1.4028,1.50,1.95
2016.02.01 11:15:32.229,1.40268,1.4028,1.50,1.45
2016.02.01 11:15:32.742,1.40268,1.40281,1.75,1.20
2016.02.01 11:15:33.453,1.40269,1.40282,1.75,1.50
2016.02.01 11:15:36.463,1.40269,1.40279,1.50,1.10
2016.02.01 11:15:37.243,1.4027,1.40281,1.37,1.20
2016.02.01 11:15:37.397,1.40277,1.40287,1.00,1.07
2016.02.01 11:15:37.449,1.40278,1.40289,1.37,1.87
2016.02.01 11:15:37.500,1.40278,1.40289,1.75,1.20
2016.02.01 11:15:38.026,1.40282,1.40292,1.12,1.57
2016.02.01 11:15:38.548,1.4028,1.40292,1.12,1.95
2016.02.01 11:15:39.058,1.40279,1.4029,1.12,1.57
2016.02.01 11:15:40.165,1.40279,1.40288,1.12,1.57
2016.02.01 11:15:40.267,1.40277,1.40285,1.00,1.00
2016.02.01 11:15:40.573,1.40273,1.40278,1.00,1.00
2016.02.01 11:15:40.695,1.40266,1.40276,1.75,1.12
2016.02.01 11:15:40.797,1.40266,1.40276,1.00,1.95
2016.02.01 11:15:41.304,1.40265,1.40276,2.25,1.20
2016.02.01 11:15:41.703,1.40265,1.40276,1.87,1.57
2016.02.01 11:15:42.224,1.40266,1.40276,1.00,1.57
2016.02.01 11:15:42.770,1.40267,1.40277,1.00,1.20
2016.02.01 11:15:42.824,1.4027,1.40277,1.00,1.07
2016.02.01 11:15:42.876,1.4027,1.40281,1.12,1.82
2016.02.01 11:15:44.181,1.40271,1.40281,1.00,1.45
2016.02.01 11:15:44.537,1.40272,1.40282,1.12,1.07
2016.02.01 11:15:44.841,1.40278,1.40285,1.00,1.12
2016.02.01 11:15:44.893,1.40278,1.40288,1.00,1.20
2016.02.01 11:15:45.096,1.40277,1.40287,1.12,1.12
2016.02.01 11:15:45.519,1.40278,1.40288,1.00,1.45
2016.02.01 11:15:46.027,1.40277,1.40288,1.00,1.75
2016.02.01 11:15:46.281,1.40277,1.40287,1.50,1.00
2016.02.01 11:15:46.383,1.40278,1.4029,1.50,2.70
2016.02.01 11:15:46.790,1.40277,1.40287,1.37,1.37
2016.02.01 11:15:47.264,1.40275,1.40286,1.50,1.50
2016.02.01 11:15:47.794,1.40276,1.40286,1.12,1.75
2016.02.01 11:15:48.970,1.40276,1.40286,1.12,1.50
2016.02.01 11:15:49.173,1.40272,1.40284,2.00,1.37
2016.02.01 11:15:49.681,1.40272,1.40285,2.00,1.37
2016.02.01 11:15:50.088,1.40273,1.40286,1.25,1.57
2016.02.01 11:15:50.393,1.40274,1.40286,1.18,1.00
2016.02.01 11:15:50.900,1.40273,1.40287,3.13,1.12
2016.02.01 11:15:51.431,1.40274,1.40286,1.80,1.00
2016.02.01 11:15:51.887,1.4028,1.4029,1.00,1.87
2016.02.01 11:15:52.422,1.40275,1.40289,3.13,1.50
2016.02.01 11:15:53.203,1.40275,1.40288,2.00,1.37
2016.02.01 11:15:53.304,1.40279,1.40289,1.00,1.37
2016.02.01 11:15:54.016,1.40275,1.40288,1.18,1.37
2016.02.01 11:15:54.374,1.40273,1.40287,1.88,1.75
2016.02.01 11:15:54.986,1.40274,1.40286,1.25,1.00
2016.02.01 11:15:56.055,1.40278,1.40288,1.07,1.00
2016.02.01 11:15:56.108,1.40279,1.40292,1.12,1.95
2016.02.01 11:15:56.312,1.40277,1.4029,1.25,1.87
2016.02.01 11:15:56.516,1.40274,1.40288,2.00,1.10
2016.02.01 11:15:56.820,1.40277,1.40289,1.18,1.00
2016.02.01 11:15:57.146,1.40279,1.40289,1.00,1.00
2016.02.01 11:15:57.197,1.40281,1.40291,1.00,1.37
2016.02.01 11:15:58.060,1.40281,1.40291,1.00,1.87
2016.02.01 11:15:58.364,1.40279,1.40292,1.20,1.87
2016.02.01 11:15:59.028,1.40279,1.40291,1.20,1.00
2016.02.01 11:15:59.563,1.40279,1.40292,1.20,1.50
2016.02.01 11:16:00.107,1.40283,1.40292,1.00,1.37
2016.02.01 11:16:00.261,1.40278,1.4029,1.12,1.50
2016.02.01 11:16:00.312,1.40279,1.40289,1.00,2.62
2016.02.01 11:16:00.414,1.40273,1.40287,1.83,1.00
2016.02.01 11:16:00.516,1.40273,1.40287,1.20,1.12
2016.02.01 11:16:00.818,1.40278,1.4029,1.12,1.57
2016.02.01 11:16:01.022,1.40276,1.40291,1.86,1.47
2016.02.01 11:16:01.125,1.40279,1.4029,1.20,1.00
2016.02.01 11:16:01.227,1.40277,1.4029,1.50,1.37
2016.02.01 11:16:01.777,1.40278,1.40288,1.00,1.10
2016.02.01 11:16:02.236,1.40274,1.40288,1.20,1.57
2016.02.01 11:16:02.440,1.40276,1.40286,1.00,1.00
2016.02.01 11:16:02.693,1.40274,1.40286,1.12,1.10
2016.02.01 11:16:02.896,1.40272,1.40286,1.12,1.57
2016.02.01 11:16:03.518,1.40271,1.40286,1.20,2.70
2016.02.01 11:16:03.823,1.40271,1.40286,1.19,1.95
2016.02.01 11:16:03.924,1.40272,1.40287,1.87,2.32
2016.02.01 11:16:04.452,1.40272,1.40286,1.86,1.95
2016.02.01 11:16:04.757,1.40273,1.40286,1.12,1.47
2016.02.01 11:16:05.373,1.40275,1.40285,1.00,1.00
2016.02.01 11:16:05.831,1.40273,1.40287,1.87,1.95
2016.02.01 11:16:06.238,1.40275,1.40285,1.00,1.00
2016.02.01 11:16:06.313,1.40273,1.40286,2.24,1.37
2016.02.01 11:16:06.719,1.40273,1.40286,1.11,1.37
2016.02.01 11:16:06.923,1.40274,1.40286,1.12,1.00
2016.02.01 11:16:07.537,1.40274,1.40287,1.12,1.85
2016.02.01 11:16:08.263,1.40278,1.40289,1.06,1.20
2016.02.01 11:16:08.415,1.4028,1.4029,1.00,1.12
2016.02.01 11:16:08.852,1.40279,1.40289,1.00,1.07
2016.02.01 11:16:09.106,1.40277,1.40289,1.43,1.57
2016.02.01 11:16:09.411,1.40276,1.40288,1.81,1.10
2016.02.01 11:16:09.715,1.40281,1.40291,1.00,1.87
2016.02.01 11:16:10.223,1.40279,1.40291,2.18,1.87
2016.02.01 11:16:10.666,1.40279,1.40291,2.18,1.87
2016.02.01 11:16:11.830,1.4028,1.40291,1.75,1.00
2016.02.01 11:16:15.673,1.4028,1.40293,2.18,1.20
2016.02.01 11:16:16.325,1.40281,1.40293,1.00,1.20
2016.02.01 11:16:17.080,1.40283,1.40293,1.06,1.12
2016.02.01 11:16:17.587,1.40282,1.40294,2.25,1.12
2016.02.01 11:16:18.342,1.40285,1.40294,1.00,1.50
2016.02.01 11:16:18.394,1.40285,1.40297,1.50,1.82
2016.02.01 11:16:18.547,1.40285,1.40297,1.75,1.00
2016.02.01 11:16:19.003,1.40285,1.40298,1.75,1.95
2016.02.01 11:16:19.519,1.40285,1.40297,1.50,1.20
2016.02.01 11:16:21.343,1.40284,1.40294,1.50,1.00
2016.02.01 11:16:21.892,1.40285,1.40295,1.00,1.45
2016.02.01 11:16:23.258,1.40284,1.40294,1.00,1.37
2016.02.01 11:16:23.775,1.40285,1.40295,1.00,1.47
2016.02.01 11:16:24.402,1.40285,1.40295,1.00,1.47
2016.02.01 11:16:25.061,1.40283,1.40294,2.25,1.37
2016.02.01 11:16:31.158,1.40286,1.40296,1.00,1.45
2016.02.01 11:16:31.361,1.40284,1.40294,1.00,1.12
2016.02.01 11:16:31.868,1.40284,1.40294,1.00,1.47
2016.02.01 11:16:34.673,1.40281,1.40293,2.32,1.37
2016.02.01 11:16:34.845,1.40284,1.40294,1.00,1.47
2016.02.01 11:16:39.102,1.40284,1.40296,1.75,1.85
2016.02.01 11:16:39.609,1.40284,1.40296,1.75,1.47
2016.02.01 11:16:40.512,1.40285,1.40296,2.25,1.37
2016.02.01 11:16:41.704,1.40288,1.403,2.25,1.87
2016.02.01 11:16:42.034,1.40292,1.40304,3.00,1.87
2016.02.01 11:16:42.085,1.40293,1.40304,1.75,1.00
2016.02.01 11:16:42.187,1.40294,1.40305,1.12,1.37
2016.02.01 11:16:42.390,1.40294,1.40305,1.50,1.50
2016.02.01 11:16:44.819,1.40295,1.40305,1.12,1.50
2016.02.01 11:16:44.870,1.40298,1.40305,1.00,1.50
2016.02.01 11:16:44.921,1.40298,1.40308,1.87,1.20
2016.02.01 11:16:45.023,1.40298,1.40312,2.25,2.32
2016.02.01 11:16:45.124,1.403,1.40312,1.50,1.95
2016.02.01 11:16:45.428,1.40301,1.40312,1.75,1.07
2016.02.01 11:16:45.940,1.40301,1.40312,1.75,1.37
2016.02.01 11:16:46.397,1.40298,1.40308,1.50,1.00
2016.02.01 11:16:46.499,1.40293,1.40304,1.00,1.95
2016.02.01 11:16:46.551,1.40289,1.40298,1.12,1.07
2016.02.01 11:16:46.602,1.40288,1.40298,2.25,1.07
2016.02.01 11:16:46.654,1.40288,1.40295,1.75,1.00
2016.02.01 11:16:46.909,1.40288,1.40295,1.00,1.07
2016.02.01 11:16:46.960,1.40285,1.40295,1.00,1.07
2016.02.01 11:16:47.011,1.40284,1.40296,1.75,2.25
2016.02.01 11:16:47.518,1.40284,1.40295,1.50,1.20
2016.02.01 11:16:47.985,1.40285,1.40296,1.87,1.45
2016.02.01 11:16:48.036,1.40286,1.40298,1.37,1.50
2016.02.01 11:16:48.341,1.4029,1.40302,1.75,1.57
2016.02.01 11:16:48.849,1.40287,1.40299,1.95,1.00
2016.02.01 11:16:49.154,1.40286,1.40298,1.75,1.82
2016.02.01 11:16:50.210,1.40287,1.40299,1.75,1.87
2016.02.01 11:16:50.312,1.4029,1.403,1.00,1.45
2016.02.01 11:16:50.414,1.40292,1.40302,1.00,1.95
2016.02.01 11:16:50.718,1.4029,1.403,1.00,1.10
2016.02.01 11:16:50.870,1.40287,1.40298,1.12,1.10
2016.02.01 11:16:51.022,1.40285,1.40297,1.50,1.57
2016.02.01 11:16:51.307,1.40286,1.40297,1.50,1.45
2016.02.01 11:16:51.612,1.40289,1.40302,1.75,1.45
2016.02.01 11:16:52.120,1.40289,1.40303,1.87,2.25
2016.02.01 11:16:52.366,1.40286,1.40297,1.75,2.32
2016.02.01 11:16:52.417,1.40286,1.40297,1.50,2.32
2016.02.01 11:16:53.651,1.40284,1.40296,1.75,1.95
2016.02.01 11:16:54.244,1.40283,1.40295,1.87,1.20
2016.02.01 11:16:54.751,1.40285,1.40296,1.75,1.20
2016.02.01 11:16:54.919,1.4029,1.403,1.12,4.57
2016.02.01 11:16:54.970,1.4029,1.40301,1.50,1.20
2016.02.01 11:16:55.376,1.4029,1.40301,1.75,1.07
2016.02.01 11:16:56.135,1.4029,1.40302,1.75,1.95
2016.02.01 11:16:56.642,1.4029,1.40302,1.50,1.45
2016.02.01 11:16:56.947,1.4029,1.40302,1.87,1.07
2016.02.01 11:16:57.049,1.40291,1.40301,1.00,1.10
2016.02.01 11:16:57.151,1.40289,1.40299,1.00,1.10
2016.02.01 11:16:58.143,1.40287,1.403,1.87,1.95
2016.02.01 11:16:58.448,1.4029,1.40301,1.50,1.57
2016.02.01 11:16:58.772,1.4029,1.40301,1.75,1.57
2016.02.01 11:17:00.374,1.4029,1.403,1.12,1.10
2016.02.01 11:17:02.452,1.4029,1.40303,1.75,2.25
2016.02.01 11:17:03.068,1.40288,1.40301,1.87,1.20
2016.02.01 11:17:03.271,1.40288,1.40301,1.75,1.95
2016.02.01 11:17:03.372,1.40288,1.40301,1.12,1.57
2016.02.01 11:17:03.474,1.40287,1.40301,2.25,1.95
2016.02.01 11:17:03.585,1.40287,1.40296,1.50,1.00
2016.02.01 11:17:03.891,1.40286,1.40295,1.00,1.07
2016.02.01 11:17:04.198,1.40286,1.40295,1.00,1.00
2016.02.01 11:17:04.401,1.40287,1.40298,1.50,1.37
2016.02.01 11:17:04.503,1.4029,1.403,1.00,1.00
2016.02.01 11:17:05.006,1.40291,1.40301,1.00,1.87
2016.02.01 11:17:06.209,1.40289,1.40301,1.85,1.00
2016.02.01 11:17:06.968,1.40292,1.40302,1.50,1.50
2016.02.01 11:17:07.020,1.40294,1.40303,1.00,1.87
2016.02.01 11:17:07.122,1.40295,1.40304,1.00,1.00
2016.02.01 11:17:07.376,1.40294,1.40306,2.70,1.37
2016.02.01 11:17:07.885,1.40294,1.40305,1.82,1.00
2016.02.01 11:17:08.437,1.40294,1.40306,2.32,1.00
2016.02.01 11:17:08.742,1.40297,1.4031,1.85,1.87
2016.02.01 11:17:11.718,1.40297,1.40309,1.87,1.12
2016.02.01 11:17:13.196,1.40297,1.40308,1.82,1.00
2016.02.01 11:17:13.298,1.40297,1.40307,1.00,1.50
2016.02.01 11:17:13.882,1.40297,1.40307,1.50,1.10
2016.02.01 11:17:14.389,1.40298,1.40308,1.00,1.00
2016.02.01 11:17:14.916,1.40297,1.40308,1.75,1.00
2016.02.01 11:17:15.627,1.40295,1.40309,2.32,1.82
2016.02.01 11:17:15.729,1.40297,1.40307,1.00,1.87
2016.02.01 11:17:16.109,1.40297,1.40308,1.37,1.95
2016.02.01 11:17:16.212,1.40299,1.40309,1.37,1.10
2016.02.01 11:17:16.719,1.40299,1.4031,1.75,1.12
2016.02.01 11:17:17.730,1.40299,1.4031,1.50,1.00
2016.02.01 11:17:17.832,1.40299,1.40312,1.95,1.57
2016.02.01 11:17:20.656,1.40301,1.40311,1.00,1.12
2016.02.01 11:17:21.193,1.40302,1.40312,1.00,1.87
2016.02.01 11:17:22.438,1.40299,1.40311,1.57,1.37
2016.02.01 11:17:23.249,1.40298,1.40309,1.37,1.00
2016.02.01 11:17:23.791,1.40295,1.40308,2.32,1.12
2016.02.01 11:17:23.842,1.40295,1.40308,1.87,1.50
2016.02.01 11:17:24.046,1.40295,1.40306,1.50,1.12
2016.02.01 11:17:24.558,1.40295,1.40306,1.75,1.37
2016.02.01 11:17:24.812,1.40297,1.40307,1.00,1.00
2016.02.01 11:17:25.168,1.40297,1.40309,1.75,1.50
2016.02.01 11:17:25.626,1.40295,1.40308,1.75,1.20
2016.02.01 11:17:26.136,1.40297,1.40307,1.50,1.00
2016.02.01 11:17:26.442,1.40298,1.4031,2.25,1.50
2016.02.01 11:17:30.840,1.40298,1.4031,2.62,1.50
2016.02.01 11:17:31.346,1.40301,1.40311,1.00,1.12
2016.02.01 11:17:33.930,1.40301,1.40311,1.50,1.00
2016.02.01 11:17:34.133,1.40303,1.40313,1.00,1.12
2016.02.01 11:17:36.172,1.40303,1.40313,1.00,1.37
2016.02.01 11:17:38.178,1.40303,1.40313,1.50,1.00
2016.02.01 11:17:39.229,1.40303,1.40314,1.50,1.45
2016.02.01 11:17:39.643,1.40303,1.40315,1.12,1.07
2016.02.01 11:17:39.695,1.40307,1.40315,1.00,1.00
2016.02.01 11:17:40.853,1.40302,1.40315,2.25,1.47
2016.02.01 11:17:41.904,1.40302,1.40314,1.50,1.87
2016.02.01 11:17:42.411,1.40302,1.40314,1.75,1.45
2016.02.01 11:17:49.173,1.40303,1.40315,1.75,1.57
2016.02.01 11:17:49.578,1.40303,1.40315,1.75,1.57
2016.02.01 11:17:52.665,1.40303,1.40315,1.75,1.87
2016.02.01 11:17:53.168,1.40303,1.40315,1.75,1.57
2016.02.01 11:17:53.887,1.40304,1.40312,1.00,1.00
2016.02.01 11:17:54.040,1.403,1.40312,1.50,1.47
2016.02.01 11:17:54.282,1.40299,1.40312,2.25,1.95
2016.02.01 11:17:54.814,1.40299,1.40312,2.25,1.95
2016.02.01 11:17:55.118,1.40298,1.40312,2.62,1.95
2016.02.01 11:17:55.220,1.40299,1.40309,1.00,1.50
2016.02.01 11:17:55.304,1.40297,1.40307,1.87,1.00
2016.02.01 11:17:55.611,1.40292,1.403,1.37,1.20
2016.02.01 11:17:56.119,1.40292,1.403,1.00,1.95
2016.02.01 11:17:56.363,1.40292,1.403,1.00,1.00
2016.02.01 11:17:57.225,1.40292,1.403,1.00,1.37
2016.02.01 11:17:57.741,1.40288,1.403,3.00,1.50
2016.02.01 11:18:00.183,1.40288,1.40301,2.25,2.32
2016.02.01 11:18:00.689,1.40288,1.403,1.75,1.07
2016.02.01 11:18:02.794,1.40289,1.40299,1.00,1.10
2016.02.01 11:18:04.333,1.40288,1.40299,1.75,1.57
2016.02.01 11:18:04.536,1.40285,1.40297,3.37,1.00
2016.02.01 11:18:06.760,1.40285,1.40298,1.75,1.57
2016.02.01 11:18:07.270,1.40285,1.40298,1.75,1.95
2016.02.01 11:18:07.322,1.40287,1.40295,1.00,1.10
2016.02.01 11:18:08.030,1.40286,1.40296,1.00,2.32
2016.02.01 11:18:08.545,1.40288,1.40296,1.00,1.95
2016.02.01 11:18:08.647,1.40288,1.40299,1.37,1.95
2016.02.01 11:18:08.698,1.40288,1.40299,1.87,1.20
2016.02.01 11:18:08.750,1.40288,1.40301,1.87,1.87
2016.02.01 11:18:08.902,1.40291,1.40302,1.75,1.20
2016.02.01 11:18:09.055,1.40294,1.40304,1.00,1.47
2016.02.01 11:18:09.106,1.40296,1.40305,1.00,1.45
2016.02.01 11:18:09.410,1.40297,1.40307,1.00,1.95
2016.02.01 11:18:11.005,1.40297,1.40307,1.00,1.95
2016.02.01 11:18:11.411,1.40295,1.40305,1.12,1.00
2016.02.01 11:18:11.614,1.40296,1.40305,1.00,1.37
2016.02.01 11:18:13.668,1.40296,1.40302,1.00,1.00
2016.02.01 11:18:13.719,1.40291,1.40302,1.75,1.37
2016.02.01 11:18:13.905,1.4029,1.40298,1.12,1.00
2016.02.01 11:18:13.957,1.40288,1.40298,1.12,1.50
2016.02.01 11:18:14.008,1.40286,1.40297,1.75,1.20
2016.02.01 11:18:14.516,1.40288,1.40296,1.00,1.10
2016.02.01 11:18:15.866,1.40288,1.40295,1.00,1.00
2016.02.01 11:18:16.448,1.40285,1.40295,1.75,1.00
2016.02.01 11:18:17.627,1.40287,1.40298,1.75,1.07
2016.02.01 11:18:17.780,1.40287,1.40299,2.25,1.00
2016.02.01 11:18:18.288,1.40292,1.403,1.00,1.12
2016.02.01 11:18:18.796,1.40291,1.40301,1.00,1.87
2016.02.01 11:18:19.303,1.40289,1.40301,1.75,1.12
2016.02.01 11:18:19.853,1.40289,1.40301,1.75,1.95
2016.02.01 11:18:22.227,1.40293,1.40301,1.00,1.07
2016.02.01 11:18:23.765,1.40292,1.403,1.00,1.10
2016.02.01 11:18:24.347,1.40292,1.40301,1.00,1.00
2016.02.01 11:18:24.898,1.40292,1.40297,1.00,1.00
2016.02.01 11:18:25.050,1.40286,1.40296,1.75,1.00
2016.02.01 11:18:25.456,1.40285,1.40295,1.75,1.10
2016.02.01 11:18:25.973,1.40285,1.40296,1.75,1.20
2016.02.01 11:18:27.526,1.40286,1.40297,1.75,1.20
2016.02.01 11:18:27.679,1.40289,1.40299,1.00,1.07
2016.02.01 11:18:27.731,1.40287,1.403,3.00,1.57
2016.02.01 11:18:28.238,1.40291,1.403,1.00,1.20
2016.02.01 11:18:30.319,1.40291,1.40303,1.50,1.87
2016.02.01 11:18:30.421,1.40293,1.40303,1.00,1.57
2016.02.01 11:18:31.543,1.40292,1.40305,1.75,2.25
2016.02.01 11:18:32.091,1.40292,1.40304,1.87,1.07
2016.02.01 11:18:32.599,1.40292,1.40304,1.87,1.10
2016.02.01 11:18:34.182,1.40295,1.40305,1.75,1.57
2016.02.01 11:18:34.284,1.40295,1.40305,2.25,1.00
2016.02.01 11:18:34.336,1.40298,1.40309,1.37,4.87
2016.02.01 11:18:34.387,1.40298,1.40311,1.75,1.95
2016.02.01 11:18:34.894,1.40298,1.40311,1.75,1.57
2016.02.01 11:18:35.745,1.40297,1.40311,2.70,1.95
2016.02.01 11:18:35.796,1.40299,1.40308,1.00,1.00
2016.02.01 11:18:35.847,1.40299,1.40308,1.00,1.37
2016.02.01 11:18:36.348,1.40296,1.40308,1.75,1.57
2016.02.01 11:18:36.806,1.40296,1.40306,1.50,1.12
2016.02.01 11:18:36.857,1.40296,1.40306,1.50,1.00
2016.02.01 11:18:37.256,1.40297,1.40309,2.25,1.00
2016.02.01 11:18:38.277,1.403,1.4031,1.00,1.20
2016.02.01 11:18:38.660,1.40296,1.40308,1.12,1.00
2016.02.01 11:18:38.812,1.40297,1.40306,1.00,1.10
2016.02.01 11:18:39.319,1.40297,1.40305,1.00,1.10
2016.02.01 11:18:39.796,1.40298,1.40307,1.00,1.20
2016.02.01 11:18:40.306,1.40296,1.40307,1.50,1.57
2016.02.01 11:18:40.856,1.40296,1.40306,1.50,1.20
2016.02.01 11:18:41.111,1.40294,1.40306,1.75,1.20
2016.02.01 11:18:41.263,1.40297,1.40306,1.50,1.10
2016.02.01 11:18:41.416,1.40297,1.40309,2.25,1.57
2016.02.01 11:18:41.517,1.40299,1.40309,1.75,1.47
2016.02.01 11:18:41.619,1.40299,1.40309,1.12,1.20
2016.02.01 11:18:41.670,1.40299,1.40309,1.50,1.20
2016.02.01 11:18:42.215,1.40299,1.40309,1.75,1.00
2016.02.01 11:18:43.622,1.40299,1.40309,1.75,1.07
2016.02.01 11:18:43.724,1.40299,1.40309,1.50,1.07
2016.02.01 11:18:44.485,1.40299,1.40309,1.12,1.20
2016.02.01 11:18:44.587,1.40299,1.4031,1.75,1.20
2016.02.01 11:18:44.640,1.40299,1.4031,1.75,1.20
2016.02.01 11:18:45.920,1.40299,1.40309,1.75,1.00
2016.02.01 11:18:46.022,1.40297,1.4031,2.25,1.45
2016.02.01 11:18:46.125,1.40297,1.40311,2.62,1.95
2016.02.01 11:18:55.455,1.40299,1.40311,2.62,1.57
2016.02.01 11:18:55.662,1.40301,1.40313,2.25,1.20
2016.02.01 11:18:55.713,1.40302,1.40314,1.12,1.07
2016.02.01 11:18:57.633,1.40301,1.40313,2.62,1.10
2016.02.01 11:18:58.665,1.40301,1.40314,2.62,1.20
2016.02.01 11:18:59.661,1.40301,1.40315,3.00,1.57
2016.02.01 11:19:05.359,1.40303,1.40313,1.00,1.10
2016.02.01 11:19:06.856,1.40301,1.40314,1.87,1.57
2016.02.01 11:19:07.414,1.40303,1.40313,1.00,1.10
2016.02.01 11:19:08.768,1.40301,1.40314,1.87,1.07
2016.02.01 11:19:09.310,1.40303,1.40313,1.00,1.10
2016.02.01 11:19:11.226,1.40304,1.40316,1.12,2.25
2016.02.01 11:19:11.328,1.40304,1.40316,2.25,1.87
2016.02.01 11:19:11.853,1.40307,1.40318,1.00,2.25
2016.02.01 11:19:12.193,1.40305,1.40317,1.12,1.12
2016.02.01 11:19:14.498,1.40304,1.40317,1.87,1.87
2016.02.01 11:19:15.034,1.40304,1.40316,1.87,1.07
2016.02.01 11:19:15.565,1.40304,1.40315,2.62,1.07
2016.02.01 11:19:16.013,1.40306,1.40318,1.87,1.50
2016.02.01 11:19:16.520,1.40306,1.40318,1.75,1.45
2016.02.01 11:19:17.100,1.40306,1.40318,1.87,1.87
2016.02.01 11:19:17.412,1.40306,1.40316,1.75,1.07
2016.02.01 11:19:17.615,1.40306,1.40316,1.50,1.07
2016.02.01 11:19:18.123,1.40306,1.40316,1.50,1.07
2016.02.01 11:19:19.930,1.40306,1.40317,1.50,1.57
2016.02.01 11:19:21.035,1.40304,1.40317,1.12,1.87
2016.02.01 11:19:22.390,1.40303,1.40315,2.62,1.07
2016.02.01 11:19:22.929,1.40303,1.40315,2.62,1.00
2016.02.01 11:19:26.813,1.40303,1.40316,1.75,1.20
2016.02.01 11:19:28.743,1.40303,1.40316,1.87,1.20
2016.02.01 11:19:29.270,1.40302,1.40313,1.12,1.00
2016.02.01 11:19:29.778,1.40305,1.40315,1.00,1.95
2016.02.01 11:19:30.340,1.40305,1.40315,1.00,1.95
2016.02.01 11:19:31.255,1.40305,1.40315,1.00,1.57
2016.02.01 11:19:31.619,1.40305,1.40315,1.00,1.57
2016.02.01 11:19:32.923,1.40304,1.40315,1.12,1.20
2016.02.01 11:19:33.844,1.40304,1.40315,1.12,1.47
2016.02.01 11:19:36.838,1.40304,1.40315,1.12,1.47
2016.02.01 11:19:38.832,1.40304,1.40315,1.12,1.47
2016.02.01 11:19:39.036,1.40303,1.40315,2.25,1.47
2016.02.01 11:19:39.867,1.40303,1.40315,2.25,1.20
2016.02.01 11:19:40.815,1.40303,1.40315,2.25,1.95
2016.02.01 11:19:45.244,1.40303,1.40315,2.62,1.57
2016.02.01 11:19:46.237,1.40303,1.40315,2.25,1.57
2016.02.01 11:19:48.850,1.40305,1.40318,1.50,1.87
2016.02.01 11:19:48.901,1.40312,1.40318,1.00,1.87
2016.02.01 11:19:49.002,1.40314,1.40318,1.00,1.00
2016.02.01 11:19:49.054,1.40315,1.40325,1.75,1.10
2016.02.01 11:19:49.156,1.40317,1.40328,1.50,1.57
2016.02.01 11:19:53.380,1.40317,1.40328,1.75,1.12
2016.02.01 11:19:58.442,1.40317,1.4033,1.75,2.25
2016.02.01 11:19:58.747,1.40315,1.40327,2.62,1.50
2016.02.01 11:19:59.271,1.40314,1.40326,3.00,1.20
2016.02.01 11:19:59.636,1.40314,1.40324,1.75,1.37
2016.02.01 11:19:59.687,1.40314,1.40324,1.50,1.50
2016.02.01 11:19:59.738,1.40311,1.4032,1.00,1.37
2016.02.01 11:20:00.167,1.40302,1.40315,1.75,1.57
2016.02.01 11:20:00.522,1.40302,1.40315,1.75,1.87
2016.02.01 11:20:01.097,1.40307,1.40316,1.00,1.10
2016.02.01 11:20:01.352,1.4031,1.40318,1.00,1.12
2016.02.01 11:20:01.406,1.4031,1.40321,1.00,1.50
2016.02.01 11:20:01.458,1.4031,1.40322,1.37,2.25
2016.02.01 11:20:01.967,1.4031,1.40322,2.62,1.50
2016.02.01 11:20:02.068,1.40312,1.40322,1.00,1.87
2016.02.01 11:20:02.613,1.4031,1.40322,2.25,1.87
2016.02.01 11:20:03.157,1.4031,1.40322,2.25,1.50
2016.02.01 11:20:04.075,1.40311,1.40323,1.50,1.87
2016.02.01 11:20:04.290,1.40311,1.40323,1.50,1.87
2016.02.01 11:20:04.829,1.40313,1.40321,1.00,1.12
2016.02.01 11:20:04.881,1.40311,1.4032,1.00,1.20
2016.02.01 11:20:05.831,1.40311,1.40319,1.00,1.12
2016.02.01 11:20:05.882,1.40309,1.40318,1.00,1.45
2016.02.01 11:20:06.086,1.40307,1.40317,1.00,1.20
2016.02.01 11:20:07.009,1.40307,1.40317,1.87,1.57
2016.02.01 11:20:07.112,1.40307,1.40318,1.87,1.00
2016.02.01 11:20:07.587,1.40307,1.40317,1.87,1.57
2016.02.01 11:20:07.689,1.40307,1.40316,1.00,1.07
2016.02.01 11:20:07.994,1.40307,1.40318,1.37,1.50
2016.02.01 11:20:08.197,1.4031,1.40322,2.62,1.10
2016.02.01 11:20:08.349,1.4031,1.40322,2.62,1.12
2016.02.01 11:20:08.451,1.4031,1.40322,2.62,1.10
2016.02.01 11:20:09.892,1.40311,1.40325,1.87,2.25
2016.02.01 11:20:10.398,1.40311,1.40325,2.25,2.25
2016.02.01 11:20:12.603,1.40313,1.40325,2.25,1.87
2016.02.01 11:20:12.755,1.40318,1.40328,1.00,2.25
2016.02.01 11:20:13.263,1.40315,1.40328,1.87,2.25
2016.02.01 11:20:14.615,1.40315,1.40329,2.25,2.62
2016.02.01 11:20:15.404,1.4032,1.40329,1.00,1.57
2016.02.01 11:20:15.910,1.40317,1.40331,2.70,1.87
2016.02.01 11:20:17.339,1.40321,1.40331,1.00,1.57
2016.02.01 11:20:19.104,1.4032,1.40333,1.75,1.20
2016.02.01 11:20:19.634,1.4032,1.40333,1.87,1.07
2016.02.01 11:20:20.209,1.40321,1.40333,1.75,1.20
2016.02.01 11:20:20.836,1.40321,1.40333,1.87,1.45
2016.02.01 11:20:22.433,1.4032,1.40332,1.50,1.12
2016.02.01 11:20:22.617,1.40316,1.40327,2.25,1.12
2016.02.01 11:20:22.720,1.40315,1.40325,1.00,1.50
2016.02.01 11:20:23.126,1.40315,1.40325,1.37,1.37
2016.02.01 11:20:23.278,1.40314,1.40326,1.87,3.00
2016.02.01 11:20:23.532,1.40312,1.40324,1.12,1.95
2016.02.01 11:20:24.126,1.40312,1.40322,1.87,1.00
2016.02.01 11:20:24.633,1.40311,1.40324,1.87,1.20
2016.02.01 11:20:24.975,1.40308,1.4032,1.37,1.95
2016.02.01 11:20:25.281,1.40307,1.40314,1.00,1.50
2016.02.01 11:20:25.791,1.40307,1.40315,1.50,1.20
2016.02.01 11:20:25.843,1.40308,1.40318,1.00,2.62
2016.02.01 11:20:25.945,1.40308,1.40318,1.50,1.07
2016.02.01 11:20:26.047,1.40307,1.40319,3.00,1.12
2016.02.01 11:20:26.149,1.40307,1.40319,2.25,2.25
2016.02.01 11:20:26.352,1.40304,1.40317,1.12,1.87
2016.02.01 11:20:26.454,1.40305,1.40316,1.50,1.20
2016.02.01 11:20:26.980,1.40306,1.40317,1.00,1.95
2016.02.01 11:20:28.854,1.40305,1.40314,1.50,1.10
2016.02.01 11:20:29.362,1.40305,1.40316,1.12,1.75
2016.02.01 11:20:29.882,1.40305,1.40316,1.12,1.45
2016.02.01 11:20:29.933,1.40305,1.40316,1.12,1.82
2016.02.01 11:20:30.340,1.40308,1.40316,1.00,1.20
2016.02.01 11:20:30.442,1.40308,1.40318,1.50,1.20
2016.02.01 11:20:30.635,1.40309,1.40319,1.50,1.12
2016.02.01 11:20:30.838,1.40307,1.40319,1.50,1.87
2016.02.01 11:20:30.889,1.40307,1.40319,1.50,1.57
2016.02.01 11:20:31.042,1.40307,1.40318,1.00,1.20
2016.02.01 11:20:31.093,1.40305,1.40318,1.12,2.25
2016.02.01 11:20:31.398,1.40307,1.40317,1.00,1.50
2016.02.01 11:20:31.652,1.40305,1.40317,1.00,1.50
2016.02.01 11:20:32.179,1.40305,1.40317,1.87,1.50
2016.02.01 11:20:32.686,1.40305,1.40317,1.00,2.25
2016.02.01 11:20:32.940,1.40303,1.40315,1.50,1.12
2016.02.01 11:20:34.608,1.40304,1.40314,1.00,1.57
2016.02.01 11:20:34.660,1.40306,1.40314,1.00,1.00
2016.02.01 11:20:34.763,1.40306,1.40318,1.87,1.87
2016.02.01 11:20:34.864,1.40306,1.40318,2.25,1.87
2016.02.01 11:20:35.373,1.40307,1.40319,1.75,2.32
2016.02.01 11:20:35.860,1.40307,1.40317,1.50,1.00
2016.02.01 11:20:36.387,1.40308,1.40317,1.00,1.00
2016.02.01 11:20:39.280,1.40308,1.40319,1.12,1.45
2016.02.01 11:20:40.125,1.40309,1.40321,1.50,1.50
2016.02.01 11:20:40.431,1.40306,1.40318,2.62,1.50
2016.02.01 11:20:40.584,1.40306,1.40319,1.50,2.25
2016.02.01 11:20:40.688,1.40308,1.40318,1.00,1.07
2016.02.01 11:20:41.198,1.40309,1.40319,1.00,1.50
2016.02.01 11:20:41.745,1.40307,1.40318,1.37,1.12
2016.02.01 11:20:42.303,1.40305,1.40319,3.00,2.25
2016.02.01 11:20:43.600,1.40305,1.40317,2.62,1.12
2016.02.01 11:20:47.427,1.40306,1.40316,1.00,1.07
2016.02.01 11:20:49.467,1.40306,1.40315,1.00,1.12
2016.02.01 11:20:49.570,1.40306,1.40313,1.00,1.12
2016.02.01 11:20:49.623,1.40302,1.40313,1.75,1.87
2016.02.01 11:20:49.727,1.403,1.40313,1.12,2.62
2016.02.01 11:20:49.834,1.40299,1.40311,4.12,1.12
2016.02.01 11:20:52.811,1.40299,1.40312,1.87,1.50
2016.02.01 11:20:52.913,1.403,1.40309,1.00,1.00
2016.02.01 11:20:53.434,1.40298,1.4031,2.25,1.20
2016.02.01 11:20:54.406,1.40301,1.40312,1.00,2.25
2016.02.01 11:20:54.744,1.40306,1.40319,1.87,1.47
2016.02.01 11:20:55.049,1.40308,1.40318,1.00,1.87
2016.02.01 11:20:55.405,1.40308,1.40317,1.00,1.37
2016.02.01 11:20:55.609,1.40303,1.40315,1.79,1.45
2016.02.01 11:20:55.953,1.40304,1.40315,1.12,1.50
2016.02.01 11:20:56.460,1.40304,1.40315,1.12,1.20
2016.02.01 11:20:56.511,1.40306,1.40315,1.00,1.20
