2010.07.05 04:00:02.886,1.0599,1.06025,3.20,10.40
2010.07.05 04:00:03.227,1.0599,1.0602,3.20,1.00
2010.07.05 04:00:44.037,1.05995,1.0602,1.60,1.00
2010.07.05 04:00:44.380,1.05995,1.0602,3.20,1.00
2010.07.05 04:00:52.460,1.05995,1.0602,1.60,1.00
2010.07.05 04:00:52.657,1.0599,1.0602,3.20,1.00
2010.07.05 04:01:17.938,1.06,1.0602,1.60,1.00
2010.07.05 04:01:26.311,1.0599,1.0602,4.00,1.00
2010.07.05 04:01:26.531,1.0599,1.0602,3.20,1.00
2010.07.05 04:02:06.368,1.05979,1.05999,1.00,1.40
2010.07.05 04:02:06.890,1.05978,1.05998,4.00,3.00
2010.07.05 04:02:07.071,1.05976,1.05996,2.40,8.60
2010.07.05 04:02:10.518,1.05975,1.05995,1.60,1.00
2010.07.05 04:02:10.858,1.05973,1.05993,2.40,4.60
2010.07.05 04:02:11.117,1.05972,1.05992,1.00,1.40
2010.07.05 04:02:11.736,1.05972,1.05992,1.00,1.00
2010.07.05 04:02:11.995,1.05973,1.05993,1.60,1.60
2010.07.05 04:02:12.137,1.05975,1.05995,8.00,3.00
2010.07.05 04:02:12.419,1.05979,1.05999,2.40,4.60
2010.07.05 04:02:13.820,1.05979,1.05999,1.00,3.00
2010.07.05 04:02:14.528,1.05979,1.05999,3.20,1.00
2010.07.05 04:02:15.741,1.05978,1.05998,1.00,3.00
2010.07.05 04:02:16.100,1.05977,1.05997,1.00,1.40
2010.07.05 04:02:16.280,1.05977,1.05997,1.00,1.40
2010.07.05 04:02:17.279,1.05978,1.05998,1.00,1.40
2010.07.05 04:02:18.358,1.05979,1.05999,1.00,3.20
2010.07.05 04:02:18.697,1.05977,1.05997,1.00,3.00
2010.07.05 04:02:18.869,1.05973,1.05993,1.00,8.80
2010.07.05 04:02:19.200,1.05972,1.05992,1.00,3.00
2010.07.05 04:02:19.533,1.05973,1.05993,5.40,3.00
2010.07.05 04:02:19.819,1.05975,1.05995,3.20,1.00
2010.07.05 04:02:21.687,1.0598,1.06,1.00,3.00
2010.07.05 04:02:21.851,1.05983,1.06003,3.20,3.00
2010.07.05 04:02:22.068,1.05981,1.06001,1.00,3.00
2010.07.05 04:02:23.339,1.05977,1.05997,1.00,3.00
2010.07.05 04:02:23.570,1.05976,1.05996,4.80,2.20
2010.07.05 04:02:25.767,1.05975,1.05995,1.00,3.00
2010.07.05 04:02:25.979,1.05975,1.05995,1.00,2.20
2010.07.05 04:02:26.189,1.05976,1.05996,4.80,2.20
2010.07.05 04:02:27.151,1.05975,1.05995,1.60,1.00
2010.07.05 04:02:28.834,1.05974,1.05994,1.60,1.40
2010.07.05 04:02:29.183,1.05974,1.05994,1.00,3.60
2010.07.05 04:02:29.530,1.05973,1.05993,1.00,1.60
2010.07.05 04:02:29.957,1.05972,1.05992,3.20,1.00
2010.07.05 04:02:30.096,1.05969,1.05989,1.00,3.60
2010.07.05 04:02:31.227,1.05965,1.05985,4.40,1.00
2010.07.05 04:02:31.720,1.05966,1.05986,3.20,3.00
2010.07.05 04:02:31.911,1.05971,1.05991,1.00,1.40
2010.07.05 04:02:32.101,1.05975,1.05995,2.40,4.60
2010.07.05 04:02:35.524,1.05978,1.05998,2.40,3.00
2010.07.05 04:02:36.705,1.05976,1.05996,4.80,1.60
2010.07.05 04:02:38.949,1.05976,1.05996,2.40,4.60
2010.07.05 04:02:39.251,1.05976,1.05996,4.80,1.00
2010.07.05 04:02:39.557,1.0598,1.05995,1.00,2.20
2010.07.05 04:02:41.859,1.05977,1.05997,1.60,1.60
2010.07.05 04:02:42.349,1.05981,1.05996,3.20,1.00
2010.07.05 04:02:42.499,1.05981,1.05996,2.40,1.40
2010.07.05 04:02:42.800,1.05978,1.05993,8.80,1.00
2010.07.05 04:02:43.103,1.05973,1.05993,1.00,8.80
2010.07.05 04:02:44.460,1.05975,1.0599,1.60,3.00
2010.07.05 04:02:44.559,1.05975,1.05995,4.40,1.00
2010.07.05 04:02:44.660,1.05975,1.05995,1.00,3.00
2010.07.05 04:02:44.851,1.05974,1.05994,1.00,1.00
2010.07.05 04:02:47.085,1.05973,1.05993,4.80,3.00
2010.07.05 04:02:48.636,1.05975,1.05995,1.60,3.00
2010.07.05 04:02:55.722,1.05981,1.05996,1.00,9.20
2010.07.05 04:02:56.016,1.05983,1.05998,4.80,2.20
2010.07.05 04:02:56.517,1.05982,1.05997,1.00,3.00
2010.07.05 04:02:57.472,1.05978,1.05998,1.60,2.20
2010.07.05 04:02:58.730,1.05974,1.05994,1.00,1.00
2010.07.05 04:02:59.851,1.05972,1.05992,8.00,1.40
2010.07.05 04:03:59.377,1.0599,1.0602,2.40,2.40
2010.07.05 04:03:59.717,1.0599,1.06015,1.60,1.00
2010.07.05 04:04:11.939,1.0599,1.0602,2.40,1.00
2010.07.05 04:04:17.918,1.0599,1.0602,2.40,2.40
2010.07.05 04:04:18.274,1.0599,1.06015,1.60,1.00
2010.07.05 04:04:40.946,1.0599,1.0602,1.60,1.00
2010.07.05 04:04:41.290,1.0599,1.0602,2.40,1.00
2010.07.05 04:04:42.309,1.0599,1.06015,2.40,1.00
2010.07.05 04:04:42.648,1.0599,1.06015,1.60,1.00
2010.07.05 04:05:19.236,1.0599,1.0602,2.40,1.00
2010.07.05 04:05:29.177,1.0599,1.0602,3.20,1.00
2010.07.05 04:05:32.377,1.0599,1.0601,3.20,1.60
2010.07.05 04:05:32.487,1.0599,1.0601,2.40,2.40
2010.07.05 04:05:32.708,1.05985,1.0601,3.20,4.80
2010.07.05 04:05:35.377,1.0599,1.0601,1.60,1.60
2010.07.05 04:05:35.688,1.0599,1.0601,1.60,1.00
2010.07.05 04:05:35.998,1.0599,1.06015,1.60,1.00
2010.07.05 04:05:42.586,1.0599,1.0602,2.40,1.00
2010.07.05 04:06:28.908,1.0599,1.0602,3.20,1.00
2010.07.05 04:07:07.912,1.0599,1.0602,3.20,3.20
2010.07.05 04:07:21.309,1.0599,1.06015,2.40,1.00
2010.07.05 04:07:27.836,1.0599,1.0601,1.00,1.60
2010.07.05 04:07:28.029,1.05985,1.0601,2.40,4.80
2010.07.05 04:07:28.218,1.05985,1.0601,1.60,6.40
2010.07.05 04:07:28.708,1.05985,1.0601,1.60,7.20
2010.07.05 04:07:29.319,1.05985,1.0601,1.70,7.20
2010.07.05 04:07:29.968,1.05985,1.0601,1.70,6.40
2010.07.05 04:07:30.649,1.05985,1.06005,1.00,3.20
2010.07.05 04:07:30.942,1.0598,1.06005,2.80,3.20
2010.07.05 04:07:31.228,1.0598,1.06005,2.40,3.20
2010.07.05 04:07:35.448,1.0598,1.06005,1.60,6.90
2010.07.05 04:07:35.668,1.0598,1.06005,1.60,7.70
2010.07.05 04:07:36.160,1.0598,1.06005,1.60,7.20
2010.07.05 04:07:36.410,1.0598,1.06005,1.60,4.00
2010.07.05 04:07:39.387,1.0598,1.06005,2.40,4.00
2010.07.05 04:07:40.318,1.0598,1.06005,1.60,4.00
2010.07.05 04:07:43.561,1.0597,1.06,3.60,1.00
2010.07.05 04:07:43.712,1.0597,1.06,3.20,3.20
2010.07.05 04:07:59.806,1.0597,1.05995,2.40,1.60
2010.07.05 04:08:07.399,1.0597,1.05995,2.80,1.60
2010.07.05 04:08:07.630,1.05975,1.06,3.20,8.00
2010.07.05 04:08:07.988,1.0598,1.06,1.60,4.00
2010.07.05 04:08:08.098,1.0598,1.06,1.60,2.40
2010.07.05 04:08:08.209,1.0598,1.06,1.60,1.00
2010.07.05 04:08:11.598,1.05975,1.06,1.60,4.80
2010.07.05 04:08:11.850,1.0597,1.05995,2.80,1.60
2010.07.05 04:08:12.100,1.0597,1.05995,2.40,3.20
2010.07.05 04:08:27.858,1.0597,1.05995,1.60,4.00
2010.07.05 04:08:47.377,1.05975,1.05995,1.60,2.40
2010.07.05 04:08:47.499,1.05975,1.05995,1.60,1.00
2010.07.05 04:08:47.867,1.05975,1.06,1.60,6.40
2010.07.05 04:08:49.269,1.0598,1.06,1.60,1.60
2010.07.05 04:08:49.518,1.0598,1.06,1.60,1.00
2010.07.05 04:08:57.828,1.05975,1.06,4.00,2.40
2010.07.05 04:08:58.129,1.05975,1.06,1.60,4.00
2010.07.05 04:08:58.300,1.05975,1.06,1.60,5.60
2010.07.05 04:09:16.139,1.0598,1.06,1.60,2.40
2010.07.05 04:09:16.338,1.0598,1.06,1.60,1.00
2010.07.05 04:09:26.456,1.05975,1.06,3.20,2.40
2010.07.05 04:09:30.353,1.05975,1.06,3.20,4.00
2010.07.05 04:09:30.572,1.05975,1.06,3.20,3.20
2010.07.05 04:09:30.788,1.05975,1.06,3.20,2.40
2010.07.05 04:09:52.839,1.05975,1.06,3.20,2.80
2010.07.05 04:09:53.150,1.05975,1.06,3.20,3.60
2010.07.05 04:09:54.419,1.05975,1.06,1.60,7.60
2010.07.05 04:09:54.758,1.05975,1.06,1.60,5.60
2010.07.05 04:09:55.438,1.05975,1.05995,1.60,1.00
2010.07.05 04:09:58.548,1.0597,1.0599,2.40,1.60
2010.07.05 04:09:58.889,1.05965,1.0599,4.30,1.60
2010.07.05 04:10:07.239,1.05965,1.0599,3.20,1.60
2010.07.05 04:10:07.579,1.05975,1.05995,1.60,3.20
2010.07.05 04:10:09.090,1.05975,1.05985,1.60,1.00
2010.07.05 04:10:09.342,1.0597,1.05985,1.20,1.50
2010.07.05 04:10:09.680,1.05965,1.05985,1.60,1.00
2010.07.05 04:10:10.959,1.05965,1.0598,1.60,1.00
2010.07.05 04:10:14.329,1.05965,1.05975,1.60,1.00
2010.07.05 04:10:20.987,1.05965,1.05985,1.60,1.00
2010.07.05 04:10:21.467,1.05965,1.05985,1.60,1.00
2010.07.05 04:10:22.405,1.0596,1.05985,2.40,1.00
2010.07.05 04:10:28.097,1.0596,1.05985,2.40,2.40
2010.07.05 04:10:28.440,1.0596,1.0598,1.60,1.00
2010.07.05 04:10:29.141,1.0596,1.05985,1.60,1.70
2010.07.05 04:10:29.480,1.0596,1.0598,1.60,1.00
2010.07.05 04:10:35.047,1.05955,1.0598,10.40,1.00
2010.07.05 04:10:42.108,1.05955,1.05985,10.40,3.30
2010.07.05 04:10:42.888,1.0595,1.05985,15.60,4.00
2010.07.05 04:10:44.418,1.0595,1.05985,15.60,4.20
2010.07.05 04:10:48.907,1.05955,1.05985,10.40,4.10
2010.07.05 04:10:58.970,1.05955,1.05985,10.40,3.20
2010.07.05 04:11:01.839,1.05955,1.05985,10.40,4.40
2010.07.05 04:11:02.740,1.05955,1.05985,10.40,3.60
2010.07.05 04:11:03.079,1.05955,1.05985,10.40,3.20
2010.07.05 04:11:04.181,1.05955,1.05985,10.40,4.00
2010.07.05 04:11:05.729,1.0596,1.05985,1.00,3.20
2010.07.05 04:11:10.408,1.0596,1.0597,1.00,1.00
2010.07.05 04:11:10.799,1.0596,1.0598,1.00,1.00
2010.07.05 04:11:10.951,1.0595,1.05975,3.20,1.00
2010.07.05 04:11:11.100,1.05945,1.05975,8.00,2.40
2010.07.05 04:11:11.385,1.05945,1.05975,4.80,2.00
2010.07.05 04:11:11.534,1.05945,1.0597,4.80,1.60
2010.07.05 04:11:14.019,1.0594,1.0597,10.00,1.60
2010.07.05 04:11:14.978,1.0594,1.0597,10.00,2.40
2010.07.05 04:11:15.320,1.05935,1.05965,1.00,2.50
2010.07.05 04:11:15.659,1.0593,1.0596,7.20,1.00
2010.07.05 04:11:16.680,1.05935,1.0596,9.60,1.00
2010.07.05 04:11:17.019,1.0593,1.05965,16.40,2.40
2010.07.05 04:11:19.760,1.0593,1.05965,18.00,2.40
2010.07.05 04:11:20.883,1.0593,1.05965,11.60,2.40
2010.07.05 04:11:21.221,1.05925,1.0596,15.60,1.00
2010.07.05 04:11:22.551,1.05935,1.05965,1.00,2.40
2010.07.05 04:11:22.760,1.05935,1.05965,1.00,2.50
2010.07.05 04:11:24.497,1.05935,1.05965,1.00,2.40
2010.07.05 04:11:32.200,1.05935,1.05965,1.00,2.50
2010.07.05 04:11:35.859,1.0593,1.05955,1.00,2.00
2010.07.05 04:11:36.126,1.05925,1.0595,5.60,1.60
2010.07.05 04:11:36.733,1.05925,1.0595,4.00,2.40
2010.07.05 04:11:37.418,1.05925,1.0595,2.40,2.40
2010.07.05 04:11:45.356,1.05925,1.05945,2.40,1.00
2010.07.05 04:11:45.618,1.05925,1.05945,1.60,1.70
2010.07.05 04:11:46.789,1.05925,1.0595,1.60,3.20
2010.07.05 04:11:47.211,1.05925,1.0594,1.60,1.60
2010.07.05 04:11:47.557,1.05915,1.05935,1.60,2.40
2010.07.05 04:11:48.498,1.05915,1.05935,1.60,1.60
2010.07.05 04:11:52.759,1.05915,1.05935,1.60,2.40
2010.07.05 04:11:54.777,1.05915,1.05935,1.60,2.00
2010.07.05 04:11:54.929,1.05915,1.05935,1.60,1.60
2010.07.05 04:11:55.479,1.05915,1.05935,1.60,2.40
2010.07.05 04:11:56.508,1.05915,1.05935,1.60,1.60
2010.07.05 04:11:57.190,1.05915,1.05935,1.60,2.70
2010.07.05 04:12:00.014,1.05915,1.05935,1.60,2.40
2010.07.05 04:12:02.121,1.05915,1.05935,1.60,2.70
2010.07.05 04:12:04.967,1.05915,1.05935,1.60,2.90
2010.07.05 04:12:05.609,1.05915,1.05935,1.60,2.50
2010.07.05 04:12:06.061,1.05915,1.05935,1.60,2.90
2010.07.05 04:12:07.937,1.05915,1.05935,1.60,2.50
2010.07.05 04:12:08.078,1.05915,1.05935,1.60,3.70
2010.07.05 04:12:08.218,1.05915,1.0593,1.60,1.60
2010.07.05 04:12:08.393,1.0591,1.0593,1.60,1.60
2010.07.05 04:12:08.564,1.05905,1.0593,4.80,1.60
2010.07.05 04:12:08.741,1.0591,1.0593,1.00,1.60
2010.07.05 04:12:11.148,1.0591,1.05925,1.00,1.60
2010.07.05 04:12:11.309,1.059,1.05925,1.00,1.60
2010.07.05 04:12:11.726,1.05895,1.05925,10.50,2.40
2010.07.05 04:12:15.909,1.059,1.05925,1.00,2.40
2010.07.05 04:12:16.069,1.059,1.05925,1.60,1.60
2010.07.05 04:12:26.861,1.059,1.05925,1.00,2.40
2010.07.05 04:12:28.100,1.059,1.05925,1.60,1.60
2010.07.05 04:12:28.408,1.05905,1.05925,1.00,1.60
2010.07.05 04:12:41.467,1.059,1.05925,3.20,1.60
2010.07.05 04:12:44.443,1.059,1.05925,1.60,1.60
2010.07.05 04:12:44.700,1.059,1.05925,1.00,1.60
2010.07.05 04:12:44.961,1.05895,1.05925,10.40,1.60
2010.07.05 04:12:45.561,1.05895,1.05925,10.40,2.40
2010.07.05 04:13:00.978,1.05895,1.05925,10.40,3.20
2010.07.05 04:13:01.769,1.05895,1.05925,10.40,3.30
2010.07.05 04:13:02.032,1.05895,1.0592,10.40,1.60
2010.07.05 04:13:02.292,1.05895,1.05915,3.20,1.60
2010.07.05 04:13:02.554,1.05895,1.05915,1.60,1.60
2010.07.05 04:13:03.150,1.05895,1.05915,1.60,1.80
2010.07.05 04:13:07.799,1.0589,1.05915,1.60,1.80
2010.07.05 04:13:08.010,1.05885,1.05915,1.60,4.20
2010.07.05 04:13:08.271,1.05885,1.05915,1.60,7.40
2010.07.05 04:13:08.613,1.05885,1.0591,1.00,1.60
2010.07.05 04:13:23.338,1.05885,1.0591,1.00,1.60
2010.07.05 04:13:23.548,1.05895,1.0591,1.00,1.60
2010.07.05 04:13:24.201,1.0589,1.0591,1.00,1.60
2010.07.05 04:13:25.468,1.05885,1.0591,1.00,1.60
2010.07.05 04:13:29.500,1.0589,1.0591,1.00,1.60
2010.07.05 04:13:30.763,1.0588,1.0591,3.30,2.40
2010.07.05 04:13:31.102,1.0588,1.05905,2.40,1.60
2010.07.05 04:13:34.249,1.0588,1.05905,1.00,1.60
2010.07.05 04:13:34.438,1.05875,1.05905,10.60,1.60
2010.07.05 04:13:34.628,1.05875,1.05905,10.60,2.40
2010.07.05 04:13:35.259,1.05875,1.05905,10.40,2.40
2010.07.05 04:13:37.498,1.05885,1.05905,1.60,1.00
2010.07.05 04:13:37.651,1.05885,1.05905,7.30,1.00
2010.07.05 04:13:37.801,1.0589,1.05915,1.60,4.20
2010.07.05 04:13:37.954,1.0589,1.05915,2.00,4.20
2010.07.05 04:13:38.409,1.0589,1.05915,2.10,4.20
2010.07.05 04:13:40.869,1.05895,1.05915,1.00,4.20
2010.07.05 04:13:41.298,1.05895,1.05915,8.00,1.00
2010.07.05 04:13:41.498,1.05895,1.05915,8.80,1.00
2010.07.05 04:13:41.960,1.05895,1.05925,8.90,1.60
2010.07.05 04:13:42.240,1.05905,1.05925,1.00,1.60
2010.07.05 04:13:42.631,1.05905,1.0593,1.00,1.60
2010.07.05 04:13:42.919,1.059,1.0593,1.70,1.60
2010.07.05 04:13:44.040,1.05905,1.0593,1.60,1.60
2010.07.05 04:13:44.401,1.05905,1.05925,1.60,1.60
2010.07.05 04:13:44.918,1.05905,1.05925,1.70,1.60
2010.07.05 04:13:47.198,1.0591,1.05925,1.00,1.60
2010.07.05 04:13:47.418,1.0591,1.0593,1.00,1.60
2010.07.05 04:13:48.577,1.05915,1.0593,1.00,1.60
2010.07.05 04:13:49.019,1.0591,1.0593,1.00,1.60
2010.07.05 04:13:49.828,1.05915,1.0593,1.00,1.60
2010.07.05 04:13:50.689,1.0591,1.05925,1.00,1.60
2010.07.05 04:13:51.032,1.05905,1.05925,1.70,1.60
2010.07.05 04:13:51.370,1.05905,1.05925,1.00,1.60
2010.07.05 04:13:51.650,1.05905,1.05925,1.00,1.60
2010.07.05 04:13:55.309,1.05905,1.05925,1.60,1.60
2010.07.05 04:13:57.470,1.059,1.05925,1.60,1.60
2010.07.05 04:14:00.025,1.05915,1.05925,1.60,1.60
2010.07.05 04:14:00.286,1.0591,1.05945,1.30,2.40
2010.07.05 04:14:00.544,1.0592,1.0595,1.60,3.40
2010.07.05 04:14:00.801,1.05915,1.0595,1.00,2.60
2010.07.05 04:14:01.202,1.0592,1.0595,4.00,2.60
2010.07.05 04:14:01.545,1.0592,1.05945,5.20,4.10
2010.07.05 04:14:02.523,1.0592,1.0594,1.20,2.40
2010.07.05 04:14:02.734,1.0591,1.05935,2.40,1.60
2010.07.05 04:14:03.024,1.05905,1.0593,1.00,1.60
2010.07.05 04:14:05.780,1.05905,1.05935,1.60,4.40
2010.07.05 04:14:06.121,1.05915,1.05935,2.80,2.40
2010.07.05 04:14:06.462,1.05915,1.05935,1.00,3.20
2010.07.05 04:14:06.804,1.05915,1.05945,4.40,4.40
2010.07.05 04:14:07.152,1.059,1.05935,5.20,1.60
2010.07.05 04:14:07.490,1.059,1.0594,3.60,2.40
2010.07.05 04:14:07.832,1.05915,1.05945,2.20,2.40
2010.07.05 04:14:08.267,1.05915,1.0594,5.00,1.00
2010.07.05 04:14:08.613,1.0591,1.05945,1.60,5.10
2010.07.05 04:14:08.962,1.0591,1.05935,3.60,1.60
2010.07.05 04:14:09.199,1.0591,1.05935,3.20,1.60
2010.07.05 04:14:11.091,1.0591,1.0593,1.00,1.60
2010.07.05 04:14:11.318,1.0591,1.05935,2.40,3.20
2010.07.05 04:14:11.549,1.0591,1.0593,1.00,1.60
2010.07.05 04:14:12.529,1.0591,1.05935,2.40,3.20
2010.07.05 04:14:12.840,1.0591,1.05935,3.20,1.60
2010.07.05 04:14:18.153,1.0591,1.0594,7.20,2.40
2010.07.05 04:14:19.479,1.05915,1.0594,1.60,1.60
2010.07.05 04:14:19.982,1.05915,1.05945,1.60,3.20
2010.07.05 04:14:20.326,1.05925,1.05945,8.00,2.40
2010.07.05 04:14:20.673,1.0593,1.05945,1.00,1.60
2010.07.05 04:14:21.692,1.0593,1.05945,7.20,1.00
2010.07.05 04:14:22.949,1.0593,1.05955,7.20,1.60
2010.07.05 04:14:26.781,1.0593,1.05955,1.60,1.60
2010.07.05 04:14:27.233,1.05925,1.0595,10.40,1.60
2010.07.05 04:14:27.568,1.05925,1.0595,8.80,1.60
2010.07.05 04:14:30.557,1.05925,1.0595,7.20,1.60
2010.07.05 04:14:30.710,1.0592,1.0595,1.60,2.40
2010.07.05 04:14:30.861,1.0592,1.05945,1.00,1.00
2010.07.05 04:14:31.086,1.05915,1.0594,1.60,1.60
2010.07.05 04:14:31.250,1.05915,1.05935,1.60,1.60
2010.07.05 04:14:32.269,1.05915,1.05935,1.00,1.60
2010.07.05 04:14:36.430,1.05915,1.0593,1.00,1.60
2010.07.05 04:14:36.708,1.0591,1.05925,1.60,1.60
2010.07.05 04:14:36.985,1.0591,1.0593,1.00,2.40
2010.07.05 04:14:37.391,1.0591,1.05935,1.60,1.60
2010.07.05 04:14:37.700,1.05915,1.05935,1.00,1.60
2010.07.05 04:14:38.014,1.05915,1.0594,1.60,1.60
2010.07.05 04:14:39.008,1.05915,1.05945,1.60,1.60
2010.07.05 04:14:39.351,1.0592,1.0594,1.60,1.60
2010.07.05 04:14:39.504,1.0592,1.0594,1.00,1.60
2010.07.05 04:14:50.830,1.05915,1.0594,1.60,1.60
2010.07.05 04:14:51.060,1.0591,1.0594,7.20,2.40
2010.07.05 04:14:51.559,1.0591,1.0594,9.60,2.40
2010.07.05 04:14:51.841,1.05915,1.0594,8.00,1.60
2010.07.05 04:14:52.728,1.05915,1.0594,8.80,1.60
2010.07.05 04:14:53.949,1.05915,1.05945,10.40,2.40
2010.07.05 04:14:57.497,1.05915,1.0594,8.80,1.60
2010.07.05 04:14:57.608,1.05915,1.0594,4.80,1.60
2010.07.05 04:14:57.718,1.05915,1.0594,1.60,1.60
2010.07.05 04:14:57.888,1.05915,1.0594,1.00,1.60
2010.07.05 04:14:58.518,1.0591,1.0594,7.20,1.60
2010.07.05 04:14:59.018,1.0591,1.0594,7.20,2.40
2010.07.05 04:15:07.338,1.0591,1.05935,7.20,1.60
2010.07.05 04:15:07.479,1.0591,1.0594,7.20,2.40
2010.07.05 04:15:09.841,1.0591,1.0594,7.20,1.60
2010.07.05 04:15:09.967,1.05915,1.0594,1.00,1.60
2010.07.05 04:15:10.276,1.0592,1.0594,1.00,1.60
2010.07.05 04:15:11.019,1.0592,1.05945,1.00,2.40
2010.07.05 04:15:12.450,1.0592,1.05945,1.60,1.60
2010.07.05 04:15:12.694,1.05925,1.0595,4.00,1.60
2010.07.05 04:15:12.941,1.0593,1.0595,1.00,1.60
2010.07.05 04:15:13.919,1.0593,1.05955,3.20,1.60
2010.07.05 04:15:14.190,1.0593,1.05955,4.00,1.60
2010.07.05 04:15:14.581,1.0593,1.0595,1.60,1.60
2010.07.05 04:15:15.208,1.0593,1.0595,1.00,1.60
2010.07.05 04:15:15.879,1.05925,1.0595,8.80,1.60
2010.07.05 04:15:23.511,1.05925,1.0595,1.60,1.60
2010.07.05 04:15:23.660,1.0592,1.0595,1.60,2.40
2010.07.05 04:15:23.811,1.0592,1.05945,1.60,1.60
2010.07.05 04:15:24.014,1.0592,1.05945,1.00,2.40
2010.07.05 04:15:43.578,1.0592,1.05945,4.00,1.00
2010.07.05 04:15:43.719,1.0592,1.0595,6.40,2.40
2010.07.05 04:15:43.851,1.05925,1.0595,4.80,1.60
2010.07.05 04:15:44.100,1.05925,1.0595,8.00,1.60
2010.07.05 04:16:12.851,1.05925,1.0595,8.80,1.60
2010.07.05 04:16:13.114,1.0593,1.05955,5.60,1.60
2010.07.05 04:16:13.371,1.0593,1.05955,6.40,1.60
2010.07.05 04:16:13.711,1.0593,1.0595,1.00,1.60
2010.07.05 04:16:14.767,1.05925,1.0595,8.80,1.60
2010.07.05 04:16:24.057,1.05925,1.0595,4.00,2.40
2010.07.05 04:16:24.232,1.0592,1.05945,1.60,1.60
2010.07.05 04:16:24.568,1.0592,1.05945,1.00,1.60
2010.07.05 04:16:32.110,1.0592,1.0594,1.00,1.60
2010.07.05 04:16:33.099,1.0592,1.05945,1.00,1.60
2010.07.05 04:16:33.299,1.0592,1.05945,4.00,1.60
2010.07.05 04:16:35.571,1.0592,1.0595,4.80,2.40
2010.07.05 04:16:49.681,1.0592,1.05945,4.80,1.60
2010.07.05 04:16:53.516,1.05925,1.0595,4.80,2.40
2010.07.05 04:16:53.732,1.05925,1.0595,8.00,2.40
2010.07.05 04:17:00.202,1.05925,1.05945,8.00,1.60
2010.07.05 04:17:00.590,1.05925,1.05945,2.40,1.60
2010.07.05 04:17:00.930,1.05925,1.05945,1.60,1.60
2010.07.05 04:17:01.268,1.05925,1.0595,1.60,2.40
2010.07.05 04:17:01.608,1.05925,1.0595,2.40,1.60
2010.07.05 04:17:01.769,1.05925,1.0595,10.40,1.60
2010.07.05 04:17:05.988,1.0593,1.05955,1.00,2.40
2010.07.05 04:17:06.347,1.0593,1.05955,1.60,1.60
2010.07.05 04:17:06.751,1.0594,1.0596,1.00,1.60
2010.07.05 04:17:08.143,1.0594,1.05965,1.00,1.60
2010.07.05 04:17:08.474,1.05935,1.0596,1.60,1.60
2010.07.05 04:17:14.765,1.05935,1.0596,1.00,2.40
2010.07.05 04:17:18.436,1.0593,1.05955,7.20,1.60
2010.07.05 04:17:22.571,1.0593,1.05955,4.00,1.60
2010.07.05 04:17:22.858,1.0593,1.05955,3.20,2.40
2010.07.05 04:17:23.082,1.05925,1.0595,10.40,1.60
2010.07.05 04:17:27.789,1.05925,1.05955,10.40,2.40
2010.07.05 04:17:29.402,1.05925,1.0595,1.00,1.60
2010.07.05 04:17:29.606,1.05925,1.05945,1.00,1.60
2010.07.05 04:17:29.819,1.0592,1.05945,1.60,1.70
2010.07.05 04:17:30.160,1.0592,1.0594,1.00,1.60
2010.07.05 04:17:30.510,1.05915,1.0594,1.00,1.60
2010.07.05 04:17:30.856,1.05915,1.05945,3.20,2.40
2010.07.05 04:17:31.203,1.05915,1.0594,1.60,1.60
2010.07.05 04:17:32.346,1.05915,1.0594,1.00,1.60
2010.07.05 04:17:33.550,1.0591,1.0594,1.60,2.40
2010.07.05 04:17:33.890,1.0591,1.05935,8.80,1.60
2010.07.05 04:17:34.229,1.05915,1.05935,1.60,1.60
2010.07.05 04:17:37.548,1.05915,1.05935,2.40,1.60
2010.07.05 04:17:38.008,1.05915,1.05935,1.00,1.60
2010.07.05 04:17:38.108,1.0591,1.05935,4.80,1.60
2010.07.05 04:17:39.323,1.05915,1.05935,1.60,1.60
2010.07.05 04:17:40.900,1.0591,1.05935,4.00,1.60
2010.07.05 04:17:41.241,1.05915,1.05935,1.60,1.60
2010.07.05 04:17:45.018,1.0591,1.0593,8.00,1.60
2010.07.05 04:17:45.158,1.0591,1.0593,7.20,1.60
2010.07.05 04:17:45.298,1.0591,1.0593,1.00,1.60
2010.07.05 04:17:45.540,1.05905,1.05935,1.60,9.40
2010.07.05 04:17:45.783,1.059,1.05925,1.60,1.60
2010.07.05 04:17:46.020,1.059,1.05925,3.20,1.60
2010.07.05 04:17:46.259,1.05905,1.05925,1.60,1.60
2010.07.05 04:17:46.499,1.05905,1.0593,1.60,1.60
2010.07.05 04:17:46.843,1.05905,1.05935,7.20,2.40
2010.07.05 04:17:47.325,1.0591,1.05935,1.00,2.40
2010.07.05 04:17:52.119,1.0591,1.05935,1.00,2.00
2010.07.05 04:17:52.238,1.0591,1.0593,1.00,1.60
2010.07.05 04:17:52.719,1.05905,1.0593,3.20,1.60
2010.07.05 04:17:53.830,1.05905,1.0593,1.00,1.60
2010.07.05 04:17:54.144,1.05905,1.05925,1.00,1.60
2010.07.05 04:17:55.552,1.059,1.05925,1.60,1.60
2010.07.05 04:17:58.242,1.05895,1.0592,1.60,1.60
2010.07.05 04:17:58.420,1.05895,1.0592,1.00,1.60
2010.07.05 04:17:58.599,1.0589,1.05915,5.60,1.00
2010.07.05 04:17:58.918,1.05885,1.05915,11.20,2.40
2010.07.05 04:18:00.070,1.05895,1.05915,1.00,2.40
2010.07.05 04:18:00.609,1.05895,1.05915,1.00,2.40
2010.07.05 04:18:01.737,1.05895,1.05915,1.00,2.40
2010.07.05 04:18:02.160,1.05895,1.05915,1.00,2.40
2010.07.05 04:18:02.824,1.05885,1.05915,8.80,2.40
2010.07.05 04:18:03.171,1.05885,1.0591,1.00,1.60
2010.07.05 04:18:03.510,1.0588,1.0591,8.80,2.40
2010.07.05 04:18:04.474,1.0589,1.0592,3.20,4.80
2010.07.05 04:18:04.761,1.05895,1.0592,1.60,2.40
2010.07.05 04:18:05.194,1.0588,1.05915,3.20,2.40
2010.07.05 04:18:05.539,1.05875,1.0591,8.80,1.00
2010.07.05 04:18:07.939,1.05885,1.0591,1.00,1.00
2010.07.05 04:18:08.329,1.05885,1.05915,1.00,2.40
2010.07.05 04:18:18.189,1.0588,1.05915,8.80,2.40
2010.07.05 04:18:18.489,1.0588,1.0591,8.80,1.00
2010.07.05 04:18:44.148,1.05885,1.05915,3.20,3.20
2010.07.05 04:18:44.470,1.05885,1.05915,10.40,2.40
2010.07.05 04:18:48.529,1.05885,1.05915,8.80,2.40
2010.07.05 04:18:48.619,1.05885,1.05915,4.00,2.40
2010.07.05 04:18:48.798,1.05885,1.05915,1.60,2.40
2010.07.05 04:18:48.888,1.05885,1.0591,1.00,1.60
2010.07.05 04:18:49.348,1.0588,1.0591,7.20,1.60
2010.07.05 04:18:49.690,1.0588,1.0591,7.20,2.40
2010.07.05 04:18:57.758,1.0588,1.0591,6.40,2.40
2010.07.05 04:18:58.212,1.05885,1.0591,5.60,2.40
2010.07.05 04:18:58.400,1.05885,1.05905,4.80,1.60
2010.07.05 04:18:58.590,1.05885,1.0591,1.00,2.40
2010.07.05 04:18:58.781,1.05885,1.0591,2.40,2.40
2010.07.05 04:19:02.468,1.05885,1.05905,1.60,1.60
2010.07.05 04:19:02.700,1.0588,1.05905,1.00,2.40
2010.07.05 04:19:02.940,1.05885,1.05905,6.40,2.40
2010.07.05 04:19:03.180,1.05885,1.0591,8.00,2.40
2010.07.05 04:19:06.625,1.05885,1.0591,3.20,2.40
2010.07.05 04:19:06.771,1.05885,1.0591,8.00,2.40
2010.07.05 04:19:08.998,1.05885,1.0591,8.80,2.40
2010.07.05 04:19:12.828,1.05885,1.0591,8.00,2.40
2010.07.05 04:19:14.417,1.05885,1.0591,9.10,2.40
2010.07.05 04:19:16.089,1.05895,1.0591,1.00,1.00
2010.07.05 04:19:19.694,1.05895,1.0591,1.70,1.00
2010.07.05 04:19:19.794,1.05895,1.05915,1.70,1.60
2010.07.05 04:19:19.978,1.05895,1.05915,7.30,1.60
2010.07.05 04:19:20.168,1.05895,1.0592,7.30,2.40
2010.07.05 04:19:23.809,1.05895,1.0591,1.60,1.60
2010.07.05 04:19:24.149,1.0589,1.0591,2.40,1.60
2010.07.05 04:19:24.489,1.05885,1.0591,6.40,1.60
2010.07.05 04:19:24.671,1.0589,1.0591,3.20,1.60
2010.07.05 04:19:24.893,1.0589,1.05915,5.60,4.00
2010.07.05 04:19:25.076,1.05895,1.0592,11.60,1.00
2010.07.05 04:19:25.262,1.059,1.0593,1.00,2.40
2010.07.05 04:19:25.585,1.05905,1.05935,1.60,2.40
2010.07.05 04:19:26.231,1.0591,1.05935,1.00,2.40
2010.07.05 04:19:41.257,1.0591,1.0593,1.00,1.60
2010.07.05 04:19:41.464,1.059,1.0593,4.80,2.40
2010.07.05 04:19:44.527,1.059,1.05925,4.80,1.60
2010.07.05 04:19:44.688,1.059,1.05925,4.00,1.60
2010.07.05 04:19:46.284,1.059,1.0593,4.80,2.40
2010.07.05 04:19:46.588,1.059,1.0593,4.80,1.60
2010.07.05 04:19:49.448,1.05905,1.0593,1.60,1.60
2010.07.05 04:19:55.947,1.05905,1.05925,1.60,1.60
2010.07.05 04:19:56.293,1.05905,1.05925,1.00,1.60
2010.07.05 04:20:00.090,1.059,1.0593,4.80,2.40
2010.07.05 04:20:02.968,1.059,1.05925,4.80,1.60
2010.07.05 04:20:03.110,1.059,1.05925,4.00,1.60
2010.07.05 04:20:41.357,1.059,1.05925,1.00,1.60
2010.07.05 04:21:57.810,1.059,1.05925,1.00,2.40
2010.07.05 04:21:57.971,1.05895,1.05925,10.40,2.40
2010.07.05 04:21:58.157,1.05895,1.0592,10.40,1.60
2010.07.05 04:21:58.325,1.05895,1.0592,8.00,1.60
2010.07.05 04:22:02.872,1.0589,1.05915,1.00,1.60
2010.07.05 04:22:03.214,1.05885,1.05915,10.40,2.40
2010.07.05 04:22:10.909,1.05885,1.0591,8.80,1.60
2010.07.05 04:22:32.188,1.05885,1.0591,6.40,1.60
2010.07.05 04:22:33.480,1.05885,1.05905,1.60,1.60
2010.07.05 04:22:33.822,1.0588,1.05905,1.60,1.60
2010.07.05 04:23:14.977,1.0588,1.059,1.60,1.60
2010.07.05 04:23:15.301,1.0588,1.059,1.00,1.60
2010.07.05 04:23:31.649,1.05875,1.059,1.80,1.60
2010.07.05 04:23:33.044,1.05875,1.05895,1.80,1.70
2010.07.05 04:23:33.395,1.05875,1.05895,1.00,2.00
2010.07.05 04:23:37.889,1.05875,1.05895,1.00,2.00
2010.07.05 04:23:39.101,1.05875,1.05895,1.00,1.90
2010.07.05 04:23:39.373,1.05875,1.05895,1.00,1.60
2010.07.05 04:23:39.652,1.0587,1.05895,1.00,2.40
2010.07.05 04:23:39.992,1.05865,1.05895,1.00,2.80
2010.07.05 04:23:40.329,1.0586,1.05895,6.40,2.80
2010.07.05 04:23:41.008,1.0586,1.0589,6.40,1.00
2010.07.05 04:23:45.239,1.0586,1.0589,3.20,2.40
2010.07.05 04:23:45.372,1.05865,1.0589,1.60,1.60
2010.07.05 04:23:45.609,1.0587,1.05895,1.00,7.30
2010.07.05 04:23:45.745,1.0587,1.05895,1.00,2.00
2010.07.05 04:23:49.859,1.0587,1.05895,1.00,1.60
2010.07.05 04:23:53.326,1.0587,1.05895,1.00,2.80
2010.07.05 04:23:53.633,1.0587,1.05895,1.00,1.60
2010.07.05 04:23:53.933,1.0587,1.05895,1.60,1.60
2010.07.05 04:24:04.080,1.0587,1.0589,1.60,1.60
2010.07.05 04:24:04.199,1.05865,1.05885,1.60,1.60
2010.07.05 04:24:09.434,1.05865,1.05885,1.60,1.70
2010.07.05 04:24:09.739,1.05865,1.05885,1.00,1.70
2010.07.05 04:24:11.218,1.05865,1.0588,1.00,1.60
2010.07.05 04:24:11.563,1.05855,1.05875,1.00,1.60
2010.07.05 04:24:11.906,1.0585,1.05875,4.00,1.60
2010.07.05 04:24:12.154,1.0585,1.05875,1.00,1.60
2010.07.05 04:24:13.781,1.0585,1.05875,1.60,1.60
2010.07.05 04:24:14.014,1.0585,1.0588,4.80,2.40
2010.07.05 04:24:23.229,1.0585,1.0588,6.00,2.40
2010.07.05 04:24:24.132,1.05855,1.0588,1.00,1.60
2010.07.05 04:24:24.443,1.05855,1.0588,1.60,1.60
2010.07.05 04:24:31.769,1.05855,1.0588,8.00,1.60
2010.07.05 04:24:41.339,1.05855,1.0588,8.80,1.60
2010.07.05 04:24:41.488,1.0586,1.05885,1.60,4.00
2010.07.05 04:24:41.680,1.0586,1.05885,1.60,1.60
2010.07.05 04:24:41.870,1.05865,1.05885,2.40,1.60
2010.07.05 04:24:42.059,1.05865,1.0589,2.40,1.60
2010.07.05 04:24:43.655,1.05865,1.0589,3.20,1.60
2010.07.05 04:24:48.859,1.05865,1.05885,3.20,1.60
2010.07.05 04:24:48.999,1.05865,1.05885,2.40,1.60
2010.07.05 04:24:49.269,1.05865,1.05885,2.40,4.00
2010.07.05 04:24:49.544,1.0586,1.0588,1.00,1.60
2010.07.05 04:24:58.578,1.0586,1.05885,1.00,4.80
2010.07.05 04:24:58.648,1.0586,1.05885,1.00,2.40
2010.07.05 04:24:58.859,1.0586,1.05885,1.60,1.60
2010.07.05 04:24:59.251,1.0586,1.0588,1.00,1.60
2010.07.05 04:24:59.570,1.05855,1.0588,8.00,1.60
2010.07.05 04:25:04.810,1.05855,1.05875,1.60,1.60
2010.07.05 04:25:15.080,1.05855,1.0587,1.60,1.60
2010.07.05 04:25:17.160,1.0585,1.05865,1.60,1.60
2010.07.05 04:25:17.571,1.0585,1.05875,1.60,2.40
2010.07.05 04:25:17.781,1.05855,1.05875,1.60,1.60
2010.07.05 04:25:54.898,1.05855,1.0588,2.50,1.60
2010.07.05 04:25:55.091,1.0586,1.0588,1.00,1.60
2010.07.05 04:26:07.845,1.0586,1.0588,1.60,1.60
2010.07.05 04:26:16.880,1.0586,1.0588,1.00,1.60
2010.07.05 04:26:21.717,1.05855,1.0588,2.40,1.60
2010.07.05 04:26:27.508,1.0586,1.0588,1.00,1.60
2010.07.05 04:26:30.599,1.0586,1.0588,1.60,1.60
2010.07.05 04:26:31.233,1.0586,1.0588,1.00,1.60
2010.07.05 04:26:31.910,1.0586,1.0588,1.60,1.60
2010.07.05 04:26:32.561,1.0586,1.0588,1.00,1.60
2010.07.05 04:26:40.178,1.0586,1.05885,1.00,6.10
2010.07.05 04:26:40.299,1.0586,1.05885,1.00,4.50
2010.07.05 04:26:40.640,1.0586,1.05885,1.60,4.00
2010.07.05 04:26:40.979,1.05865,1.05885,1.00,4.00
2010.07.05 04:26:41.319,1.05865,1.05885,1.00,1.60
2010.07.05 04:26:41.959,1.05865,1.05885,1.60,1.60
2010.07.05 04:26:42.810,1.0587,1.05885,1.00,1.60
2010.07.05 04:26:43.060,1.0587,1.0589,1.00,1.60
2010.07.05 04:26:53.018,1.0587,1.0589,1.60,1.60
2010.07.05 04:27:53.646,1.05875,1.0589,1.00,1.60
2010.07.05 04:28:00.198,1.0587,1.0589,1.60,1.60
2010.07.05 04:28:02.019,1.0587,1.0589,1.00,1.60
2010.07.05 04:28:02.488,1.0587,1.0589,1.60,1.60
2010.07.05 04:28:48.338,1.0587,1.05885,1.60,1.60
2010.07.05 04:28:48.409,1.0587,1.05885,1.00,1.60
2010.07.05 04:28:48.489,1.05865,1.05885,1.00,1.60
2010.07.05 04:28:54.528,1.05865,1.0588,1.00,1.60
2010.07.05 04:28:54.843,1.05855,1.0588,7.20,1.60
2010.07.05 04:28:55.193,1.05855,1.0588,8.80,1.60
2010.07.05 04:28:55.443,1.05855,1.0588,7.20,1.60
2010.07.05 04:28:55.691,1.05855,1.0588,5.70,1.60
2010.07.05 04:28:56.599,1.05855,1.05885,5.70,6.40
2010.07.05 04:28:56.910,1.05855,1.05885,8.80,2.40
2010.07.05 04:28:57.860,1.05865,1.05885,1.60,1.00
2010.07.05 04:28:58.070,1.05865,1.0589,3.20,2.40
2010.07.05 04:28:58.481,1.05865,1.05885,3.20,1.60
2010.07.05 04:28:58.621,1.05855,1.05885,1.20,1.60
2010.07.05 04:28:58.759,1.05855,1.05885,1.00,1.60
2010.07.05 04:28:58.899,1.0586,1.05885,2.40,1.60
2010.07.05 04:28:59.160,1.05865,1.0589,4.00,1.60
2010.07.05 04:28:59.420,1.05865,1.0589,4.80,1.60
2010.07.05 04:29:00.501,1.0587,1.0589,1.00,1.60
2010.07.05 04:29:03.340,1.0587,1.05895,4.80,3.20
2010.07.05 04:29:03.469,1.0587,1.05895,5.60,3.20
2010.07.05 04:29:04.940,1.0588,1.05895,1.00,1.60
2010.07.05 04:29:05.110,1.0588,1.059,1.60,1.60
2010.07.05 04:29:05.279,1.0588,1.05905,1.60,1.60
2010.07.05 04:29:05.449,1.05885,1.0591,1.60,1.60
2010.07.05 04:29:05.951,1.0589,1.0591,1.00,1.60
2010.07.05 04:29:10.158,1.0589,1.05905,1.00,1.60
2010.07.05 04:29:10.441,1.0588,1.05905,1.60,1.60
2010.07.05 04:29:10.600,1.05885,1.05905,1.60,1.60
2010.07.05 04:29:10.809,1.05885,1.05905,2.40,1.60
2010.07.05 04:29:10.970,1.05885,1.0591,4.80,1.60
2010.07.05 04:29:12.650,1.0589,1.05915,3.20,4.80
2010.07.05 04:29:12.991,1.0589,1.05915,24.80,4.00
2010.07.05 04:29:13.112,1.059,1.0592,1.00,2.40
2010.07.05 04:29:13.231,1.059,1.0592,1.00,1.60
2010.07.05 04:29:13.458,1.059,1.0592,1.60,1.60
2010.07.05 04:29:14.612,1.059,1.0592,1.60,4.00
2010.07.05 04:29:14.921,1.059,1.0592,1.60,2.40
2010.07.05 04:29:15.109,1.059,1.0592,1.60,1.60
2010.07.05 04:29:17.301,1.059,1.05915,1.60,1.60
2010.07.05 04:29:17.609,1.059,1.0592,1.60,1.60
2010.07.05 04:29:18.531,1.059,1.0592,1.60,4.00
2010.07.05 04:29:18.841,1.059,1.0592,1.60,3.20
2010.07.05 04:29:18.999,1.059,1.0592,1.60,1.60
2010.07.05 04:29:19.710,1.059,1.05915,1.60,1.60
2010.07.05 04:29:20.077,1.05895,1.05915,1.00,1.60
2010.07.05 04:29:20.331,1.05885,1.0591,4.80,1.60
2010.07.05 04:29:20.591,1.0589,1.0591,1.00,1.60
2010.07.05 04:29:32.729,1.0589,1.05915,3.20,1.60
2010.07.05 04:29:38.899,1.05895,1.05915,1.00,1.60
2010.07.05 04:29:40.900,1.0589,1.0591,1.60,1.60
2010.07.05 04:29:51.698,1.0589,1.0591,1.00,1.60
2010.07.05 04:29:58.949,1.05885,1.0591,4.80,1.60
2010.07.05 04:29:59.379,1.0589,1.0591,1.00,1.60
2010.07.05 04:30:00.249,1.0589,1.0591,1.60,1.60
2010.07.05 04:30:02.170,1.0589,1.0591,1.00,1.60
2010.07.05 04:30:07.429,1.05885,1.0591,4.80,1.60
2010.07.05 04:30:07.999,1.0589,1.0591,1.60,1.60
2010.07.05 04:31:07.225,1.05895,1.05915,1.60,1.60
2010.07.05 04:31:07.573,1.059,1.05925,4.80,3.20
2010.07.05 04:31:08.033,1.059,1.05925,5.60,3.20
2010.07.05 04:31:11.649,1.059,1.05925,6.40,3.20
2010.07.05 04:31:12.318,1.05905,1.05925,1.00,3.20
2010.07.05 04:31:19.771,1.0591,1.05935,4.80,7.20
2010.07.05 04:31:20.072,1.0591,1.05935,4.80,6.40
2010.07.05 04:31:20.370,1.0591,1.05935,4.80,3.60
2010.07.05 04:31:20.670,1.0591,1.05935,5.60,4.40
2010.07.05 04:31:21.101,1.0591,1.05935,1.60,5.20
2010.07.05 04:31:21.321,1.0591,1.0593,1.00,1.60
2010.07.05 04:31:21.656,1.0591,1.05935,2.70,5.20
2010.07.05 04:31:22.002,1.059,1.05925,1.60,2.40
2010.07.05 04:31:22.342,1.05895,1.05925,1.60,4.80
2010.07.05 04:31:50.659,1.05895,1.05925,3.30,3.20
2010.07.05 04:31:50.840,1.059,1.05925,1.60,2.40
2010.07.05 04:31:51.078,1.059,1.05925,2.40,1.60
2010.07.05 04:31:51.431,1.059,1.05925,3.20,1.60
2010.07.05 04:32:00.504,1.059,1.05925,1.60,1.60
2010.07.05 04:32:00.745,1.059,1.05925,1.00,4.80
2010.07.05 04:32:06.699,1.05895,1.05925,3.20,4.80
2010.07.05 04:32:18.493,1.059,1.05925,1.60,1.60
2010.07.05 04:32:18.990,1.059,1.05925,2.40,1.60
2010.07.05 04:32:25.815,1.059,1.05925,2.40,4.00
2010.07.05 04:32:26.033,1.059,1.05925,1.00,4.80
2010.07.05 04:32:28.193,1.059,1.05925,2.40,2.40
2010.07.05 04:32:28.342,1.059,1.05925,3.20,1.60
2010.07.05 04:32:43.060,1.059,1.0593,3.20,1.60
2010.07.05 04:32:43.989,1.05905,1.0593,1.00,1.60
2010.07.05 04:32:50.522,1.05905,1.05935,1.60,2.40
2010.07.05 04:32:55.300,1.0591,1.05935,1.00,2.40
2010.07.05 04:33:27.243,1.0591,1.05935,1.00,1.60
2010.07.05 04:33:30.921,1.0591,1.05935,1.60,1.60
2010.07.05 04:33:43.210,1.05915,1.05935,1.00,1.60
2010.07.05 04:33:52.642,1.05915,1.0594,1.00,2.40
2010.07.05 04:33:56.041,1.05915,1.05935,1.00,1.60
2010.07.05 04:33:57.002,1.05915,1.0594,1.00,1.60
2010.07.05 04:34:02.200,1.05915,1.05935,1.00,1.60
2010.07.05 04:34:02.721,1.0591,1.05935,1.60,1.60
2010.07.05 04:34:04.115,1.0592,1.0594,1.60,2.40
2010.07.05 04:34:04.284,1.0592,1.0594,3.20,1.00
2010.07.05 04:34:04.601,1.0592,1.0594,1.60,2.40
2010.07.05 04:34:06.531,1.0592,1.0594,3.20,1.00
2010.07.05 04:34:06.629,1.05925,1.05945,1.60,2.40
2010.07.05 04:34:06.904,1.05925,1.05945,3.20,1.00
2010.07.05 04:34:07.244,1.05925,1.0595,3.20,2.40
2010.07.05 04:34:18.248,1.05925,1.0595,1.60,2.40
2010.07.05 04:34:18.449,1.0592,1.0595,4.80,2.90
2010.07.05 04:34:18.661,1.0592,1.0595,1.00,8.50
2010.07.05 04:34:18.990,1.0592,1.05945,1.00,1.60
2010.07.05 04:34:19.248,1.0592,1.05945,3.20,1.60
2010.07.05 04:34:20.600,1.05925,1.05945,1.00,1.60
2010.07.05 04:34:33.450,1.0593,1.0595,1.60,1.60
2010.07.05 04:34:33.791,1.05935,1.05955,1.60,2.40
2010.07.05 04:34:33.961,1.05935,1.0596,3.20,2.40
2010.07.05 04:34:48.633,1.05935,1.0596,1.60,2.40
2010.07.05 04:34:48.800,1.0593,1.05955,2.40,1.60
2010.07.05 04:35:02.681,1.0593,1.05955,6.40,1.60
2010.07.05 04:35:02.977,1.0593,1.05955,3.20,1.60
2010.07.05 04:35:03.561,1.0594,1.0596,1.60,2.40
2010.07.05 04:35:03.792,1.0594,1.05965,3.20,4.00
2010.07.05 04:35:04.024,1.05945,1.05965,1.60,1.60
2010.07.05 04:35:09.351,1.05945,1.0597,4.80,2.40
2010.07.05 04:35:09.470,1.05945,1.0597,5.60,1.60
2010.07.05 04:35:09.710,1.05945,1.05965,2.40,1.60
2010.07.05 04:35:12.973,1.0595,1.05975,3.20,1.60
2010.07.05 04:35:13.317,1.0595,1.05975,1.60,1.60
2010.07.05 04:35:18.659,1.0595,1.05975,1.00,1.60
2010.07.05 04:35:27.281,1.0595,1.05975,1.00,1.70
2010.07.05 04:35:27.545,1.05945,1.05965,1.00,1.60
2010.07.05 04:35:27.801,1.0594,1.05965,1.60,1.60
2010.07.05 04:35:28.873,1.0594,1.0597,4.80,2.40
2010.07.05 04:35:29.140,1.05945,1.0597,1.00,2.40
2010.07.05 04:35:33.400,1.05945,1.0597,4.80,2.40
2010.07.05 04:35:33.631,1.05955,1.05975,1.60,2.40
2010.07.05 04:35:33.902,1.05955,1.05975,1.60,1.60
2010.07.05 04:35:36.211,1.05955,1.0598,3.20,3.20
2010.07.05 04:35:48.500,1.0595,1.05975,1.60,1.60
2010.07.05 04:35:48.690,1.0595,1.05975,1.00,1.70
2010.07.05 04:35:48.880,1.05945,1.0597,1.60,1.60
2010.07.05 04:35:49.531,1.05945,1.0597,1.00,1.60
2010.07.05 04:35:50.229,1.05945,1.0597,1.00,2.40
2010.07.05 04:36:03.601,1.05955,1.05975,1.60,2.40
2010.07.05 04:36:04.301,1.05955,1.0598,3.20,3.20
2010.07.05 04:36:18.440,1.0595,1.05975,1.60,1.60
2010.07.05 04:36:22.399,1.0595,1.05975,1.00,1.60
2010.07.05 04:36:26.553,1.05945,1.05965,1.60,3.20
2010.07.05 04:36:26.763,1.05945,1.0596,1.60,1.60
2010.07.05 04:36:26.891,1.0594,1.0596,1.60,1.60
2010.07.05 04:36:29.353,1.05935,1.0596,1.60,4.00
2010.07.05 04:36:29.491,1.05935,1.05955,1.60,1.60
2010.07.05 04:36:33.501,1.0594,1.0596,2.40,2.40
2010.07.05 04:36:33.742,1.0594,1.05965,4.80,3.20
2010.07.05 04:36:36.711,1.0594,1.0596,1.60,4.00
2010.07.05 04:36:36.856,1.05935,1.0596,1.60,4.00
2010.07.05 04:36:37.543,1.05935,1.0596,1.60,1.60
2010.07.05 04:36:37.815,1.05935,1.0596,1.00,4.00
2010.07.05 04:36:38.362,1.05935,1.0596,1.00,4.80
2010.07.05 04:36:47.290,1.05935,1.0596,1.00,4.00
2010.07.05 04:37:08.623,1.0593,1.05955,3.20,1.60
2010.07.05 04:37:22.170,1.0593,1.05955,2.40,1.60
2010.07.05 04:38:15.270,1.0593,1.05955,3.20,1.60
2010.07.05 04:38:19.481,1.0593,1.05955,2.40,1.60
2010.07.05 04:38:20.262,1.05925,1.05955,4.80,1.70
2010.07.05 04:38:20.539,1.05925,1.05955,4.80,2.50
2010.07.05 04:38:20.825,1.05925,1.05955,4.80,2.40
2010.07.05 04:38:21.161,1.0593,1.05955,2.40,2.40
2010.07.05 04:38:24.240,1.0593,1.05955,3.20,1.60
2010.07.05 04:38:24.929,1.0593,1.05955,2.40,1.60
2010.07.05 04:38:35.171,1.0593,1.05955,1.00,1.70
2010.07.05 04:38:35.740,1.0593,1.05955,2.40,1.60
2010.07.05 04:39:13.661,1.0593,1.05955,2.40,1.70
2010.07.05 04:39:13.891,1.0593,1.05955,1.60,2.40
2010.07.05 04:39:14.120,1.0593,1.05955,1.60,1.60
2010.07.05 04:39:15.600,1.0593,1.05955,3.20,1.60
2010.07.05 04:39:23.769,1.0593,1.05955,2.40,1.60
2010.07.05 04:39:26.410,1.0593,1.05955,3.20,1.60
2010.07.05 04:39:27.459,1.0593,1.05955,2.40,1.60
2010.07.05 04:40:01.990,1.05913,1.05933,1.00,2.20
2010.07.05 04:40:04.729,1.05918,1.05933,1.00,2.20
2010.07.05 04:40:05.082,1.05916,1.05936,8.90,1.00
2010.07.05 04:40:05.619,1.05919,1.05934,1.60,3.60
2010.07.05 04:40:05.818,1.05916,1.05936,1.60,1.00
2010.07.05 04:40:06.024,1.05917,1.05932,7.60,3.40
2010.07.05 04:40:08.870,1.05917,1.05932,7.30,1.60
2010.07.05 04:40:09.223,1.05914,1.05934,8.90,2.20
2010.07.05 04:40:09.731,1.05912,1.05932,8.90,1.00
2010.07.05 04:40:10.148,1.05912,1.05927,1.00,1.60
2010.07.05 04:40:10.353,1.05914,1.05924,2.40,1.40
2010.07.05 04:40:10.920,1.05914,1.05924,5.60,4.20
2010.07.05 04:40:11.274,1.0591,1.0593,3.20,1.00
2010.07.05 04:40:12.319,1.05914,1.05929,1.00,3.10
2010.07.05 04:40:12.624,1.05915,1.0593,10.70,1.00
2010.07.05 04:40:13.460,1.05915,1.05935,1.00,9.00
2010.07.05 04:40:13.806,1.05915,1.05935,1.00,3.00
2010.07.05 04:40:14.214,1.05917,1.05937,1.00,3.40
2010.07.05 04:40:14.508,1.0592,1.05935,4.10,3.00
2010.07.05 04:40:14.814,1.05915,1.05935,1.00,2.20
2010.07.05 04:40:15.277,1.05915,1.05935,1.00,9.00
2010.07.05 04:40:15.598,1.05915,1.05935,1.00,1.00
2010.07.05 04:40:15.917,1.05918,1.05933,5.60,4.20
2010.07.05 04:40:16.556,1.05918,1.05933,8.10,2.20
2010.07.05 04:40:16.888,1.05914,1.05934,2.40,1.40
2010.07.05 04:40:17.090,1.05915,1.05935,1.00,3.00
2010.07.05 04:40:17.295,1.05918,1.05933,5.60,1.00
2010.07.05 04:40:18.973,1.05917,1.05932,4.80,1.00
2010.07.05 04:40:19.325,1.05914,1.05934,1.60,2.20
2010.07.05 04:40:20.034,1.05911,1.05936,1.60,4.20
2010.07.05 04:40:20.377,1.05912,1.05932,1.00,3.00
2010.07.05 04:40:20.961,1.05913,1.05928,3.20,2.70
2010.07.05 04:40:21.053,1.05912,1.05927,1.60,9.00
2010.07.05 04:40:21.568,1.05916,1.05926,1.00,3.00
2010.07.05 04:40:21.665,1.05918,1.05933,1.00,1.60
2010.07.05 04:40:26.174,1.05917,1.05937,1.60,9.00
2010.07.05 04:40:26.859,1.05917,1.05937,1.00,1.20
2010.07.05 04:40:27.380,1.05917,1.05937,1.60,3.60
2010.07.05 04:40:33.103,1.05916,1.05936,1.00,1.60
2010.07.05 04:40:33.302,1.05915,1.05935,1.00,3.00
2010.07.05 04:40:33.633,1.05915,1.05935,2.40,4.60
2010.07.05 04:40:34.098,1.05912,1.05937,4.10,3.00
2010.07.05 04:40:35.019,1.05912,1.05937,1.60,1.40
2010.07.05 04:40:35.697,1.05913,1.05938,10.80,1.00
2010.07.05 04:40:36.044,1.05915,1.05935,2.40,1.40
2010.07.05 04:40:36.883,1.05915,1.05935,1.00,1.00
2010.07.05 04:40:37.087,1.05917,1.05932,8.10,2.20
2010.07.05 04:40:37.764,1.05917,1.05932,1.60,3.60
2010.07.05 04:40:38.608,1.05917,1.05932,1.00,1.60
2010.07.05 04:40:40.383,1.05917,1.05932,1.60,1.00
2010.07.05 04:40:40.714,1.05916,1.05931,1.00,3.40
2010.07.05 04:40:41.563,1.05916,1.05931,1.00,3.40
2010.07.05 04:40:41.909,1.05913,1.05938,1.00,1.00
2010.07.05 04:40:42.262,1.05916,1.05936,6.40,1.00
2010.07.05 04:40:42.668,1.05915,1.05935,1.00,3.10
2010.07.05 04:40:42.942,1.05918,1.05933,3.20,1.00
2010.07.05 04:40:43.420,1.05919,1.05934,1.00,3.00
2010.07.05 04:40:43.770,1.05915,1.05935,8.90,1.60
2010.07.05 04:40:44.124,1.05915,1.05935,1.00,3.00
2010.07.05 04:40:44.950,1.05915,1.05935,1.60,2.20
2010.07.05 04:40:45.678,1.05914,1.05934,1.00,1.60
2010.07.05 04:40:46.260,1.05915,1.05935,1.00,1.60
2010.07.05 04:40:46.556,1.05917,1.05932,1.00,1.60
2010.07.05 04:40:47.053,1.05916,1.05931,1.00,1.60
2010.07.05 04:40:47.788,1.05915,1.0593,1.00,3.40
2010.07.05 04:40:48.046,1.05913,1.05933,1.60,9.00
2010.07.05 04:40:50.631,1.05912,1.05932,2.40,3.40
2010.07.05 04:40:50.725,1.05916,1.05931,1.00,1.60
2010.07.05 04:40:51.287,1.05916,1.05931,1.00,2.60
2010.07.05 04:40:51.509,1.05917,1.05932,7.30,1.60
2010.07.05 04:40:51.730,1.05916,1.05936,1.00,3.10
2010.07.05 04:40:52.717,1.05917,1.05937,1.00,3.00
2010.07.05 04:40:53.448,1.05916,1.05936,3.20,1.60
2010.07.05 04:40:53.788,1.05916,1.05936,9.90,1.00
2010.07.05 04:40:54.131,1.05916,1.05936,3.20,1.60
2010.07.05 04:40:54.821,1.05917,1.05932,1.00,1.20
2010.07.05 04:40:55.428,1.05914,1.05934,1.00,2.20
2010.07.05 04:40:56.032,1.05915,1.05935,1.60,3.00
2010.07.05 04:40:56.292,1.05915,1.05935,1.00,1.80
2010.07.05 04:40:56.708,1.05917,1.05932,10.80,1.00
2010.07.05 04:40:56.836,1.05916,1.05931,1.00,4.20
2010.07.05 04:40:56.969,1.05912,1.05932,1.00,2.20
2010.07.05 04:41:21.312,1.0593,1.05955,3.20,1.60
2010.07.05 04:41:21.590,1.0593,1.05955,3.60,1.60
2010.07.05 04:42:00.381,1.05912,1.05927,4.80,1.40
2010.07.05 04:42:03.471,1.05909,1.05929,1.60,3.10
2010.07.05 04:42:05.588,1.05911,1.05931,1.60,3.00
2010.07.05 04:42:14.318,1.05912,1.05932,1.60,3.00
2010.07.05 04:42:15.171,1.05916,1.05936,4.80,1.40
2010.07.05 04:42:16.371,1.0592,1.05935,1.00,3.00
2010.07.05 04:42:17.242,1.05917,1.05937,1.00,3.40
2010.07.05 04:42:17.501,1.05915,1.05935,1.70,3.00
2010.07.05 04:42:17.630,1.05914,1.05934,1.00,1.60
2010.07.05 04:42:18.021,1.05912,1.05932,1.00,1.60
2010.07.05 04:42:18.360,1.05911,1.05931,6.50,2.20
2010.07.05 04:42:30.923,1.05913,1.05933,1.00,1.60
2010.07.05 04:42:41.831,1.05914,1.05934,1.60,2.20
2010.07.05 04:42:42.029,1.05915,1.05935,1.00,3.80
2010.07.05 04:42:42.160,1.05919,1.05934,1.00,3.80
2010.07.05 04:42:42.608,1.05919,1.05929,8.80,2.20
2010.07.05 04:42:42.909,1.05911,1.05931,1.00,2.20
2010.07.05 04:42:49.770,1.05907,1.05927,1.60,3.00
2010.07.05 04:42:50.228,1.05904,1.05924,1.60,2.20
2010.07.05 04:42:50.689,1.05909,1.05924,1.00,1.60
2010.07.05 04:42:51.122,1.05911,1.05926,1.60,3.00
2010.07.05 04:42:51.278,1.05911,1.05931,1.60,1.60
2010.07.05 04:42:51.752,1.05915,1.0593,1.00,1.60
2010.07.05 04:42:52.033,1.05914,1.05929,6.50,2.20
2010.07.05 04:42:57.310,1.05914,1.05929,1.00,3.00
2010.07.05 04:42:58.183,1.05913,1.05928,1.60,3.00
2010.07.05 04:42:58.829,1.05912,1.05927,7.20,2.20
2010.07.05 04:43:29.829,1.0593,1.05955,3.20,1.60
2010.07.05 04:44:02.841,1.0593,1.05955,1.60,1.60
2010.07.05 04:44:03.483,1.0593,1.0595,1.60,1.60
2010.07.05 04:44:03.822,1.0593,1.05955,2.40,3.20
2010.07.05 04:44:04.246,1.0593,1.05955,3.20,4.00
2010.07.05 04:44:04.461,1.0593,1.05955,2.40,4.00
2010.07.05 04:44:05.311,1.0593,1.05955,2.40,5.60
2010.07.05 04:44:05.493,1.0593,1.0595,1.00,3.20
2010.07.05 04:44:05.673,1.05925,1.05945,3.20,1.60
2010.07.05 04:44:06.222,1.05925,1.05945,3.20,2.40
2010.07.05 04:44:07.923,1.05925,1.0595,4.80,2.40
2010.07.05 04:44:08.178,1.0593,1.0595,1.00,2.40
2010.07.05 04:44:08.358,1.05925,1.05945,3.60,1.60
2010.07.05 04:44:08.703,1.05925,1.05945,3.20,1.60
2010.07.05 04:44:09.042,1.05925,1.05945,3.20,2.00
2010.07.05 04:44:26.450,1.05925,1.05945,4.80,1.00
2010.07.05 04:44:35.009,1.05925,1.0595,4.80,2.40
2010.07.05 04:44:35.404,1.05925,1.0595,5.60,2.40
2010.07.05 04:44:35.592,1.0593,1.0595,1.00,1.60
2010.07.05 04:44:35.781,1.0593,1.05955,1.60,1.60
2010.07.05 04:45:02.960,1.0593,1.0596,1.60,4.80
2010.07.05 04:45:10.329,1.0593,1.0596,2.00,4.80
2010.07.05 04:45:10.472,1.05935,1.0596,1.00,4.00
2010.07.05 04:46:11.811,1.0593,1.05955,1.60,1.60
2010.07.05 04:46:22.479,1.0593,1.05955,1.00,1.60
2010.07.05 04:46:41.488,1.0593,1.05955,1.60,1.60
2010.07.05 04:47:02.510,1.0593,1.0595,1.60,1.60
2010.07.05 04:47:02.580,1.0593,1.0595,1.60,3.20
2010.07.05 04:47:02.650,1.0593,1.0595,1.60,4.80
2010.07.05 04:47:02.721,1.0593,1.0595,1.00,4.80
2010.07.05 04:47:10.773,1.0593,1.0595,2.40,1.00
2010.07.05 04:47:10.902,1.0593,1.0595,1.00,1.00
2010.07.05 04:47:11.033,1.0593,1.0596,1.60,5.60
2010.07.05 04:47:11.281,1.0593,1.0596,1.60,4.80
2010.07.05 04:47:14.161,1.0593,1.05955,1.60,1.60
2010.07.05 04:47:14.430,1.0593,1.05955,1.00,1.60
2010.07.05 04:48:10.582,1.0593,1.05955,1.60,1.60
2010.07.05 04:48:14.611,1.0593,1.05955,1.00,1.60
2010.07.05 04:48:32.281,1.0593,1.05955,1.00,2.40
2010.07.05 04:48:32.676,1.0593,1.05955,1.00,1.60
2010.07.05 04:48:34.840,1.0593,1.05955,1.00,2.40
2010.07.05 04:48:54.490,1.0593,1.05955,1.00,2.50
2010.07.05 04:49:04.611,1.0593,1.05955,1.00,2.40
2010.07.05 04:49:11.099,1.05925,1.05955,3.20,2.40
2010.07.05 04:49:11.386,1.05925,1.0595,1.60,1.60
2010.07.05 04:49:11.510,1.05925,1.0595,1.00,4.80
2010.07.05 04:49:11.646,1.0592,1.0595,2.00,2.40
2010.07.05 04:49:11.774,1.05915,1.0595,4.00,2.40
2010.07.05 04:49:12.033,1.05915,1.05945,4.00,1.00
2010.07.05 04:49:16.260,1.05915,1.05945,4.80,1.00
2010.07.05 04:49:52.641,1.05915,1.05945,4.80,1.00
2010.07.05 04:49:52.722,1.05915,1.05945,1.60,1.00
2010.07.05 04:49:53.088,1.05915,1.0594,1.60,1.60
2010.07.05 04:49:53.177,1.0591,1.0594,3.60,1.60
2010.07.05 04:49:53.522,1.0591,1.0594,3.20,2.40
2010.07.05 04:49:54.722,1.0591,1.05935,1.60,1.60
2010.07.05 04:49:54.901,1.0591,1.05935,1.00,2.40
2010.07.05 04:49:55.083,1.05905,1.05935,1.60,1.00
2010.07.05 04:49:55.261,1.05905,1.05935,1.00,1.00
2010.07.05 04:50:01.682,1.05915,1.05935,1.60,1.00
2010.07.05 04:50:01.801,1.05915,1.05935,3.20,1.00
2010.07.05 04:50:02.362,1.05915,1.0594,3.20,2.40
2010.07.05 04:50:10.373,1.05915,1.0594,7.20,1.00
2010.07.05 04:50:10.913,1.05915,1.05945,8.00,2.40
2010.07.05 04:50:11.191,1.05915,1.05945,8.40,2.40
2010.07.05 04:50:18.110,1.0592,1.05945,1.60,1.00
2010.07.05 04:50:18.413,1.0592,1.05945,3.20,1.00
2010.07.05 04:50:18.693,1.0592,1.0595,4.80,1.00
2010.07.05 04:50:29.532,1.0592,1.0595,4.80,2.40
2010.07.05 04:50:29.670,1.0592,1.05945,3.20,1.00
2010.07.05 04:50:36.192,1.0592,1.0595,4.80,2.40
2010.07.05 04:51:18.621,1.0592,1.0595,1.60,2.40
2010.07.05 04:51:28.215,1.05915,1.05945,5.20,1.00
2010.07.05 04:51:28.374,1.05915,1.05945,9.20,1.00
2010.07.05 04:51:28.843,1.0592,1.0595,4.80,1.00
2010.07.05 04:51:40.451,1.0592,1.0595,4.00,1.00
2010.07.05 04:51:49.033,1.0592,1.0595,4.80,1.00
2010.07.05 04:51:49.353,1.0592,1.05955,6.00,2.40
2010.07.05 04:51:49.992,1.05925,1.05955,1.00,2.40
2010.07.05 04:51:57.210,1.05925,1.0595,1.00,1.60
2010.07.05 04:52:01.191,1.05925,1.05955,1.00,2.40
2010.07.05 04:52:01.831,1.05925,1.05955,3.70,2.40
2010.07.05 04:52:01.994,1.05925,1.05955,7.70,2.40
2010.07.05 04:52:02.306,1.0593,1.05955,1.60,1.60
2010.07.05 04:52:22.272,1.05935,1.05955,1.00,1.60
2010.07.05 04:52:47.573,1.05935,1.05955,1.60,1.60
2010.07.05 04:52:47.892,1.05935,1.0596,1.60,2.40
2010.07.05 04:52:47.972,1.05935,1.05965,1.60,3.30
2010.07.05 04:52:48.052,1.0594,1.05965,1.60,2.50
2010.07.05 04:52:48.203,1.0594,1.05965,1.60,1.00
2010.07.05 04:52:48.282,1.0594,1.0597,1.60,2.90
2010.07.05 04:52:48.502,1.0594,1.0597,4.80,2.40
2010.07.05 04:52:48.843,1.05945,1.0597,1.00,1.60
2010.07.05 04:52:54.934,1.05945,1.0597,1.60,1.60
2010.07.05 04:53:09.822,1.05945,1.0597,1.00,1.60
2010.07.05 04:53:24.053,1.05945,1.0597,1.60,1.60
2010.07.05 04:53:40.765,1.0595,1.0597,1.00,1.60
2010.07.05 04:53:44.792,1.05945,1.0597,1.60,1.60
2010.07.05 04:53:48.748,1.0595,1.0597,1.00,1.60
2010.07.05 04:53:50.152,1.0595,1.0597,1.60,1.60
2010.07.05 04:54:03.852,1.0595,1.0597,1.00,1.60
2010.07.05 04:54:05.121,1.0595,1.0597,1.60,1.60
2010.07.05 04:54:05.682,1.0595,1.05965,1.60,1.60
2010.07.05 04:54:05.821,1.05945,1.05965,1.60,1.60
2010.07.05 04:54:06.633,1.05945,1.05965,1.00,1.60
2010.07.05 04:54:06.902,1.0594,1.05955,1.00,1.60
2010.07.05 04:54:07.042,1.05935,1.05955,1.60,1.60
2010.07.05 04:54:07.300,1.0593,1.05955,1.60,1.60
2010.07.05 04:54:08.362,1.0593,1.05955,1.00,1.60
2010.07.05 04:54:10.791,1.0593,1.05955,1.60,1.60
2010.07.05 04:54:12.557,1.0593,1.0596,1.60,4.80
2010.07.05 04:54:12.825,1.05935,1.0596,1.00,4.00
2010.07.05 04:54:13.086,1.05935,1.05965,1.60,4.50
2010.07.05 04:54:13.306,1.05935,1.05965,3.20,1.60
2010.07.05 04:54:13.523,1.05935,1.05965,8.00,1.60
2010.07.05 04:54:13.744,1.0594,1.05965,1.00,1.60
2010.07.05 04:54:20.247,1.0594,1.05965,1.60,1.60
2010.07.05 04:54:25.451,1.05945,1.05965,1.00,1.60
2010.07.05 04:54:29.382,1.0594,1.05965,1.60,1.60
2010.07.05 04:54:30.472,1.0594,1.05965,1.60,1.70
2010.07.05 04:54:30.623,1.0594,1.05955,1.00,1.60
2010.07.05 04:54:30.772,1.0593,1.05955,1.60,1.60
2010.07.05 04:54:31.223,1.05925,1.0595,1.00,1.00
2010.07.05 04:54:31.548,1.05925,1.05955,7.20,2.40
2010.07.05 04:54:31.834,1.05925,1.05955,2.50,2.40
2010.07.05 04:54:32.114,1.0592,1.0595,4.80,1.00
2010.07.05 04:54:34.614,1.05925,1.0595,4.90,1.00
2010.07.05 04:54:34.853,1.0593,1.05955,1.00,2.40
2010.07.05 04:54:38.192,1.0593,1.0596,1.60,4.80
2010.07.05 04:54:38.453,1.0593,1.0596,4.80,1.00
2010.07.05 04:54:38.734,1.05935,1.05965,1.00,2.40
2010.07.05 04:54:39.206,1.05935,1.0596,1.00,4.80
2010.07.05 04:54:39.543,1.05935,1.0596,1.00,4.00
2010.07.05 04:54:39.883,1.05935,1.0596,1.60,2.40
2010.07.05 04:54:40.225,1.05935,1.05955,1.60,1.60
2010.07.05 04:54:40.476,1.05935,1.0595,1.00,1.60
2010.07.05 04:54:40.725,1.05925,1.0595,4.80,1.60
2010.07.05 04:54:41.213,1.05925,1.0595,4.90,1.60
2010.07.05 04:54:42.224,1.0593,1.0595,1.60,1.60
2010.07.05 04:54:44.192,1.0593,1.0595,1.00,1.60
2010.07.05 04:54:47.382,1.0593,1.0595,1.60,1.60
2010.07.05 04:54:47.551,1.0593,1.0595,1.00,1.60
2010.07.05 04:54:58.233,1.0593,1.0595,1.60,1.60
2010.07.05 04:55:10.722,1.0593,1.05955,3.20,3.20
2010.07.05 04:55:14.281,1.0593,1.05955,1.60,4.00
2010.07.05 04:55:14.453,1.05925,1.0595,4.00,1.60
2010.07.05 04:55:14.804,1.05925,1.05945,2.40,1.60
2010.07.05 04:55:14.984,1.0592,1.05945,1.00,1.60
2010.07.05 04:55:15.163,1.0592,1.05945,1.60,1.00
2010.07.05 04:55:15.454,1.0592,1.0595,3.20,2.40
2010.07.05 04:55:15.743,1.0592,1.05945,1.60,1.60
2010.07.05 04:55:16.033,1.0592,1.05945,1.00,1.00
2010.07.05 04:55:16.324,1.0592,1.0595,1.00,2.40
2010.07.05 04:55:16.822,1.0592,1.0595,1.60,2.40
2010.07.05 04:55:18.531,1.0592,1.05945,1.60,1.60
2010.07.05 04:55:18.631,1.0592,1.05945,1.00,2.40
2010.07.05 04:55:18.732,1.0592,1.05945,1.00,1.00
2010.07.05 04:55:19.041,1.0592,1.0595,1.00,2.40
2010.07.05 04:55:19.353,1.0592,1.0595,1.60,2.40
2010.07.05 04:55:27.041,1.0592,1.0595,3.20,2.40
2010.07.05 04:55:27.131,1.05925,1.0595,1.00,1.60
2010.07.05 04:55:27.893,1.05925,1.0595,1.00,2.40
2010.07.05 04:55:28.132,1.0592,1.0595,3.20,2.40
2010.07.05 04:55:43.341,1.0592,1.0595,3.20,1.60
2010.07.05 04:55:43.473,1.05925,1.0595,1.00,1.60
2010.07.05 04:55:58.200,1.0592,1.0595,3.20,2.40
2010.07.05 04:55:59.222,1.0592,1.0595,1.60,2.40
2010.07.05 04:56:01.372,1.0592,1.0595,3.20,2.40
2010.07.05 04:56:01.542,1.0592,1.0595,3.20,1.60
2010.07.05 04:56:02.272,1.05925,1.0595,1.00,1.60
2010.07.05 04:56:25.879,1.05945,1.0597,1.60,1.00
2010.07.05 04:56:26.105,1.05945,1.0598,2.40,2.00
2010.07.05 04:56:26.282,1.0595,1.0598,1.00,2.00
2010.07.05 04:56:26.462,1.0595,1.0598,1.00,1.60
2010.07.05 04:56:28.823,1.05955,1.05975,2.40,1.60
2010.07.05 04:56:28.973,1.0595,1.0597,3.20,1.00
2010.07.05 04:56:29.437,1.0595,1.0597,1.00,2.40
2010.07.05 04:56:29.678,1.0594,1.0597,1.00,8.00
2010.07.05 04:56:29.925,1.05935,1.05965,1.60,1.00
2010.07.05 04:56:35.402,1.05935,1.0596,1.60,1.60
2010.07.05 04:56:35.582,1.05935,1.05965,3.20,8.00
2010.07.05 04:56:35.762,1.05935,1.05965,4.80,7.20
2010.07.05 04:56:36.075,1.05945,1.05965,3.20,1.00
2010.07.05 04:56:36.255,1.05945,1.0597,2.40,1.60
2010.07.05 04:56:38.013,1.05945,1.0597,2.40,3.20
2010.07.05 04:56:38.173,1.05945,1.0597,1.60,4.80
2010.07.05 04:56:38.493,1.05945,1.0597,3.20,6.40
2010.07.05 04:56:42.333,1.05945,1.05965,3.20,1.00
2010.07.05 04:56:44.447,1.05945,1.05965,4.00,1.00
2010.07.05 04:56:46.593,1.05945,1.0597,4.00,2.00
2010.07.05 04:56:46.812,1.05945,1.0597,4.00,1.60
2010.07.05 04:56:48.491,1.05945,1.0597,4.00,2.40
2010.07.05 04:56:49.401,1.05945,1.0597,4.00,2.00
2010.07.05 04:56:49.521,1.05945,1.0597,4.00,1.60
2010.07.05 04:56:52.291,1.05945,1.0597,4.00,2.00
2010.07.05 04:56:52.821,1.05945,1.0597,4.00,2.40
2010.07.05 04:56:53.930,1.05945,1.0597,4.00,2.00
2010.07.05 04:56:54.151,1.05945,1.0597,4.00,1.60
2010.07.05 04:56:55.899,1.05945,1.0597,4.00,2.00
2010.07.05 04:56:56.072,1.05945,1.0597,4.00,2.40
2010.07.05 04:56:56.723,1.05945,1.0597,4.00,1.60
2010.07.05 04:57:01.501,1.0595,1.05975,1.60,2.70
2010.07.05 04:57:04.292,1.0595,1.05975,1.60,2.60
2010.07.05 04:57:14.282,1.05955,1.05975,1.60,2.40
2010.07.05 04:57:26.502,1.05955,1.05975,1.60,1.60
2010.07.05 04:57:28.013,1.05955,1.05975,1.60,2.40
2010.07.05 04:57:28.573,1.05955,1.05975,1.60,2.50
2010.07.05 04:57:38.311,1.05955,1.05975,1.60,2.40
2010.07.05 04:57:58.214,1.0595,1.05975,1.60,2.40
2010.07.05 04:58:23.485,1.0595,1.05975,1.60,2.80
2010.07.05 04:58:23.667,1.0595,1.05975,1.60,2.70
2010.07.05 04:58:23.849,1.0595,1.0597,1.60,1.00
2010.07.05 04:58:27.851,1.0595,1.0597,1.60,1.00
2010.07.05 04:58:28.102,1.0595,1.05975,1.60,2.70
2010.07.05 04:58:33.538,1.0595,1.05975,1.60,2.40
2010.07.05 04:58:41.358,1.0595,1.05975,1.60,1.00
2010.07.05 04:58:53.132,1.05955,1.05975,1.60,2.40
2010.07.05 04:58:53.474,1.05955,1.05975,1.60,1.60
2010.07.05 04:58:53.700,1.0595,1.05975,3.20,4.00
2010.07.05 04:58:53.788,1.0595,1.05975,2.40,4.00
2010.07.05 04:58:53.952,1.0595,1.05975,1.60,4.00
2010.07.05 04:59:10.932,1.0595,1.05975,1.60,4.20
2010.07.05 04:59:21.232,1.0595,1.05975,1.60,4.00
2010.07.05 04:59:27.642,1.0595,1.05975,4.00,4.00
2010.07.05 04:59:27.712,1.05955,1.05975,2.40,1.60
2010.07.05 04:59:27.772,1.0596,1.05975,1.00,1.60
2010.07.05 04:59:27.903,1.0596,1.05975,1.00,3.20
2010.07.05 04:59:27.975,1.0596,1.05975,1.00,1.60
2010.07.05 04:59:28.103,1.0596,1.05985,1.00,3.10
2010.07.05 04:59:28.173,1.0597,1.05985,1.60,1.90
2010.07.05 04:59:28.305,1.0597,1.05985,1.60,1.00
2010.07.05 04:59:30.145,1.0595,1.0598,3.20,1.00
2010.07.05 04:59:30.424,1.0596,1.05975,1.60,1.00
2010.07.05 04:59:30.706,1.05955,1.05975,1.00,1.00
2010.07.05 04:59:30.902,1.0595,1.05975,1.60,1.00
2010.07.05 04:59:36.942,1.0595,1.05975,1.60,1.00
2010.07.05 04:59:37.235,1.05945,1.0597,1.60,1.60
2010.07.05 04:59:37.313,1.0595,1.0597,1.60,1.60
2010.07.05 04:59:37.393,1.0595,1.05965,1.60,1.00
2010.07.05 04:59:37.542,1.05945,1.0597,3.20,1.60
2010.07.05 04:59:37.692,1.05945,1.0597,1.60,1.60
2010.07.05 04:59:42.843,1.05945,1.0597,1.60,1.20
2010.07.05 04:59:43.002,1.0595,1.0597,1.60,1.00
2010.07.05 04:59:43.163,1.0595,1.05975,1.60,1.10
2010.07.05 04:59:48.344,1.05955,1.05975,1.60,1.00
2010.07.05 04:59:48.925,1.05955,1.05975,1.60,1.30
2010.07.05 04:59:49.123,1.05955,1.05975,1.60,2.90
2010.07.05 04:59:53.071,1.05955,1.05975,1.60,2.10
2010.07.05 04:59:58.672,1.05955,1.05975,1.60,1.60
2010.07.05 04:59:59.948,1.05955,1.05975,1.60,2.00
